2768 4134
76 2969 85 2979 ·
99 2967 169 2990 Num.
181 2973 197 2989 ι.

79 3284 88 3293 ·
103 3282 139 3305 ef.
155 3289 219 3305 num.
229 3290 245 3305 ι.

323 390 397 420 licet
420 387 527 417 virtuti
551 383 785 424 supernaturali
807 391 876 412 non
901 386 1051 422 oporteat
1079 389 1149 410 esse
1176 379 1333 416 medium,
1357 385 1394 410 ut

323 431 562 464 declaravimus.
588 428 665 459 Ideo
689 428 770 458 ratio
794 426 902 457 Sancti
926 425 1075 455 Thomae
1096 425 1140 455 ita
1163 424 1203 455 de
1226 424 1393 455 intellectu

322 477 421 517 ipsius
445 474 592 515 procedit
614 473 697 503 sicut
721 471 760 502 de
784 471 950 502 intellectu
973 470 1131 500 humano.

381 530 410 551 2.
435 519 486 550 Ad
509 516 689 549 secundum
713 516 829 547 dicitur
852 515 969 555 primo,
986 513 1077 554 quod
1098 513 1263 553 tripliciter
1285 517 1394 555 potest

320 565 455 604 intelligi
479 572 548 594 esse
571 561 775 602 imaginabile
804 569 873 591 esse
903 568 961 599 per
990 568 1024 589 se
1054 557 1201 588 medium
1234 567 1273 588 ex
1303 562 1393 598 parte

321 609 439 640 obiecti
462 609 495 638 in
519 616 567 637 se:
585 612 641 637 aut
663 605 785 636 scilicet
807 610 844 635 ut
867 604 1034 634 obiectum
1050 602 1272 633 consideratur
1295 603 1329 632 in
1345 611 1393 632 ra-

320 654 410 684 tione
433 652 562 683 termini
586 650 799 691 cognitionis;
827 654 882 679 aut
905 653 942 678 ut
965 647 1186 678 consideratur
1209 647 1243 677 in
1269 646 1393 677 ratione

320 697 448 728 termini
472 696 607 727 actionis
630 693 852 735 praecedentis
876 693 1108 733 cognitionem,
1135 700 1194 732 per
1224 701 1323 732 quam
1347 691 1393 721 vi-

321 742 436 773 delicet
459 741 582 782 species
605 738 812 779 intelligibilis
842 737 1049 778 producitur;
1077 741 1133 766 aut
1160 741 1197 766 ut
1226 736 1393 767 obiectum

321 785 541 818 consideratur
562 784 596 815 in
619 784 744 815 ratione
767 783 883 814 motivi
906 781 946 813 ad
968 782 1018 812 sui
1042 781 1276 821 cognitionem.

375 831 484 861 Primo
500 829 613 866 modo,
629 838 742 859 sensus
758 833 805 858 est
824 826 915 867 quod
931 832 1043 857 natura
1059 825 1216 856 sensibilis
1232 834 1300 856 non
1318 830 1393 865 pot-

320 880 367 906 est
389 874 560 906 terminare
583 873 837 904 intellectionem
861 871 995 902 alicuius
1026 870 1254 910 cognoscentis
1277 878 1393 900 secun-

320 919 399 950 dum
423 928 492 950 esse
510 918 720 958 intelligibile,
736 917 797 947 nisi
812 917 902 957 prius
917 915 1068 946 terminet
1083 915 1154 945 eius
1170 914 1392 955 cognitionem

318 963 559 1004 imaginativam
574 961 754 993 secundum
771 970 840 992 esse
856 959 1070 1000 imaginabile.
1086 978 1109 982 -
1122 959 1168 997 ,Et
1181 964 1260 990 tunc
1277 958 1394 989 dicitur

320 1008 411 1050 quod
433 1017 501 1039 non
526 1013 573 1038 est
598 1006 744 1037 medium
773 1015 832 1046 per
859 1014 893 1036 se
923 1009 1076 1045 ex³parte
1099 1004 1218 1035 obiecti
1248 1004 1393 1044 praecise

320 1059 352 1084 et
375 1053 534 1084 absolute:
552 1052 638 1092 quia,
654 1051 680 1081 si
703 1051 748 1081 sic
764 1055 857 1086 esset,
873 1058 982 1090 neque
1007 1049 1106 1086 Deus,
1130 1054 1167 1079 ut
1189 1049 1392 1089 arguebatur,

319 1106 427 1138 neque
450 1096 625 1127 substantia
648 1100 792 1135 separata
815 1099 926 1135 posset
949 1093 1023 1125 ferri
1046 1094 1079 1124 in
1099 1103 1169 1124 esse
1191 1092 1393 1133 intelligibile

319 1147 452 1173 naturae
475 1140 633 1171 sensibilis
656 1140 718 1170 nisi
740 1140 830 1180 prius
852 1140 958 1179 ipsam
981 1139 1220 1178 imaginaretur.

373 1185 525 1217 Secundo
549 1184 661 1221 modo,
678 1193 790 1215 sensus
807 1189 854 1214 est
870 1183 961 1224 quod
977 1183 1143 1214 obiectum
1159 1182 1308 1213 sensibile
1324 1191 1392 1212 non

317 1235 426 1271 potest
449 1230 596 1270 accipere
618 1230 652 1259 in
667 1229 834 1260 intellectu
850 1228 986 1259 alicuius
1005 1237 1075 1259 esse
1099 1227 1310 1268 intelligibile,
1331 1227 1393 1257 nisi

317 1275 406 1315 prius
429 1275 462 1304 in
485 1275 558 1315 ipso
582 1278 801 1314 cognoscente
825 1273 962 1313 accipiat
984 1282 1053 1303 esse
1069 1272 1290 1313 imaginabile:
1314 1272 1392 1308 sive,

318 1319 408 1360 quod
431 1319 518 1350 idem
542 1324 599 1355 est,
623 1328 692 1349 non
715 1323 823 1359 potest
846 1318 969 1348 causari
984 1318 1108 1358 species
1123 1316 1331 1357 intelligibilis
1347 1317 1393 1347 rei

318 1364 475 1395 sensibilis
491 1364 525 1394 in
548 1363 726 1400 intellectu,
742 1363 803 1393 nisi
819 1363 909 1403 prius
924 1363 959 1393 in
974 1363 1142 1403 phantasia
1158 1366 1214 1392 aut
1229 1362 1263 1392 in
1279 1361 1392 1402 imagi—

318 1409 450 1439 natione
473 1407 680 1448 intelligentis
697 1412 846 1438 causetur
861 1407 1062 1448 phantasma.
1079 1425 1103 1429 —
1118 1406 1159 1438 Et
1179 1413 1259 1437 tunc
1276 1406 1394 1437 dicitur

319 1452 410 1494 quod
433 1462 502 1484 esse
524 1452 729 1493 imaginabile
752 1461 821 1483 non
845 1457 893 1482 est
914 1451 1061 1482 medium
1093 1461 1152 1492 per
1178 1461 1212 1482 se
1240 1460 1278 1482 ex
1303 1456 1393 1491 parte

319 1498 437 1528 obiecti
461 1497 642 1528 secundum
665 1506 699 1527 se
729 1502 762 1527 et
789 1497 936 1527 absolute
965 1495 1170 1533 considerati,
1203 1505 1279 1527 cum
1302 1495 1392 1526 Deus

319 1543 442 1583 species
466 1541 682 1582 intelligibiles
705 1550 813 1572 rerum
837 1541 1038 1572 sensibilium
1057 1541 1222 1572 mentibus
1240 1540 1393 1581 angelicis

319 1587 548 1623 concreaverit,
559 1587 593 1617 in
605 1586 723 1627 quibus
735 1586 959 1626 phantasmata
970 1595 1039 1616 non
1051 1586 1176 1626 posuit:
1189 1585 1246 1616 sed
1258 1586 1341 1616 bene
1355 1594 1393 1616 ex

318 1636 408 1672 parte
424 1632 543 1662 obiecti
559 1637 596 1662 ut
607 1631 724 1671 accipit
742 1630 816 1661 talia
836 1639 905 1661 esse
922 1639 980 1671 per
998 1631 1162 1661 actionem
1181 1629 1393 1660 abstrahentis

318 1682 466 1707 naturam
479 1686 496 1706 a
508 1676 651 1711 materia,
665 1679 696 1705 et
708 1675 894 1715 accipientis
909 1675 1133 1716 cognitionem
1146 1684 1164 1705 a
1179 1674 1393 1705 sensibilibus.

318 1721 395 1751 Non
418 1725 525 1761 potest
549 1721 636 1750 enim
659 1725 773 1750 natura
795 1719 978 1756 materialis,
999 1724 1132 1750 naturae
1149 1719 1262 1750 ordine
1286 1719 1394 1749 consi-

320 1765 441 1801 derato,
465 1765 582 1795 virtute
606 1764 793 1804 accipientis
817 1764 1039 1804 cognitionem
1065 1773 1083 1794 e
1106 1764 1321 1801 sensibilibus,
1337 1772 1395 1803 per

320 1810 567 1840 abstractionem
592 1819 610 1839 a
633 1808 847 1848 singularibus
871 1809 1008 1839 omnino
1032 1818 1051 1839 a
1072 1809 1206 1839 materia
1231 1814 1262 1839 et
1285 1818 1303 1838 a
1325 1817 1394 1838 ma-

319 1854 482 1885 terialibus
505 1853 748 1885 conditionibus
777 1852 936 1893 deputari,
968 1853 1029 1883 nisi
1060 1854 1149 1893 prius
1173 1853 1349 1893 depuretur
1376 1862 1394 1882 a

319 1898 452 1929 materia
475 1899 597 1938 absque
621 1897 834 1937 deputatione
858 1907 876 1927 a
898 1897 1116 1928 materialibus
1140 1897 1394 1933 conditionibus,

320 1943 410 1984 quod
434 1941 470 1972 fit
492 1941 674 1972 secundum
698 1951 767 1971 esse
790 1941 1006 1981 imaginabile.

374 1987 487 2017 Tertio
509 1985 622 2022 modo,
639 1995 752 2016 sensus
776 1990 823 2016 est
846 1984 937 2025 quod
953 1986 1119 2015 obiectum
1136 1985 1257 2015 habens
1274 1994 1343 2016 esse
1358 1986 1392 2016 in

318 2032 459 2067 materia,
475 2039 544 2061 non
559 2035 668 2070 potest
682 2038 815 2060 movere
829 2029 1031 2060 intellectum
1047 2029 1087 2060 ad
1103 2030 1153 2060 sui
1169 2030 1392 2070 cognitionem

318 2075 481 2107 causando
505 2075 538 2105 in
561 2075 634 2114 ipso
656 2074 799 2115 speciem
822 2074 1057 2114 intelligibilem
1080 2075 1141 2111 sui,
1165 2075 1227 2104 nisi
1254 2083 1392 2106 concur—

316 2126 407 2152 rente
429 2120 652 2161 phantasmate
676 2119 716 2149 ab
738 2119 812 2159 ipso
835 2125 966 2149 causato
991 2119 1024 2150 in
1047 2119 1290 2159 imaginatione.
1310 2137 1334 2142 —
1352 2119 1393 2150 Et

317 2172 395 2196 tunc
418 2173 488 2195 esse
511 2163 714 2204 imaginabile
739 2169 787 2194 est
809 2163 954 2194 medium
979 2173 1036 2204 per
1051 2173 1085 2194 se
1102 2173 1140 2194 ex
1163 2169 1254 2204 parte
1273 2165 1392 2195 obiecti

317 2210 464 2241 absolute
487 2208 622 2249 accepti.

373 2255 442 2285 Istis
458 2253 587 2284 duobus
602 2252 708 2284 modis
723 2252 846 2283 ultimis
862 2252 1038 2283 dicendum
1055 2258 1102 2283 est
1118 2253 1209 2293 quod
1225 2262 1295 2284 esse
1311 2253 1391 2284 ima-

317 2298 457 2339 ginabile
480 2303 528 2328 est
550 2297 696 2328 medium
726 2306 783 2338 per
813 2306 847 2328 se
877 2298 989 2338 aliquo
1012 2297 1125 2335 modo,
1149 2303 1186 2328 ut
1214 2298 1328 2339 patuit,
1353 2308 1390 2329 ex

317 2349 407 2384 parte
431 2342 566 2373 obiecti:
591 2351 659 2373 non
683 2347 792 2373 autern
816 2342 923 2382 primo
939 2341 1053 2379 modo,
1070 2342 1110 2373 de
1134 2351 1203 2382 quo
1219 2351 1391 2383 argumen-

317 2394 388 2418 tum
411 2386 616 2427 procedebat.

376 2432 405 2462 3.
430 2431 556 2463 Dicitur
578 2430 734 2467 secundo,
751 2430 842 2471 quod
863 2437 911 2461 est
935 2432 1031 2462 etiam
1046 2431 1193 2463 medium
1218 2441 1276 2472 per
1298 2441 1333 2462 se
1352 2441 1390 2463 ex

317 2482 407 2517 parte
430 2476 594 2517 potentiae
618 2481 741 2506 creatae
765 2475 954 2506 deducentis
970 2482 1117 2507 naturam
1134 2477 1173 2507 ab
1197 2485 1266 2508 esse
1289 2482 1391 2508 mate-

318 2521 386 2551 riali
402 2520 442 2551 ad
458 2529 526 2551 esse
542 2520 755 2560 intelligibile:
773 2529 860 2557 cum,
877 2526 912 2551 ut
935 2522 1039 2561 patuit
1062 2522 1095 2552 in
1118 2522 1332 2562 responsione
1350 2522 1393 2553 ad

317 2566 469 2606 primum,
486 2565 613 2595 nullum
637 2573 839 2605 cognoscens
862 2570 1005 2596 creatum
1021 2567 1124 2606 possit
1139 2566 1316 2607 perducere
1332 2576 1390 2608 per

318 2610 566 2640 abstractionem
589 2615 736 2640 naturam
761 2610 800 2639 ab
824 2619 893 2640 esse
916 2611 1071 2641 materiali
1104 2617 1135 2641 et
1166 2611 1319 2652 singulari
1349 2611 1389 2643 ad

317 2664 386 2685 esse
409 2653 618 2694 intelligibile,
642 2654 703 2684 nisi
726 2655 816 2695 prius
840 2654 996 2695 perducat
1019 2655 1059 2686 ad
1083 2665 1153 2686 esse
1170 2657 1388 2697 imaginabile.

371 2708 402 2737 4.
427 2699 552 2729 Dicitur
574 2699 679 2735 tertio,
704 2698 794 2739 quod
818 2707 886 2729 esse
909 2700 1116 2740 imaginabile
1140 2706 1172 2731 et
1195 2710 1265 2732 esse
1288 2702 1389 2732 sensi-

316 2743 379 2774 bile
395 2744 428 2773 in
444 2744 575 2774 materia
591 2753 658 2774 non
674 2749 811 2784 possunt
823 2744 940 2775 habere
956 2745 1116 2776 rationem
1130 2746 1227 2776 unius
1243 2746 1388 2783 extremi,

316 2794 371 2818 aut
394 2787 535 2818 duorum
559 2794 778 2819 extremorum
802 2797 840 2818 ex
864 2788 977 2820 eadem
994 2795 1097 2830 parte:
1122 2799 1199 2821 cum
1223 2800 1293 2821 esse
1309 2792 1388 2822 ima-

316 2832 454 2872 ginabile
471 2832 510 2863 sit
525 2833 686 2873 posterius
702 2841 771 2863 esse
787 2834 943 2864 materiali
957 2834 1152 2872 extrinseco;
1170 2841 1202 2866 et
1217 2836 1257 2866 sit
1277 2835 1388 2877 aliquo

316 2876 416 2907 modo
440 2877 540 2917 ipsius
562 2877 709 2914 effectus;
726 2878 961 2919 participetque
986 2879 1108 2919 aliquid
1134 2878 1175 2911 de
1199 2880 1389 2912 conditione

316 2930 385 2952 esse
408 2921 580 2952 materialis
603 2927 635 2952 et
658 2921 780 2962 aliquid
805 2922 845 2953 de
869 2922 1060 2954 conditione
1077 2932 1146 2955 esse
1170 2925 1388 2966 intelligibilis,

316 2971 351 2996 ut
366 2967 514 3006 superius
526 2967 543 2983 ⁴'
558 2967 672 3007 patuit,
690 2972 721 2998 et
736 2967 782 2998 sic
798 2968 838 2998 sit
854 2968 1073 3009 propinquius
1094 2969 1226 3000 cuilibet
1242 2977 1387 3002 extremo

316 3019 413 3050 quam
438 3020 541 3042 unum
565 3016 746 3042 extremum
770 3012 870 3043 alteri.
901 3012 994 3044 Licet
1024 3013 1111 3044 enim
1142 3020 1320 3055 utrumque
1348 3016 1388 3046 sit

316 3063 383 3085 esse
407 3055 556 3086 sensibile
579 3056 689 3096 aliquo
718 3056 821 3087 modo
845 3057 1025 3088 secundum
1051 3058 1214 3098 quandam
1239 3069 1387 3091 commu-

315 3108 390 3129 nem
414 3100 583 3137 tationem,
607 3105 715 3132 tamen
740 3110 808 3132 esse
831 3102 1037 3142 imaginabile
1060 3111 1128 3133 non
1145 3109 1192 3134 est
1215 3104 1295 3135 illud
1319 3113 1388 3136 esse

316 3144 464 3175 sensibile
488 3144 579 3184 quod
603 3150 649 3175 est
673 3150 805 3176 naturae
829 3147 862 3176 in
886 3147 1019 3178 materia
1043 3153 1129 3178 extra
1158 3149 1298 3179 animam
1323 3150 1388 3180 exi-

316 3188 436 3224 stentis,
461 3188 518 3219 sed
541 3190 716 3230 superioris
739 3196 786 3221 est
809 3190 943 3230 gradus:
969 3192 1045 3232 quia
1068 3191 1149 3222 illud
1173 3199 1220 3223 est
1250 3195 1388 3225 omnino

316 3232 488 3270 materiale,
511 3233 597 3264 istud
623 3243 698 3265 vero
723 3240 770 3265 est
793 3235 904 3276 aliquo
928 3235 1031 3267 modo
1054 3236 1275 3268 immateriale.

371 3276 409 3307 V.
435 3276 583 3308 Secundo
598 3279 625 3308 ⁵.
649 3278 758 3309 Virtus
781 3280 975 3311 intellectiva
1001 3281 1197 3312 substantiae
1224 3289 1388 3323 separatae

317 3325 363 3351 est
386 3321 479 3352 altior
495 3330 594 3362 quam
613 3323 712 3353 virtus
736 3324 930 3355 intellectiva
954 3325 1080 3357 animae
1103 3325 1276 3358 humanae.
1301 3327 1388 3369 Ergo

316 3365 411 3396 habet
427 3366 520 3397 altius
536 3367 701 3398 obiectum
725 3377 823 3408 quam
840 3378 889 3400 res
905 3369 1065 3400 sensibilis
1085 3375 1172 3401 extra
1188 3371 1389 3404 intellectum

316 3410 462 3447 existens,
487 3416 519 3441 et
542 3420 640 3452 quam
664 3412 863 3452 phantasma.
888 3413 975 3455 Ergo
998 3414 1096 3445 habet
1118 3423 1179 3455 pro
1203 3415 1333 3447 obiecto
1357 3417 1389 3448 id

316 3453 405 3493 quod
421 3460 468 3485 est
491 3455 689 3496 intelligibile
705 3462 789 3488 actu.
813 3457 900 3498 Ergo
916 3467 985 3489 non
1001 3459 1117 3500 accipit
1133 3460 1354 3500 cognitionem
1372 3472 1389 3492 a

317 3498 526 3530 sensibilibus.
543 3517 564 3523 -
581 3500 737 3532 Probatur
760 3502 863 3542 prima
883 3504 1127 3543 consequentia.
1155 3503 1242 3543 Quia
1268 3505 1389 3537 altioris

318 3541 439 3573 virtutis
455 3549 585 3583 oportet
601 3554 670 3576 esse
686 3546 780 3576 altius
792 3547 968 3578 obiectum.
983 3547 1158 3579 Obiectum
1171 3554 1280 3580 autem
1296 3550 1389 3581 intel·
1415 3541 1418 3577 l

316 3585 418 3616 lectus
440 3587 573 3619 humani
597 3595 643 3620 est
666 3590 867 3630 phantasma:
885 3591 977 3632 quod
992 3598 1040 3623 est
1060 3593 1208 3633 superius
1223 3594 1256 3624 in
1276 3594 1389 3626 ordine

319 3629 519 3663 obiectorum
543 3642 641 3673 quam
666 3643 715 3664 res
738 3636 895 3666 sensibilis
919 3637 1057 3668 existens
1081 3642 1168 3668 extra
1192 3638 1343 3670 animam.
1367 3657 1388 3663 —

792 304 979 342 SUMMA
1009 301 1231 339 CONTRA
1260 298 1536 344 GENTILES,
1565 298 1659 334 LIB.
1681 298 1723 342 ΙΙ,
1754 297 1865 334 CAP.
1888 297 2023 334 XCVI.

1446 377 1671 417 phantasmate
1701 376 1736 406 in
1766 383 1886 415 genere
1917 374 2124 405 obiectorum
2155 376 2429 416 cognoscibilium
2463 377 2526 408 nisi

1447 421 1538 461 quod
1562 426 1610 451 est
1633 425 1709 450 actu
1731 419 1944 459 intelligibile.

1504 475 1533 496 2.
1551 464 1647 496 Circa
1669 465 1763 495 istam
1787 463 2060 504 propositionem,
2084 463 2283 494 Phantasma
2306 470 2355 495 est
2375 467 2527 506 superius

1447 511 1480 540 in
1505 510 1623 540 ordine
1646 509 1847 540 obiectorum
1870 517 1969 549 quam
1993 517 2046 539 res
2071 508 2234 539 sensibilis
2263 509 2407 541 existens
2429 516 2526 542 extra

1447 555 1603 590 animam,
1627 553 1862 584 advertendum
1885 553 1977 594 quod
2000 562 2069 584 non
2091 553 2200 594 inquit
2223 552 2360 584 Sanctus
2381 554 2526 587 Thomas

1446 600 1638 640 phantasma
1661 607 1730 629 esse
1754 598 1902 629 absolute
1925 598 2075 639 superius
2098 599 2194 629 rebus
2221 598 2438 636 sensibilibus,
2461 601 2526 631 hoc

1447 645 1534 675 enim
1552 649 1635 675 esset
1649 643 1777 680 falsum,
1794 652 1872 674 cum
1886 643 2079 684 phantasma
2095 644 2135 674 sit
2150 642 2300 674 accidens
2318 652 2526 685 corporeum,

1446 694 1560 720 natura
1584 694 1694 720 autem
1718 688 1877 718 sensibilis
1907 688 1948 718 sit
1977 697 2138 729 corporea
2167 688 2359 719 substantia:
2384 689 2441 720 sed
2471 689 2527 721 ad-

1447 733 1537 770 didit,
1555 734 1588 764 in
1613 733 1731 764 ordine
1754 733 1965 769 obiectorum,
1989 732 2113 771 scilicet
2135 733 2420 774 cognoscibilium.
2439 734 2527 773 Quia

1447 784 1572 820 quanto
1597 779 1764 809 obiectum
1795 777 2018 818 cognoscibile
2048 778 2151 818 magis
2180 777 2303 809 recedit
2333 789 2351 810 a
2381 780 2526 817 materia,

1447 829 1537 854 tanto
1563 828 1610 854 est
1634 823 1728 853 altius
1752 822 1931 859 obiectum,
1951 827 1989 853 ut
2010 822 2072 853 sic:
2098 831 2175 853 cum
2197 824 2464 865 unumquodque
2487 825 2527 855 sit

1445 877 1504 909 per
1519 867 1694 908 aliqualem
1711 867 1962 898 abstractionem
1978 876 1996 897 a
2010 867 2146 897 materia
2164 868 2396 907 cognoscibile.
2420 869 2527 900 Phan-

1445 919 1548 943 tasma
1572 918 1682 943 autem
1705 911 1808 952 magis
1830 911 1952 942 recedit
1975 921 1993 942 a
2016 912 2150 942 materia
2164 920 2266 952 quam
2289 918 2404 944 natura
2425 914 2527 945 sensi-

1447 958 1519 988 bilis
1542 958 1682 988 existens
1705 962 1793 988 extra
1809 957 1962 987 animam.
1979 956 2175 987 Phantasma
2190 957 2279 987 enim
2302 963 2352 988 est
2371 959 2443 989 sine
2457 968 2527 990 ma-

1445 1003 1526 1034 teria
1549 1007 1585 1033 ut
1608 1002 1799 1043 phantasma
1815 1007 1873 1038 est,
1893 1001 1960 1032 hoc
1983 1006 2041 1038 est,
2063 1002 2261 1042 inquantum
2278 1007 2326 1033 est
2347 1003 2527 1035 similitudo

1446 1048 1493 1078 rei
1516 1052 1604 1078 extra
1627 1047 1770 1078 animam
1794 1047 1974 1077 existentis:
1999 1047 2077 1086 quia
2094 1055 2164 1077 non
2187 1047 2286 1078 habet
2308 1056 2379 1078 esse
2400 1047 2436 1078 in
2458 1057 2527 1079 ma-

1445 1092 1525 1124 teria
1541 1091 1679 1123 naturali
1702 1091 1788 1122 illius
1811 1090 1947 1128 formae,
1963 1090 2039 1122 licet
2062 1091 2103 1122 sit
2125 1092 2342 1123 coniunctum
2363 1092 2528 1124 conditio·

1445 1137 1542 1168 nibus
1565 1136 1795 1173 materialibus,
1814 1145 1900 1177 quae
1915 1141 1992 1168 sunt
2007 1135 2235 1168 determinatio
2250 1136 2291 1168 ad
2310 1137 2365 1168 hic
2378 1142 2412 1168 et
2426 1147 2526 1175 nunc,

1447 1187 1479 1213 et
1501 1181 1628 1212 similia.
1653 1181 1717 1212 Res
1741 1186 1850 1212 autem
1875 1181 2035 1212 sensibilis
2059 1186 2147 1212 extra
2170 1182 2313 1213 animam
2335 1181 2435 1213 habet
2455 1191 2527 1214 esse

1445 1227 1479 1257 in
1503 1226 1646 1263 materia,
1671 1231 1703 1257 et
1725 1225 1946 1256 materialibus
1965 1225 2210 1257 conditionibus
2225 1232 2274 1258 est
2287 1226 2389 1264 unita,
2405 1232 2443 1258 ut
2456 1237 2527 1259 sae·

1446 1280 1629 1313 penumero
1653 1270 1804 1302 diximus.

1503 1316 1533 1347 3.
1559 1315 1654 1347 Circa
1677 1315 1930 1347 fundamentum
1953 1321 1986 1346 et
2009 1314 2186 1346 efficaciam
2209 1315 2353 1352 rationis,
2377 1315 2528 1348 conside-

1444 1360 1585 1391 randum
1609 1366 1657 1391 est
1681 1359 1783 1402 quod,
1807 1361 1834 1391 si
1857 1360 2042 1392 intellectus
2064 1359 2162 1390 habet
2189 1361 2315 1391 moveri
2346 1361 2386 1391 ab
2414 1361 2527 1402 aliquo

1446 1406 1578 1436 obiecto
1603 1412 1636 1436 et
1658 1406 1699 1436 ab
1721 1407 1796 1446 ipso
1814 1405 2038 1446 cognitionem
2055 1405 2214 1445 accipere,
2230 1410 2363 1446 oportet
2385 1411 2423 1437 ut
2445 1405 2527 1439 illud

1445 1451 1486 1481 sit
1510 1451 1677 1482 obiectum
1710 1450 1891 1481 intellectui
1921 1449 2134 1481 connaturale
2164 1455 2197 1480 et
2222 1450 2526 1490 proportionatum:

1446 1496 1523 1536 quia
1547 1495 1714 1526 obiectum
1738 1494 1827 1526 aliud
1842 1504 1911 1526 non
1926 1495 2025 1526 habet
2039 1503 2175 1526 movere
2198 1503 2237 1525 ex
2255 1503 2290 1526 se
2313 1495 2528 1533 intellectum,

1446 1540 1522 1571 licet
1546 1539 1688 1571 fortassis
1712 1549 1790 1571 cum
1813 1541 1945 1571 obiecto
1972 1540 2225 1580 proportionato
2251 1548 2387 1571 movere
2412 1540 2526 1581 pom't.

1447 1584 1604 1616 Videmus
1628 1585 1717 1615 enim
1741 1584 1842 1625 quod,
1861 1585 1938 1616 licet
1960 1584 2145 1615 intellectus
2161 1589 2274 1615 noster
2296 1584 2408 1626 aliquo
2423 1584 2527 1616 moth

1446 1630 1639 1660 substantias
1662 1635 1824 1670 separatas
1839 1634 2028 1670 cognoscat,
2051 1638 2120 1660 non
2143 1635 2255 1660 tamen
2269 1629 2311 1660 ab
2332 1629 2396 1660 illis
2415 1629 2529 1672 cogni·—

1446 1675 1573 1705 tionem
1585 1679 1617 1704 et
1629 1674 1754 1714 species
1765 1673 1982 1714 intelligibiles
2001 1674 2129 1714 accipit,
2141 1674 2220 1714 quia
2230 1683 2300 1704 non
2312 1680 2389 1705 sunt
2398 1674 2528 1706 obiecta

1446 1718 1628 1749 intellectui
1651 1724 1766 1749 nostro
1789 1718 2055 1759 proportionata:
2073 1717 2130 1749 sed
2153 1727 2172 1748 a
2195 1718 2432 1758 quidditatibus
2452 1728 2529 1751 seu-

1447 1763 1603 1799 sibilibus,
1628 1771 1714 1803 quae
1737 1769 1814 1794 sunt
1829 1763 1956 1794 obiecta
1971 1763 2033 1793 sibi
2055 1763 2314 1804 proportionata,
2338 1764 2456 1804 accipit
2471 1773 2529 1795 co·-

1447 1808 1629 1848 gnitione‘m
1653 1813 1686 1838 et
1707 1808 1834 1848 species
1848 1807 2076 1848 intelligibiles.
2093 1808 2127 1839 Si
2150 1817 2228 1848 ergo
2251 1808 2438 1840 intellectus
2450 1809 2528 1840 sui>-

1447 1852 1583 1883 stantiae
1613 1857 1780 1892 separatae
1813 1862 1832 1882 a
1861 1852 2068 1884 sensibilibus
2098 1852 2324 1893 cognitionem
2355 1854 2527 1895 acciperet,

1448 1901 1613 1937 oporteret
1635 1901 1673 1927 ut
1699 1897 1754 1927 illa
1777 1902 1886 1927 essent
1915 1897 2043 1928 obiecta
2072 1897 2133 1927 sibi
2163 1898 2422 1938 proportionata.
2452 1897 2528 1930 Hoc

1447 1946 1558 1971 autem
1581 1939 1700 1971 falsum
1716 1945 1778 1971 est:
1804 1939 1891 1981 quia,
1908 1950 1985 1971 curn
2001 1941 2125 1972 altioris
2139 1940 2259 1982 gradus
2281 1942 2323 1973 sit
2343 1942 2528 1975 insensetus

1446 1985 1481 2015 in
1503 1985 1582 2025 ipsis
1606 1993 1706 2025 quam
1729 1990 1842 2016 noster
1867 1985 2062 2022 intellectus,
2086 1985 2207 2026 illaque
2229 1991 2287 2017 aut
2304 1986 2529 2028 phantasmata

1447 2030 1510 2060 sint
1534 2030 1662 2060 obiecta
1685 2030 1935 2070 proportionata
1964 2030 2145 2061 intellectui
2174 2036 2300 2068 nostro,
2330 2038 2464 2073 oportet
2484 2039 2528 2065 »ut

1446 2074 1630 2110 intellectus
1645 2075 1783 2115 separati
1798 2075 1839 2105 sit
1853 2074 1978 2115 aliquid
1993 2075 2088 2106 altius
2099 2081 2257 2116 tanquam
2268 2077 2529 2119 obiectumrpm-

1446 2119 1682 2160 portionatum.
1708 2118 1786 2150 Ideo
1803 2128 1872 2150 non
1896 2125 1945 2151 est
1967 2118 2145 2151 dicendum
2164 2121 2256 2162 quod
2278 2131 2297 2152 a
2320 2122 2528 2155 sensibilibus

1447 2164 1672 2205 cognitionem
1688 2163 1859 2205 accipiant,
1874 2164 1933 2196 sed
1948 2164 2040 2206 quod
2055 2165 2267 2206 intelligibilia
2282 2166 2317 2197 in
2328 2173 2403 2199 actu
2418 2168 2527 2209 primo

1447 2214 1659 2250 cognoscant.
1684 2208 1726 2239 Et
1749 2210 1783 2240 in
1806 2209 1871 2240 hoc
1895 2209 2044 2242 consistit
2065 2209 2210 2242 efficacia
2232 2211 2376 2248 rationis.

1503 2263 1534 2293 4.
1559 2253 1607 2284 Ex
1631 2254 1670 2284 iis
1693 2258 1783 2294 patet
1805 2253 1953 2286 defectus
1973 2255 2107 2286 rationis
2130 2254 2230 2292 Scoti,
2246 2255 2323 2287 loco
2346 2256 2487 2298 allegato
2498 2258 2527 2296 0,

1447 2307 1511 2339 qua
1537 2298 1606 2329 vult
1628 2299 1766 2339 probare
1790 2298 1993 2341 intelligibile
2015 2300 2050 2330 in
2073 2305 2148 2331 actu
2172 2309 2240 2331 non
2265 2309 2336 2332 esse
2358 2301 2527 2334 obiectum

1445 2343 1630 2374 intellectus
1653 2344 1801 2384 separati,
1826 2344 1903 2385 quia
1927 2345 2095 2376 obiectum
2119 2344 2339 2386 adaequatum
2367 2346 2455 2378 illius
2476 2348 2527 2379 in-

1445 2387 1593 2419 tellectus
1609 2397 1677 2419 non
1694 2393 1743 2419 est
1757 2397 1823 2419 una
1837 2394 1953 2420 natura
1968 2390 2199 2428 immaterialis,
2215 2389 2272 2421 sed
2288 2391 2424 2432 aliquod
2438 2401 2527 2423 con-
2541 2409 2547 2415 ·

1445 2442 1542 2464 mune
1564 2433 1743 2464 secundum
1767 2433 2050 2474 praedicationem
2073 2434 2163 2476 quod
2188 2439 2221 2466 et
2244 2435 2470 2468 materialibus
2495 2443 2528 2469 et

1445 2478 1718 2509 immaterialibus
1739 2483 1788 2509 est
1809 2488 1991 2510 commune.

1501 2523 1628 2554 Dicitur
1650 2523 1738 2554 enim
1762 2523 1853 2564 quod
1876 2533 1945 2555 non
1975 2523 2122 2564 loquitur
2151 2522 2289 2555 Sanetus
2315 2524 2462 2557 Thomas
2485 2525 2526 2558 de

1444 2567 1576 2598 obiecto
1599 2567 1793 2608 adaequato,
1817 2567 1875 2599 sed
1893 2567 1934 2600 de
1957 2568 2090 2599 obiecto
2105 2569 2309 2600 connaturali
2333 2575 2366 2600 et
2386 2575 2526 2612 propot-

1443 2613 1580 2649 tionato,
1597 2623 1615 2643 a
1631 2622 1700 2653 quo
1722 2618 1819 2644 natus
1842 2619 1925 2644 esset
1948 2614 2074 2644 moveri
2099 2612 2284 2644 intellectus
2309 2620 2477 2655 separatus
2495 2616 2526 2647 si

1443 2658 1484 2688 ab
1507 2658 1639 2688 obiecto
1662 2657 1795 2688 haberet
1818 2658 1953 2689 moveri.
1977 2657 2071 2689 Sicut
2093 2658 2182 2689 enim
2205 2657 2367 2699 quidditas
2385 2660 2434 2692 rei
2455 2669 2525 2692 ma-

1442 2702 1561 2733 terialis
1584 2707 1632 2734 est
1655 2702 1822 2734 obiectum
1852 2703 2064 2734 connaturale
2091 2709 2123 2733 et
2148 2703 2312 2734 mon'vum
2342 2704 2524 2737 intellectus
2574 2702 2584 2711 ⁸

1442 2747 1555 2783 nostri,
1578 2747 1622 2778 ita
1645 2746 1809 2787 quidditas
1831 2747 1878 2778 rei
1901 2747 2077 2778 abstractae
2100 2757 2119 2778 a
2140 2748 2275 2779 materia
2291 2748 2524 2782 habentisesse

1443 2792 1631 2823 distinctum
1655 2792 1696 2823 ab
1720 2792 1800 2834 ipsa,
1825 2798 1871 2823 est
1902 2791 2113 2823 connaturale
2142 2793 2310 2824 obiectum
2340 2794 2524 2834 intellectus

1443 2837 1590 2878 separati,
1611 2846 1628 2867 a
1645 2846 1714 2878 quo
1735 2837 1867 2868 haberet
1889 2837 2026 2874 moveri,
2042 2842 2080 2868 ut
2098 2842 2188 2878 patet
2201 2837 2320 2875 Prima,
2336 2846 2369 2879 q.
2386 2848 2440 2877 an,
2456 2848 2475 2870 a
2489 2849 2522 2880 4.

1442 2881 1485 2913 Et
1507 2882 1584 2922 quia
1607 2881 1679 2913 talis
1703 2880 1865 2922 quidditas
1880 2881 2064 2913 secundum
2086 2891 2122 2913 se
2143 2887 2193 2913 est
2216 2888 2291 2914 actu
2314 2883 2524 2924 intelligibilis

1443 2932 1475 2958 et
1498 2926 1681 2958 secundum
1704 2935 1802 2958 suum
1827 2934 1896 2958 esse
1909 2926 2076 2964 naturale,
2099 2925 2177 2958 ideo
2204 2927 2289 2959 bene
2312 2928 2421 2969 inquit
2442 2928 2522 2961 San-

1442 2977 1514 3005 ctus
1530 2971 1677 3003 Thomas
1700 2971 1792 3012 quod
1815 2971 2016 3012 intelligibile
2032 2972 2067 3002 in
2082 2977 2158 3002 actu
2178 2977 2227 3003 est
2244 2972 2316 3003 talis
2339 2973 2523 3006 intellectus

1443 3017 1621 3053 obiectum,
1645 3015 1769 3047 scilicet
1791 3016 2004 3048 connaturale
2028 3021 2060 3047 et
2082 3016 2380 3057 proportionatum.

1498 3061 1552 3091 vl.
1581 3060 1703 3092 Tertio.
1726 3060 1823 3099 Quae
1846 3066 1923 3092 sunt
1944 3060 2129 3092 secundum
2145 3061 2251 3102 seipsa
2273 3067 2348 3094 actu
2370 3062 2523 3104 intelligi-

1443 3105 1529 3143 bilia,
1553 3110 1629 3137 sunt
1651 3106 1819 3146 superiora
1841 3105 1875 3137 in
1891 3105 2007 3137 ordine
2022 3105 2275 3147 intelligibilium
2290 3107 2329 3138 iis
2353 3115 2438 3148 quae
2451 3116 2522 3140 m

1442 3156 1519 3181 sunt
1547 3150 1761 3191 intelligibilia
1791 3150 1853 3181 nisi
1883 3150 1959 3192 quia
1982 3159 2045 3182 nos
2068 3150 2206 3182 §acanus
2229 3160 2268 3182 ea
2297 3151 2521 3193 intelligibilia,

1443 3194 1629 3227 cuiusmodi
1644 3200 1721 3226 sunt
1736 3195 1848 3226 omnia
1863 3195 2035 3226 sensibilia.
2054 3195 2152 3237 Ergo,
2167 3205 2246 3227 cum
2261 3196 2342 3227 haee
2357 3196 2422 3228 siat
2434 3205 2521 3238 que

1442 3240 1626 3271 intellectus
1648 3245 1760 3271 noster
1781 3239 1941 3280 intelligit,
1964 3245 2122 3281 tanquam
2149 3240 2272 3272 scilicet
2294 3241 2422 3272 obiecta
2443 3249 2521 3282 pro-

1443 3286 1627 3326 portionata
1643 3293 1661 3315 a
1685 3284 1804 3325 quibus
1821 3285 2044 3325 cognitionem
2068 3285 2196 3326 accipit,
2212 3293 2271 3326 per
2285 3293 2320 3316 se
2334 3289 2410 3316 actu
2425 3284 2521 3317 intel-

1443 3328 1575 3370 ligibilia
1597 3328 1755 3370 intelliget
1777 3329 1962 3361 intellectus
1985 3329 2182 3361 substantiae
2199 3332 2375 3369 separatae,
2391 3330 2450 3370 qui
2473 3335 2521 3362 est

1443 3374 1591 3415 superior
1613 3373 1781 3405 intellectu
1811 3379 1936 3412 nostro,
1966 3380 2123 3416 tanquam
2148 3372 2272 3404 seilicet
2301 3374 2430 3405 obiecta
2459 3374 2520 3406 sibi

1443 3419 1701 3460 proportionata.
1716 3436 1740 3442 -
1755 3418 1846 3449 Patet
1875 3418 2121 3460 consequenda.
2150 3417 2237 3456 Quia
2261 3418 2445 3450 secundum
2467 3428 2519 3451 or-

1443 3462 1553 3494 dinem
1578 3463 1803 3494 intellectuum
1827 3469 1875 3494 est
1897 3462 1980 3495 ordo
2003 3462 2264 3503 intelligibilium.

1499 3508 1568 3538 Vll.
1596 3508 1735 3544 Quarto.
1759 3507 1946 3539 Substantia
1971 3512 2115 3548 separata
2142 3512 2189 3538 est
2216 3507 2410 3545 intellectus,
2437 3507 2520 3540 idest

1443 3552 1621 3583 substantia
1643 3552 1878 3589 intellectualis,
1906 3560 1964 3592 per
1990 3560 2025 3582 se
2051 3552 2200 3590 existens,
2227 3561 2295 3583 non
2322 3553 2356 3584 in
2379 3557 2519 3593 corpore

1443 3596 1565 3638 aliquo.
1582 3597 1670 3637 Ergo
1694 3597 1764 3628 eius
1779 3596 1927 3638 operatio
1942 3595 2167 3627 intellectualis
2186 3596 2245 3627 erit
2267 3596 2518 3639 intelligibilium

1444 3649 1528 3682 quae
1544 3651 1613 3672 non
1629 3646 1705 3672 sunt
1720 3640 1854 3672 fundata
1868 3640 1903 3671 in
1919 3639 2030 3681 aliquo
2046 3650 2196 3682 corpore.
2213 3640 2301 3682 Ergo
2317 3646 2387 3673 non
2401 3641 2518 3682 accipit

320 3672 467 3705 Secunda
491 3677 586 3708 etiam
611 3681 843 3719 consequentia
874 3686 971 3721 patet.
1003 3681 1090 3720 Quia
1120 3682 1200 3713 nihil
1225 3688 1273 3713 est
1296 3683 1389 3715 altius
1444 3685 1666 3726 cognitionem
1683 3695 1701 3716 a
1717 3684 2137 3716 sensibilibus-Probatur
2151 3686 2255 3726 prima
2272 3686 2517 3727 consequentia.

2555 2261 2566 2271 '
2575 2259 2597 2282 n
2609 2259 2684 2288 Sne..
2700 2259 2724 2282 d.
2733 2262 2768 2288 ιιι,4

2555 2292 2579 2316 q.
2589 2286 2632 2309 ult.
