2768 4134
285 311 360 360 376

283 400 341 431 per
365 390 598 430 operationem.
623 387 687 418 Sed
710 388 789 417 haec
804 386 960 437 operatio
985 395 1054 415 non
1077 390 1184 425 potest
1208 394 1277 415 esse
1292 385 1354 415 nisi

282 434 464 465 intellectus
488 438 519 463 et
541 432 731 462 voluntatis:
756 431 833 471 quia
859 440 920 461 nec
951 431 1021 470 ipse
1053 429 1142 459 Deus
1167 429 1257 459 aliter
1281 437 1355 468 erga

283 480 424 519 seipsum
449 482 610 518 operatur.
635 476 721 516 Ergo
746 481 806 506 etc.
831 493 853 497 —
875 475 1035 505 Probatur
1058 474 1171 504 maior.
1196 473 1283 511 Quia
1307 482 1355 503 se—

282 522 387 553 cunda
410 520 577 562 perfectio,
602 529 686 561 quae
711 525 757 550 est
789 518 970 550 secundum
1001 518 1236 559 operationem,
1268 516 1356 547 addit

281 576 377 607 supra
392 567 544 606 primam:
561 570 717 605 tanquam
732 564 854 595 scilicet
870 564 1008 594 existens
1023 563 1137 593 ultima
1154 567 1185 592 et
1201 571 1355 592 consum-

281 616 366 642 mata
389 611 435 640 rei
457 609 626 650 perfectio.
1280 624 1287 630 -

340 655 460 686 Tertio.
477 654 529 685 Ad
549 662 712 684 summam
727 662 835 683 rerum
854 651 1100 693 perfectionem,
1123 650 1270 690 oportuit
1286 659 1354 680 esse

281 701 403 740 aliquas
419 704 579 730 creaturas
596 707 680 738 quae
703 703 834 738 agerent
857 696 958 727 modo
982 705 1048 736 quo
1066 695 1155 725 Deus
1175 695 1249 734 agit.
1266 695 1354 735 Ergo

282 744 426 785 oportuit
443 752 511 774 esse
528 743 651 783 aliquas
667 743 858 773 substantias
874 739 1116 772 intellectuales.
1129 756 1152 760 —
1167 738 1259 769 Patet
1275 749 1354 770 con-

281 789 459 829 sequentia.
476 787 563 826 Quia
579 787 668 818 Deus
685 788 748 827 agit
764 796 822 827 per
837 785 1037 816 intellectum
1055 789 1086 814 et
1101 783 1315 814 voluntatem.
1332 802 1355 806 -

280 834 439 864 Probatur
450 842 527 863 vero
541 831 744 862 antecedens.
758 831 867 869 Quia'
859 839 893 860 in
905 827 1173 869 praecedentibus
1186 833 1355 859 ostensum

282 884 329 909 est
344 877 435 918 quod
455 876 495 907 ad
517 876 694 927 perfectam
710 874 1038 916 repraesentationem
1055 872 1182 903 divinae
1201 873 1355 904 bonitatis

281 933 339 964 per
362 926 534 958 creaturas,
559 921 704 961 oportuit
730 930 779 950 res
803 919 925 959 aliquas
949 917 988 948 ad
1011 917 1191 948 bonitatem
1215 917 1354 948 aliorum

281 977 385 1008 agere.
409 967 495 1006 Ergo
520 966 666 1006 oportuit
689 965 786 995 etiam
812 963 882 994 fieri
906 962 1170 992 assimilationem
1195 968 1355 1013 quantum

282 1012 322 1043 ad
339 1011 482 1042 modum
510 1009 638 1050 agendi:
665 1009 740 1048 quia
756 1009 801 1038 sic
817 1007 907 1038 alteri
923 1005 1046 1046 aliquid
1068 1005 1211 1046 perfecte
1231 1007 1354 1037 assimi-

281 1057 364 1087 latur
387 1056 420 1086 in
446 1053 582 1095 agendo.

337 1099 477 1131 Adverte
494 1097 585 1149 quod
608 1107 666 1137 per
683 1102 842 1127 creaturas
860 1105 929 1126 non
952 1100 1061 1135 potest
1084 1094 1227 1135 perfecte
1247 1095 1355 1126 divina

281 1146 407 1175 bonitas
439 1149 474 1174 ut
497 1144 530 1173 in
558 1151 591 1172 se
617 1147 674 1178 est,
701 1140 948 1182 repraesentari:
974 1139 1031 1170 sed
1060 1140 1144 1170 bene
1174 1145 1283 1191 potest
1306 1149 1355 1170 re-

281 1189 475 1229 praesentari
498 1186 639 1227 perfecte
656 1192 692 1216 ut
716 1185 880 1226 exemplar
895 1190 927 1215 et
950 1183 1055 1215 forma
1078 1185 1229 1215 universi.
1254 1184 1355 1223 Quod

281 1242 356 1264 sane
380 1232 416 1263 fit
439 1233 465 1262 si
488 1232 676 1262 universum
702 1231 748 1261 illi
773 1230 965 1260 assimiletur
992 1234 1152 1270 quantum
1180 1229 1220 1260 ad
1244 1230 1356 1260 omnia

280 1279 313 1308 in
338 1278 456 1318 quibus
483 1275 665 1307 secundum
695 1285 787 1306 suam
818 1280 967 1305 naturam
997 1280 1111 1305 natum
1139 1280 1186 1305 est
1209 1274 1255 1305 illi
1279 1276 1355 1305 assi—

280 1322 400 1353 milari:
425 1321 508 1352 sicut
537 1326 616 1351 tunc
649 1319 768 1351 domus
797 1318 940 1360 perfecte
970 1325 1186 1360 repraesentat
1214 1318 1355 1350 formam

281 1377 364 1408 quae
389 1372 436 1397 est
458 1367 492 1396 in
515 1370 624 1396 mente
641 1364 884 1401 domificatoris,
909 1364 1040 1404 quando
1063 1365 1160 1395 habet
1179 1365 1290 1394 omnia
1305 1374 1355 1395 se-

281 1411 426 1442 cundum
442 1420 526 1451 quae
542 1415 617 1441 nata
640 1415 688 1440 est
710 1409 798 1440 illam
814 1414 1063 1450 repraesentare.
1087 1409 1129 1440 Et
1152 1409 1198 1440 sic
1219 1415 1266 1439 est
1282 1418 1355 1449 per-

281 1455 364 1487 fecta
380 1455 631 1496 repraesentatio
648 1464 686 1484 ex
710 1459 800 1494 parte
817 1453 960 1490 effectus,
977 1463 1046 1484 non
1063 1463 1102 1484 ex
1121 1459 1210 1494 parte
1228 1463 1353 1485 causae.

281 1501 367 1539 Quia
390 1509 467 1541 ergo
484 1499 524 1530 de
547 1500 673 1530 ratione
697 1498 830 1530 effectus
853 1508 982 1530 summe
1005 1498 1140 1540 perfecti
1164 1504 1211 1529 est
1227 1504 1263 1529 ut
1281 1508 1354 1539 per-

280 1545 364 1576 fecte
395 1545 587 1575 assimiletur
622 1553 698 1575 suae
733 1553 849 1574 causae
878 1543 1061 1575 secundum
1090 1553 1205 1574 omnes
1235 1543 1355 1575 modos

281 1591 400 1630 quibus
423 1599 495 1620 eam
519 1589 710 1630 participare
733 1594 851 1629 potest,
882 1588 968 1625 ideo,
999 1598 1075 1620 cum
1098 1588 1188 1619 Deus
1219 1593 1292 1629 agat
1315 1588 1355 1619 ad

281 1640 499 1665 creaturarum
523 1633 776 1674 productionem
790 1643 849 1674 per
863 1633 1065 1664 intellectum
1090 1639 1122 1664 et
1137 1634 1355 1669 voluntatem;

281 1684 313 1709 et
336 1680 535 1715 universum,
560 1678 652 1718 quod
674 1678 782 1718 primo
809 1677 997 1709 intendebat
1026 1677 1218 1718 producere,
1241 1683 1356 1708 natum

282 1729 365 1754 esset
388 1723 554 1754 assimilari
578 1723 638 1753 sibi
663 1728 822 1762 quantum
846 1722 887 1754 ad
911 1732 990 1760 esse,
1014 1728 1174 1763 quantum
1198 1721 1238 1753 ad
1261 1731 1356 1763 agere

281 1768 461 1799 bonitatem
477 1767 627 1804 aliorum,
645 1772 677 1797 et
693 1773 852 1807 quantum
868 1767 909 1798 ad
923 1767 1062 1798 modum
1085 1767 1211 1807 agendi,
1235 1767 1292 1807 qui
1309 1772 1356 1797 est

281 1822 339 1853 per
361 1812 563 1843 intellectum
591 1817 623 1842 et
653 1812 870 1842 voluntatem:
900 1812 1047 1852 oportuit
1075 1817 1107 1842 et
1136 1813 1170 1843 in
1201 1812 1355 1842 universo

281 1856 350 1887 fieri
374 1857 497 1897 aliquas
513 1862 673 1887 creaturas
689 1865 773 1896 quae
797 1856 837 1887 ad
860 1857 1040 1887 bonitatem
1059 1856 1198 1887 aliorum
1214 1862 1354 1896 agerent,

282 1907 314 1932 et
337 1901 492 1941 quasdam
517 1910 600 1941 quae
624 1907 755 1941 agerent
778 1910 836 1941 per
858 1901 1061 1932 intellectum
1086 1906 1116 1931 et
1140 1902 1354 1932 voluntatem.

281 1946 323 1976 Et
345 1946 409 1976 hoc
434 1951 482 1976 est
504 1946 601 1976 huius
624 1945 758 1976 rationis
781 1945 1043 1976 fundamentum.

337 1989 390 2020 IV.
411 1989 548 2026 Quarto.
567 1989 702 2020 Summa
717 1990 857 2020 universi
874 1989 1032 2030 perfectio
1049 1990 1146 2030 exigit
1161 1999 1229 2020 non
1246 1989 1354 2020 solum

281 2033 526 2065 similitudinem
550 2034 591 2065 ad
614 2034 722 2065 Deum
739 2033 920 2065 secundum
945 2034 1095 2071 formam,
1112 2033 1168 2064 sed
1192 2034 1289 2064 etiam
1306 2043 1355 2064 se-

281 2078 426 2109 cundum
451 2078 592 2110 eundem
619 2078 757 2109 modum
781 2078 907 2110 essendi
934 2078 1069 2115 formae,
1095 2084 1255 2119 quantum
1278 2087 1355 2118 pos-

280 2124 371 2154 sibile
401 2129 462 2154 est:
495 2133 572 2155 cum
600 2123 743 2154 secunda
772 2123 952 2154 similitudo
983 2125 1023 2154 sit
1053 2122 1228 2164 perfectior
1255 2132 1355 2163 quam

279 2169 394 2208 prima.
419 2168 505 2208 Ergo
531 2169 676 2209 oportuit
693 2177 762 2199 esse
777 2168 901 2209 aliquas
925 2174 1086 2199 creaturas
1110 2169 1144 2198 in
1168 2168 1286 2208 quibus
1305 2177 1355 2198 se-

280 2213 426 2244 cundum
457 2223 526 2244 esse
556 2213 757 2253 intelligibile
785 2213 890 2244 forma
914 2213 1014 2244 divini
1040 2213 1224 2244 intellectus
1249 2213 1354 2253 expri-

685 309 874 346 SUMMA
903 307 1125 344 CONTRA
1155 306 1430 351 GENTILES,
1460 306 1555 342 LIB.
1576 307 1618 351 11,
1649 305 1915 352 CAP.XLV1‚
1936 307 2085 343 XLVII.

1408 390 1524 414 matur.
1545 384 1632 424 Ergo
1650 390 1711 414 etc.
1727 401 1750 407 -
1766 384 1857 415 Patet
1880 385 1985 424 prima
2001 387 2245 426 consequentia.
2270 387 2357 426 Quia
2379 388 2485 419 forma

1407 437 1466 468 per
1490 438 1589 469 quam
1613 428 1703 459 Deus
1727 429 1792 469 agit
1815 434 2005 466 creaturam,
2038 434 2087 460 est
2117 429 2223 460 forma
2249 432 2485 472 intelligibilem

1408 472 1546 503 modum
1571 472 1698 503 essendi
1721 473 1853 503 habens.
1869 490 1893 496 -
1908 473 2000 504 Patet
2019 474 2117 505 etiam
2140 474 2293 506 secunda.
2318 475 2405 514 Quia
2419 477 2485 508 hoc

1408 523 1456 547 est
1480 526 1549 547 esse
1574 523 1734 548 creaturas
1758 517 1941 548 secundum
1957 527 2050 549 suam
2069 524 2218 549 naturam
2241 519 2484 552 intellectuales.

1462 561 1603 592 Adverte
1625 561 1715 602 quod
1731 567 1844 592 natura
1861 563 2038 594 subsistens
2054 573 2138 604 quae
2155 569 2202 594 est
2218 573 2257 594 ex
2273 573 2307 594 se
2321 564 2485 596 intellecta

1407 606 1440 636 in
1465 611 1549 643 actu,
1573 616 1643 637 non
1667 606 1815 647 indigens
1839 607 1951 647 aliquo
1975 607 2015 638 ad
2038 608 2102 638 hoc
2127 613 2163 639 ut
2186 607 2241 638 fiat
2264 614 2339 639 actu
2367 609 2486 640 intelli—

1407 650 1522 690 gibilis,
1547 656 1595 681 est
1619 652 1716 681 etiam
1746 651 1928 682 secundum
1959 661 1993 683 se
2024 652 2235 683 intellectiva:
2259 659 2296 684 ut
2319 652 2453 684 inferius
2468 655 2486 671 ¹*

1408 694 1549 725 ostendit
1581 695 1717 726 Sanctus
1748 695 1908 733 Thomas;
1942 702 1974 727 et
2003 697 2121 734 Prima,
2149 707 2180 738 q.
2200 707 2264 734 ΧΠ,
2292 707 2319 728 3.
2348 706 2376 728 1.
2407 697 2485 729 Ideo

1408 739 1491 769 bene
1514 740 1578 770 hoc
1602 740 1678 770 loco
1702 739 1818 770 dicitur
1840 740 1931 780 quod
1958 750 2027 772 esse
2051 747 2210 772 creaturas
2236 743 2271 772 in
2295 743 2414 783 quibus
2437 752 2486 773 se·

1408 783 1554 814 cundum
1577 793 1647 815 esse
1674 784 1876 825 intelligibile
1901 784 2006 815 forma
2037 785 2137 817 divini
2166 786 2350 818 intellectus
2381 787 2487 828 expri-

1407 834 1523 865 matur,
1548 834 1596 859 est
1619 838 1688 859 esse
1713 834 1873 860 creaturas
1897 829 2080 861 secundum
2103 840 2196 861 suam
2218 837 2368 862 naturam
2391 832 2487 863 intel-

1408 872 1572 904 lectuales.

1464 917 1598 954 Quinto.
1626 917 1678 948 Ad
1709 918 1774 948 hoc
1802 923 1839 949 ut
1870 918 2048 949 similitudo
2080 918 2142 949 Dei
2170 919 2315 960 perfecte
2345 926 2430 952 esset
2451 922 2486 952 in

1405 963 1502 993 rebus
1526 961 1634 993 modis
1656 963 1878 1002 possibilibus,
1894 981 1918 985 -
1931 963 2087 1004 intellige,
2103 972 2172 994 non
2189 963 2230 994 de
2252 964 2359 996 modis
2381 967 2486 1006 possi-

1407 1007 1525 1037 bilibus
1549 1007 1708 1043 absolute,
1727 1006 1785 1038 sed
1807 1007 1848 1038 de
1871 1006 1979 1038 modis
2002 1007 2211 1048 possibilibus
2235 1008 2276 1039 ad
2298 1010 2487 1041 universum

1407 1051 1499 1092 quod
1514 1051 1703 1082 intendebat
1719 1052 1957 1092 pertinentibus
1971 1069 1994 1074 -
2010 1053 2159 1093 oportuit
2181 1058 2218 1083 ut
2234 1052 2342 1084 divina
2357 1054 2487 1085 bonitas

1407 1097 1705 1127 communicaretur
1721 1105 1779 1136 per
1795 1096 2041 1127 similitudinem
2060 1106 2129 1127 non
2147 1097 2255 1128 solum
2279 1098 2313 1128 in
2337 1098 2486 1136 essendo,

1407 1140 1464 1171 sed
1488 1142 1585 1172 etiam
1609 1141 1643 1171 in
1667 1140 1915 1180 cognoscendo:
1941 1142 2017 1182 quia
2033 1142 2101 1172 istis
2118 1141 2248 1173 duobus
2266 1142 2374 1174 modis
2398 1144 2487 1174 simi-

1406 1185 1512 1216 litudo
1536 1186 1634 1216 unius
1658 1185 1822 1216 invenitur
1845 1186 1878 1216 in
1903 1186 1978 1216 alio.
2011 1186 2075 1217 Sed
2106 1186 2195 1217 solus
2221 1187 2406 1218 intellectus
2430 1198 2487 1219 co-

1407 1239 1566 1270 gnoscere
1589 1230 1732 1260 divinam
1757 1231 1936 1261 bonitatem
1958 1236 2077 1271 potest.
2102 1230 2188 1271 Ergo
2212 1236 2273 1262 etc.

1463 1274 1604 1305 Adverte
1628 1274 1720 1315 quod
1744 1274 1891 1315 duplices
1915 1281 1990 1306 sunt
2013 1274 2105 1306 modi
2128 1276 2299 1316 possibiles
2327 1282 2487 1308 creatura-

1408 1329 1496 1350 rum:
1522 1319 1656 1360 quidam
1679 1319 1802 1350 scilicet
1824 1320 2002 1360 generales,
2032 1326 2112 1361 puta
2141 1320 2261 1352 modus
2286 1321 2414 1352 essendi
2436 1322 2487 1352 in·

1407 1364 1619 1401 sensibilium,
1636 1363 1756 1395 modus
1771 1364 1985 1402 sensibilium,
2005 1371 2036 1395 et
2059 1364 2179 1395 modus
2202 1365 2486 1403 intellectualium3

1408 1415 1440 1439 et
1464 1409 1599 1450 quidam
1622 1409 1831 1449 particulares
1862 1415 1894 1440 et
1924 1408 2080 1450 specffici,
2104 1415 2184 1450 puta
2213 1410 2367 1447 hominis,
2399 1411 2487 1452 equi,

1406 1454 1532 1494 lapidis,
1558 1459 1590 1484 et
1612 1454 1813 1485 huiusmodi.
1838 1453 1931 1484 Modi
1953 1454 2120 1495 generales
2145 1463 2222 1485 cum
2245 1455 2309 1486 sint
2331 1454 2431 1492 finiti,
2455 1460 2488 1486 et

1407 1508 1579 1539 supremus
1607 1499 1647 1529 sit
1669 1498 1790 1530 modus
1814 1497 1942 1530 essendi
1971 1499 2260 1536 intellectualium,
2285 1505 2446 1540 quantum
2468 1509 2488 1531 a

1406 1544 1502 1574 nobis
1519 1544 1739 1584 cognoscitur,
1757 1553 1873 1574 omnes
1888 1544 2079 1575 huiusmodi
2091 1544 2182 1575 modi
2198 1543 2239 1575 ad
2250 1543 2488 1585 perfectionem

1407 1589 1550 1619 universi
1579 1588 1741 1629 pertinere
1764 1588 1924 1620 videntur.
1949 1589 2043 1620 Modi
2073 1594 2183 1620 autem
2213 1589 2424 1630 particulares
2454 1594 2488 1620 et

1407 1632 1562 1684 specifici,
1588 1642 1665 1663 cum
1695 1634 1759 1664 sint
1786 1632 1915 1670 infiniti,
1939 1642 2009 1664 non
2039 1643 2155 1664 omnes
2186 1634 2227 1664 ad
2249 1633 2487 1686 perfectionem

1407 1678 1549 1708 universi
1572 1678 1745 1718 pertinent,
1774 1677 1831 1709 sed
1853 1678 1900 1708 illi
1929 1683 2058 1709 tantum
2089 1687 2173 1719 quos
2203 1678 2293 1709 Deus
2323 1678 2430 1709 voluit
2451 1679 2486 1709 in

1408 1722 1561 1753 universo
1585 1731 1666 1754 esse.
1684 1721 1772 1753 Cum
1796 1732 1874 1763 ergo
1891 1722 2008 1754 dicitur
2023 1723 2076 1754 hic
2093 1723 2185 1763 quod
2201 1722 2241 1754 ad
2257 1723 2321 1754 hoc
2337 1728 2374 1753 ut
2397 1723 2486 1754 simi-

1407 1766 1512 1798 litudo
1534 1767 1595 1797 Dei
1613 1773 1696 1798 esset
1719 1767 1753 1798 in
1777 1768 1874 1798 rebus
1898 1767 2002 1798 modis
2019 1767 2239 1808 possibilibus,
2256 1768 2404 1808 oportuit
2425 1768 2486 1798 bo-

1406 1812 1542 1842 nitatem
1566 1811 1708 1842 divinam
1732 1821 1791 1852 per
1806 1812 2053 1843 similitudinem
2078 1812 2315 1843 communicari
2339 1812 2437 1843 etiam
2450 1812 2486 1844 in

1407 1856 1650 1896 cognoscendo,
1675 1856 1715 1886 de
1738 1856 1846 1887 modis
1861 1857 2076 1897 generalibus,
2099 1867 2170 1888 non
2193 1862 2303 1888 autem
2322 1856 2364 1888 de
2378 1855 2486 1888 modis

1408 1900 1601 1940 specialibus
1623 1900 1824 1941 intelligitur.

1463 1944 1573 1975 Sexto.
1596 1945 1631 1975 ln
1657 1945 1811 1976 omnibus
1834 1944 1988 1975 decenter
2008 1945 2164 1976 ordinatis
2188 1944 2355 1978 habitudo.
2369 1954 2486 1977 secun-

1407 1988 1526 2019 dorum
1542 1989 1581 2019 ad
1597 1989 1712 2020 ultima
1727 1989 1872 2020 imitatur
1887 1989 2113 2021 habitudinem
2128 1990 2225 2030 primi
2241 1988 2282 2020 ad
2298 1989 2420 2027 omnia,
2436 1998 2487 2021 se-

1408 2032 1515 2064 cunda
1539 2040 1570 2064 et
1593 2033 1717 2064 ultima.
1739 2033 1803 2065 Sed
1822 2033 1912 2065 Deus
1928 2043 2043 2065 ornnes
2059 2040 2220 2066 creaturas
2239 2033 2488 2074 comprehendit

1406 2078 1657 2118 intelligibiliter.
1682 2078 1769 2119 Ergo
1797 2084 1929 2119 oportet
1956 2079 2054 2110 etiam
2077 2089 2152 2110 esse
2173 2079 2298 2120 aliquas
2325 2083 2486 2110 creamras

1407 2123 1652 2160 intellectuales,
1681 2133 1766 2164 quae
1797 2123 1979 2164 corporalia
2012 2124 2256 2164 intelligibiliter
2283 2123 2486 2155 contineant:

1407 2167 1490 2198 sicut
1514 2174 1546 2198 et
1569 2169 1738 2208 superiora
1761 2177 1900 2209 corpora
1925 2169 2095 2200 continent
2125 2167 2278 2200 inferiora
2305 2168 2487 2200 secundum

1408 2213 1633 2243 extensionem
1657 2213 1855 2253 quantitatis.

1334 2318 1407 2361 rexs-
1420 2325 1426 2350 Ξ

525 2465 1011 2522 CAPITULUM
1049 2466 1772 2543 QUADRAGESIMUM
1809 2466 2243 2523 SEPTIMUM

1118 2583 1147 2613 A
1171 2592 1242 2623 44r
1273 2592 1324 2623 a7
1350 2592 1425 2614 cum
1449 2592 1549 2623 marg.
1575 2593 1646 2624 sup.

458 2673 633 2725 QUOD
682 2671 1114 2714 SUBSTANTIAE
1162 2672 1717 2715 INTELLECTUALES
1767 2673 1930 2715 SUNT
1977 2674 2307 2716 VOLENTES

302 2827 308 2837 Δ
346 2826 349 2829 ,
457 2803 470 2834 :¹
487 2797 531 2822 as
558 2792 690 2822 autem
718 2783 949 2822 substantias
978 2784 1251 2822 intellectuales
1286 2796 1352 2822 ne-

339 2856 367 2881 ;.
455 2838 465 2865 ἕ
502 2849 607 2875 cesse
637 2846 693 2875 est
721 2850 803 2875 esse
831 2839 1016 2875 volentes.

404 2896 470 2936 J
556 2892 657 2928 Inest
685 2891 790 2928 enim
820 2890 1005 2928 omnibus
1025 2890 1216 2952 appetitus
1240 2891 1351 2928 boni:

298 2946 307 2962 '¹
339 2928 403 2978 ,j
392 2934 426 2967 ⁵*
466 2955 482 2968 ¹
502 2956 596 2982 cum
615 2946 755 2982 bonum
774 2946 820 2981 sit
839 2944 940 2994 quod
957 2945 1086 2982 omnia
1106 2950 1295 2995 appetunt,
1310 2952 1353 2982 ut

1408 2785 1517 2835 quod
1541 2793 1596 2822 est
1623 2797 1694 2834 per
1722 2797 1762 2822 se
1790 2793 1978 2835 tanquam
2006 2785 2047 2823 in
2075 2785 2200 2836 prius·
2231 2786 2336 2824 unde
2358 2794 2406 2833 et,
2425 2798 2484 2825 se·

1407 2838 1583 2876 cundum
1613 2838 1910 2889 Philosophum,
1939 2838 1979 2876 in
1998 2840 2081 2877 Vlll
2104 2841 2218 2889 Phys.
2239 2839 2269 2885 ⁸³,
2299 2847 2407 2878 mota
2433 2840 2521 2878 ab

1407 2891 1483 2929 alio
1519 2892 1760 2930 reducuntur
1794 2891 1834 2930 in
1871 2891 1998 2942 prima
2031 2904 2128 2931 mov
2129 2892 2231 2930 entia
2260 2892 2404 2944 seipsa;
2442 2892 2484 2932 in

1408 2944 1638 2995 syllogismis
1667 2945 1783 2983 etiam
1812 2945 2094 3006 conclusioneS,
2119 2958 2220 2996 quae
2249 2954 2339 2984 sunt
2367 2953 2482 2988 notae

2512 658 2557 680 'ln
2569 658 2615 681 hoc
2624 658 2664 681 lib.
2675 664 2730 687 pas-

2511 2845 2683 2902 ι.ᾓ1’1.’9.11
2699 2852 2726 2875 ⁷

36 3014 45 3023 ·
66 3013 75 3034 1
94 3012 178 3040 ama„
198 3019 215 3041 ι,
233 3021 250 3039 .;
277 2997 502 3057 philosophi
521 2997 722 3035 tradunt.
691 2997 711 3019 *
751 2996 990 3034 Huiusmodi
1010 3005 1142 3035 autern
1161 2997 1353 3048 appetitus
1375 3015 1383 3036 ς
1409 3010 1454 3035 ex
1475 2998 1567 3045 aliis,
1588 2998 1857 3036 reducuntur
1847 3011 1887 3036 in
1905 2999 2034 3049 prima
2051 2998 2251 3050 principia,
2271 3011 2373 3050 quae
2392 3007 2483 3038 sum

37 3046 56 3061 ¹·
68 3039 112 3061 ῃ·
129 3041 143 3062 ¹·
156 3047 174 3062 ¹·
278 3051 318 3088 in
344 3051 403 3089 his
422 3051 584 3101 quidem
603 3062 704 3100 quae
724 3050 944 3099 cognitione
968 3058 1109 3096 carent,
1128 3050 1267 3088 dicitur
1286 3064 1352 3089 na·
1408 3059 1499 3089 nota
1518 3063 1588 3101 per
1607 3051 1744 3102 seipsa.
1774 3052 2030 3090 Inveniuntur
2050 3060 2182 3090 autem
2201 3053 2242 3090 in
2261 3052 2482 3091 substantiis

278 3105 408 3142 turalis
435 3105 632 3155 appetitus.-
661 3103 759 3141 sicut
788 3103 926 3141 dicitur
951 3104 1059 3152 quod
1086 3103 1181 3153 lapis
1209 3104 1353 3154 appetit
1408 3104 1542 3142 creatis
1571 3105 1767 3154 quaedam
1785 3118 1896 3155 ·quae
1925 3118 2006 3144 non
2035 3114 2154 3155 agunt
2174 3106 2300 3156 seipsa
2318 3106 2369 3144 ad
2387 3117 2480 3156 ope-

279 3169 361 3194 esse
394 3158 592 3195 deorsum.
623 3158 665 3194 ln
701 3156 761 3194 his
794 3164 926 3194 autem
961 3168 1061 3206 quae
1090 3157 1352 3217 cognitionem
1408 3158 1587 3205 randum,
1608 3159 1675 3196 sed
1695 3167 1862 3207 aguntur
1880 3159 1919 3197 vi
1942 3167 2113 3206 naturae,
2133 3159 2231 3197 sicut
2258 3158 2479 3218 inanimata,

278 3210 500 3248 sensitivam
520 3211 675 3256 habent,
695 3209 835 3247 dicitur
861 3211 1041 3260 appetitus
1069 3211 1255 3257 animalis,
1284 3210 1352 3260 qui
1406 3212 1560 3260 plantae
1589 3219 1625 3248 et
1654 3211 1836 3250 animalia
1870 3213 1999 3250 bruta:
2030 3225 2111 3251 non
2140 3212 2246 3250 enirn
2274 3218 2330 3248 est
2357 3210 2397 3248 in
2425 3210 2480 3248 eis

278 3263 489 3301 dividitur
480 3275 520 3301 111
539 3262 883 3313 concupiscibilem
903 3270 939 3300 et
957 3262 1199 3300 irascibilem.
1230 3265 1272 3301 In
1292 3263 1375 3301 his
1367 3276 1519 3313 oagere
1548 3272 1584 3302 et
1613 3276 1693 3302 non
1723 3277 1846 3314 agere.
1878 3266 2042 3316 Oportet
2069 3277 2161 3315 ergo
2189 3264 2298 3314 quod
2325 3263 2393 3301 fiat
2421 3275 2478 3302 re-

277 3329 372 3354 vero
405 3329 506 3366 quae
543 3316 770 3365 intelligunt,
804 3315 943 3354 dicitur
979 3315 1171 3366 appetitus
1209 3316 1351 3355 intelle·
1406 3317 1566 3355 ductio
1557 3330 1597 3355 1n
1618 3317 1748 3367 aliqua
1775 3318 1901 3368 prima
1920 3331 2021 3380 quae
2041 3318 2166 3368 seipsa
2185 3325 2298 3365 agant
2317 3317 2366 3354 ad
2386 3329 2478 3367 ope-

278 3369 410 3406 ctualis
429 3382 498 3407 seu
518 3369 723 3416 rationalis,
743 3369 811 3419 qui
831 3377 887 3407 est
905 3370 1086 3407 voluntas.
1108 3369 1351 3408 Substantiae
1407 3371 1587 3408 randum.
1618 3371 1749 3409 Prima
1777 3379 1908 3409 autern
1931 3372 1971 3410 in
1990 3372 2106 3409 rebus
2125 3370 2260 3408 creatis
2279 3378 2369 3407 sunt
2388 3370 2478 3408 sub·-

278 3422 391 3470 igitur
419 3422 690 3460 intellectuales
710 3430 859 3460 creatae
879 3423 1024 3460 habent
1042 3423 1294 3460 voluntatem.
1406 3424 1565 3461 stantiae
1601 3423 1891 3471 intellectuales,
1920 3433 1963 3462 ut
1995 3435 2113 3474 supra
2130 3423 2151 3446 *
2179 3431 2379 3461 ostensum
2408 3431 2475 3461 est.
2506 3433 2514 3442 ·
2530 3432 2588 3460 0⁸9-
2606 3438 2683 3460 pmc-

332 3476 483 3513 Adhuc.
515 3476 634 3523 Quod
664 3484 720 3513 est
754 3487 825 3526 per
859 3475 980 3522 aliud,
1011 3475 1207 3512 reducitur
1239 3475 1278 3513 in
1312 3476 1350 3514 id
1406 3477 1490 3514 Hae
1519 3477 1632 3526 igitur
1663 3477 1896 3516 substantiae
1926 3489 1966 3515 se
1995 3485 2112 3526 agunt
2141 3477 2190 3514 ad
2219 3477 2476 3527 operandum.

335 3588 366 3614 T
367 3592 386 3614 t
405 3589 482 3620 Quod
501 3590 661 3616 substantiae
679 3591 815 3623 Reincipit
833 3591 865 3622 A,
889 3597 971 3624 usque
987 3590 1026 3616 ad
1049 3595 1134 3616 torum
1152 3598 1209 3624 cap.
1227 3590 1271 3623 48.
2305 3593 2331 3618 in
2348 3592 2374 3617 id
2392 3591 2477 3624 NYZ3

279 3624 311 3649 ad
330 3624 364 3649 id.

316 3666 361 3719 di}
385 3659 410 3683 in
429 3660 515 3719 allqua
534 3661 617 3720 ptrima
636 3662 658 3686 A
676 3662 762 3693 solus3
781 3662 812 3686 ad
832 3662 880 3687 alia
899 3661 991 3695 prima.
1012 3661 1042 3687 In
1063 3662 1084 3686 A
1104 3661 1217 3686 habetur
1236 3661 1260 3686 in
1281 3660 1347 3695 aliq·
1366 3661 1396 3695 ρ’·
1410 3661 1441 3695 ρ·
1460 3666 1486 3688 et
1506 3663 1610 3688 deletur
1624 3662 1716 3695 priori
1733 3662 1791 3688 loco
1805 3660 1836 3695 p*
1851 3661 1939 3687 minus
1951 3662 2024 3687 clare
2036 3662 2181 3694 εενῐρτωης
2199 3663 2381 3696 transcriptor
2394 3663 2476 3690 etiam

279 3701 297 3727 q
335 3701 349 3719 e
360 3695 399 3719 eri
415 3702 452 3727 pu
467 3702 539 3721 avere

1365 3599 1398 3623 ¹4
1417 3591 1495 3623 Quod
1519 3597 1560 3617 est
1578 3592 1731 3624 EGNz·1d
1749 3592 1822 3626 quod
1841 3591 1938 3623 nx,1d
1957 3591 2028 3624 quod
2052 3596 2092 3616 est
2115 3592 2205 3617 ceteri.
