2768 4134
790 289 978 326 SUMMA
1007 289 1229 327 CONTRA
1257 290 1532 335 GENTILES,
1561 290 1655 326 LIB.
1677 291 1717 335 ΙΙ,
1748 290 1859 327 CAP.
1881 291 1980 327 XIX.
2409 290 2484 339 309

287 377 389 409 neque
420 373 467 398 est
496 368 653 398 terminus
684 372 808 398 motus:
843 374 877 398 ut
907 378 964 408 per
995 369 1058 398 hoc
1090 367 1180 408 quod
1211 377 1279 398 non
1311 373 1358 398 est

286 418 412 448 motuS,
442 413 558 443 habeat
592 411 683 452 quod
717 418 764 442 est
795 413 916 453 absque
950 413 1155 443 successione
1186 413 1358 443 intrinseca

286 464 319 488 et
342 457 518 493 essentiali;
542 466 600 497 per
623 457 686 487 hoc
710 466 786 487 vero
811 457 902 497 quod
925 467 994 488 non
1024 463 1071 488 est
1099 458 1255 488 terminus
1285 466 1358 487 mo-

286 507 348 538 tus,
364 502 480 532 habeat
503 501 594 542 quod
609 507 656 532 est
671 502 792 542 absque
809 503 984 532 extrinseca
1008 507 1039 532 et
1061 501 1263 533 antecedenti
1287 511 1358 532 suc-

286 556 444 577 cessione.

343 591 548 622 11.Secundo.
559 590 644 621 Inter
660 600 729 621 esse
745 596 776 621 et
792 601 859 621 non
876 601 954 627 esse,
968 601 1050 632 quae
1067 597 1142 622 sunt
1154 591 1245 632 quasi
1257 595 1358 620 extre·
1385 606 1388 612 v

286 645 340 666 ma
355 635 537 671 creationis,
549 645 618 665 non
634 640 741 675 potest
757 645 825 666 esse
841 636 974 676 aliquod
990 635 1146 667 medium.
1163 636 1249 676 Ergo
1266 641 1326 665 etc.
1338 652 1358 655 —

286 681 445 711 Probatur
467 680 711 719 consequentia.
731 680 818 718 Quia
840 681 872 711 in
897 682 988 711 omni
1003 687 1097 712 motu
1113 681 1296 711 successivo
1313 684 1360 710 est

286 725 421 765 aliquod
442 724 589 755 medium
619 725 702 755 inter
733 726 801 755 eius
831 731 986 756 extrema:
1015 731 1051 756 ut
1074 731 1161 766 patet
1185 735 1222 756 ex
1247 723 1359 755 defini-

286 771 376 801 tione
400 769 506 805 medii‚
530 769 559 799 V
575 769 799 810 Physicorum.

342 814 586 845 Advertendum
610 814 700 855 quod
723 815 828 855 inquit
851 814 987 846 Sanctus
999 815 1144 845 Thomas
1160 823 1228 844 esse
1245 819 1276 844 et
1291 822 1359 843 non

286 869 356 890 esse
385 858 480 900 quasi
507 864 652 890 extrema
684 869 754 890 esse
777 860 958 896 creationis,
982 869 1050 890 non
1073 864 1183 890 autem
1212 858 1359 889 absolute

285 913 355 935 esse
380 909 536 935 extrema:
562 905 648 944 quia,
673 905 803 945 proprie
827 904 1006 945 loquendo,
1031 904 1150 935 creatio
1173 913 1242 934 non
1264 903 1360 933 habet

287 947 370 980 duos
394 950 550 980 terminos
573 950 656 980 inter
680 959 763 990 quos
787 950 836 980 sit.
861 949 943 980 Sunt
967 950 1055 980 enim
1078 949 1208 989 proprie
1232 948 1361 978 termini

286 994 320 1024 in
344 994 472 1024 actione
503 1003 587 1034 quae
618 999 665 1024 est
695 1004 771 1025 curn
801 999 911 1024 motu:
940 994 1016 1034 quia
1040 993 1083 1023 ibi
1107 999 1154 1023 est
1177 993 1359 1023 subiectum

286 1038 420 1079 aliquod
443 1040 598 1069 transiens
622 1049 639 1069 a
662 1040 802 1069 termino
818 1049 839 1069 a
855 1049 918 1080 quo
943 1038 983 1069 ad
1007 1038 1181 1069 terminum
1198 1037 1241 1068 ad
1256 1047 1359 1078 quem.

287 1084 323 1114 In
347 1084 510 1114 creatione
534 1089 654 1120 autem,
671 1085 747 1124 quia
771 1093 839 1114 non
862 1089 909 1114 est
932 1089 1052 1119 motus,
1076 1092 1145 1113 non
1169 1089 1216 1113 est
1239 1081 1360 1123 aliquid

286 1129 470 1160 subiectum
493 1129 649 1159 transiens
665 1130 704 1159 ab
721 1138 789 1159 uno
812 1129 953 1159 termino
977 1127 1016 1159 ad
1040 1127 1156 1158 alium:
1181 1126 1238 1158 sed
1253 1133 1301 1158 est
1316 1128 1360 1157 ibi

287 1179 423 1210 tantum,
447 1179 483 1204 ut
507 1173 623 1204 dicitur
645 1173 805 1208 Potentia,
830 1183 862 1214 q.
886 1183 930 1209 ιιι,
959 1181 985 1210 i,
1008 1171 1050 1203 ad
1077 1181 1126 1208 ii,
1154 1172 1297 1212 effluxus
1320 1172 1360 1202 ab

285 1223 405 1260 agente
428 1218 461 1248 in
476 1218 620 1260 factum.
645 1217 708 1249 Sed
732 1224 840 1248 tamen
857 1219 943 1258 quia,
959 1217 1140 1248 secundum
1159 1216 1296 1248 modum
1311 1217 1361 1248 in-

286 1262 462 1304 telligendi,
486 1263 759 1304 apprehendimus
783 1269 971 1298 creaturam,
995 1267 1151 1303 tanquam
1174 1263 1263 1303 prius
1293 1271 1361 1292 non

286 1307 618 1349 existentem,..postea
633 1308 749 1338 habere
766 1317 851 1344 esse;
868 1307 943 1338 ideo
956 1316 1025 1338 esse
1041 1313 1073 1337 et
1088 1317 1156 1338 non
1170 1316 1238 1337 esse
1250 1306 1360 1347 aliquo

284 1350 389 1383 ffi'odo
412 1358 551 1392 possunt
573 1352 637 1383 dici
660 1353 799 1388 termini,
823 1358 921 1393 prout
943 1361 1011 1382 non
1034 1353 1200 1382 existentia
1220 1352 1266 1382 rei
1286 1361 1361 1391 pro-

286 1396 404 1428 ductae
428 1401 459 1426 et
483 1397 651 1427 existentia
673 1399 752 1433 eius,
777 1397 869 1427 nullo
893 1397 1047 1427 existente
1070 1398 1217 1428 subiecto
1237 1396 1329 1436 quod
1343 1406 1362 1426 a

285 1450 354 1477 non
378 1449 448 1471 esse
471 1446 611 1472 transeat
632 1441 674 1472 ad
696 1451 776 1478 esse,
800 1442 930 1472 termini
956 1441 1181 1481 productionis
1210 1441 1363 1472 dicuntur

286 1484 389 1518 modo
413 1483 511 1515 dicto.

345 1539 374 1561 2.
393 1528 459 1560 Sed
482 1530 624 1560 occurrit
639 1529 776 1560 dubium
792 1530 876 1560 circa
890 1530 1060 1560 rationem.
1085 1530 1118 1560 Si
1134 1529 1208 1560 ideo
1225 1530 1258 1560 in
1275 1539 1362 1560 crea-

284 1574 376 1606 tione
391 1583 461 1605 non
477 1579 525 1605 est
540 1574 703 1604 successio
720 1574 796 1614 quia
811 1574 895 1603 inter
909 1583 978 1604 esse
994 1579 1026 1604 et
1041 1583 1109 1604 non
1126 1584 1194 1604 esse
1216 1574 1362 1605 medium

286 1628 357 1652 non
379 1618 474 1655 eadit,
497 1618 612 1650 eadem
634 1619 759 1649 ratione
788 1618 823 1649 in
849 1619 1057 1659 generatione
1087 1619 1143 1654 rei,
1171 1618 1361 1659 accipiendo

252 1691 257 1694 .
283 1664 530 1706 generationem
545 1669 582 1694 ut
596 1663 694 1694 etiam
716 1662 854 1694 includit
876 1669 1005 1694 motum
1027 1663 1068 1693 ad
1087 1662 1363 1694 introductionem

286 1709 412 1742 formae
432 1708 650 1740 substantialis
679 1709 713 1738 in
742 1708 886 1744 materia,
908 1717 978 1739 non
1001 1709 1060 1739 erit
1083 1709 1263 1739 successio:
1288 1708 1364 1748 quia

239 1774 242 1779 ·
284 1755 385 1787 etiam
406 1753 462 1785 illa
485 1759 532 1784 est
554 1754 638 1784 inter
659 1762 729 1784 non
753 1762 822 1784 esse
846 1758 879 1783 et
902 1762 981 1783 esse.

341 1797 587 1840 Respondetur:
611 1803 644 1829 et
666 1797 783 1829 dicitur
806 1798 923 1839 primo,
952 1797 1043 1838 quod
1072 1807 1140 1827 non
1171 1802 1219 1827 est
1250 1796 1364 1828 eadem

286 1844 369 1876 ratio
385 1843 425 1875 de
441 1844 604 1874 creatione
620 1848 652 1874 et
665 1843 885 1883 generatione.
903 1842 938 1873 ln
955 1843 1117 1873 creatione
1133 1842 1221 1872 enim
1236 1841 1364 1872 nullum

285 1894 336 1920 est
368 1889 552 1920 subiectum
584 1887 676 1929 quod
707 1888 838 1929 disponi
869 1893 1019 1928 oporteat
1050 1887 1090 1918 ad
1121 1887 1364 1927 susceptionem

286 1932 412 1966 formae
442 1932 670 1969 substantialis,
693 1933 778 1964 sieut
801 1938 849 1963 est
870 1933 905 1963 in
931 1933 1151 1973 generatione,
1175 1932 1231 1962 sed
1258 1932 1364 1962 statim

245 1987 255 1992 ·
287 1983 364 2019 post
385 1988 455 2010 non
478 1987 547 2009 esse
570 1987 620 2009 res
643 1983 748 2008 creata
770 1983 879 2009 totum
901 1987 998 2008 suum
1022 1986 1092 2008 esse
1114 1977 1212 2008 simul
1231 1977 1363 2016 accipit:

287 2024 372 2057 sicut
387 2023 496 2060 etiam,
513 2023 668 2064 disposita
689 2023 756 2054 iam
778 2030 836 2064 per
858 2028 988 2054 motum
1010 2023 1144 2053 materia
1159 2021 1199 2052 ad
1214 2021 1363 2058 formam,

287 2068 396 2100 statim
425 2077 484 2109 per
511 2068 770 2109 generationem,
795 2077 879 2109 quae
910 2073 958 2098 est
987 2067 1144 2098 terminus
1171 2072 1291 2103 motus,
1314 2075 1365 2096 res

289 2113 407 2154 accipit
430 2122 510 2144 esse.
525 2131 549 2135 -
567 2112 658 2150 Item,
675 2113 795 2144 creatio
813 2118 860 2143 est
876 2113 959 2144 inter
981 2122 1051 2144 non
1075 2121 1143 2143 esse
1167 2112 1364 2152 simpliciter,

288 2157 380 2199 quod
402 2163 451 2188 est
473 2158 566 2188 nullo
590 2156 687 2188 modo
711 2167 788 2193 esse,
813 2162 845 2188 et
875 2166 945 2188 esse
975 2157 1174 2198 simpliciter,
1199 2156 1291 2197 quod
1319 2161 1366 2186 est

286 2202 465 2234 secundum
489 2212 601 2234 omnes
621 2207 736 2243 partes
763 2212 842 2233 suas
870 2202 1057 2233 essentiales
1078 2202 1176 2232 simul
1199 2211 1276 2232 esse.
1302 2200 1366 2231 Ge-

289 2248 414 2280 naratio
441 2253 551 2278 autem
579 2252 627 2278 est
657 2248 740 2279 inter
771 2257 838 2277 non
861 2256 930 2278 esse
951 2247 1023 2283 hoc,
1048 2252 1080 2277 et
1103 2256 1171 2277 esse
1193 2247 1264 2282 hoc,
1289 2251 1367 2286 puta

288 2294 372 2324 inter
394 2302 463 2324 non
487 2301 556 2323 esse
579 2292 748 2323 hominem
772 2298 803 2322 et
827 2301 896 2323 esse
919 2292 1106 2323 hominem:
1132 2292 1185 2322 cui
1207 2301 1276 2322 non
1298 2300 1366 2322 esse

288 2338 499 2378 coniungitur
521 2346 590 2367 esse
614 2337 743 2368 alterius
766 2335 890 2368 formae
906 2342 938 2368 et
953 2336 1170 2368 accidentium
1186 2337 1266 2372 eius,
1283 2345 1367 2376 quae

290 2387 422 2423 oportet
436 2391 494 2422 per
508 2387 638 2412 motum
654 2382 759 2418 abiici,
776 2387 812 2412 ut
826 2381 1072 2412 introducantur
1095 2381 1273 2412 accidentia
1288 2390 1367 2411 con-

290 2427 452 2459 venientia
468 2426 592 2457 formae
608 2426 874 2458 introducendae.
898 2426 984 2465 Quia
1000 2436 1077 2467 ergo
1093 2427 1176 2457 inter
1191 2425 1368 2456 accidentia

291 2472 416 2504 formae
438 2471 637 2503 abiiciendae
668 2472 728 2502 sub
759 2471 814 2502 tali
844 2471 956 2512 gradu,
980 2477 1012 2502 et
1035 2470 1215 2502 accidentia
1246 2470 1368 2500 formae

290 2516 505 2553 inducendae,
521 2515 607 2548 cadit
621 2516 778 2553 medium,
794 2516 835 2548 ad
851 2516 942 2556 quod
961 2517 1050 2556 prius
1065 2516 1251 2556 pervenitur
1270 2525 1368 2555 quam

292 2561 334 2593 ad
344 2567 536 2598 extremum,
549 2561 624 2592 ideo
636 2562 720 2593 inter
733 2571 802 2592 non
819 2570 888 2592 esse
905 2567 936 2592 et
951 2570 1021 2592 esse
1037 2570 1121 2601 quae
1137 2566 1212 2591 sunt
1228 2566 1368 2590 extrema

289 2606 518 2648 generationis,
535 2606 645 2647 aliquo
661 2606 763 2638 modo
780 2611 888 2646 potest
904 2605 967 2636 dici
983 2605 1074 2646 quod
1098 2605 1189 2636 cadat
1205 2604 1366 2635 medium:

292 2651 368 2682 licet
382 2660 451 2682 non
467 2651 507 2682 sit
522 2651 653 2692 proprie
670 2651 804 2682 dictum.
829 2650 917 2681 Cum
941 2651 1029 2681 enim
1045 2660 1083 2680 ex
1103 2659 1176 2680 aere
1199 2654 1369 2689 generatur

291 2697 384 2737 ignis,
409 2702 441 2727 et
463 2697 509 2727 sic
533 2706 571 2726 ex
594 2705 663 2726 non
687 2705 756 2726 esse
779 2695 862 2735 ignis
886 2694 922 2725 fit
945 2696 1096 2725 transitus
1119 2693 1160 2724 ad
1183 2702 1251 2723 esse
1274 2693 1367 2732 ignis,

291 2746 423 2782 oportet
445 2742 535 2781 prius
559 2740 736 2771 accidentia
753 2740 833 2770 aeris
848 2739 889 2769 ad
905 2749 973 2770 esse
997 2739 1167 2769 remissum
1190 2738 1368 2777 pervenire,

290 2791 325 2816 et
340 2785 520 2816 accidentia
534 2785 618 2824 ignis
633 2786 668 2815 in
683 2794 752 2815 esse
768 2785 902 2814 remisso
926 2783 1099 2818 introduci,
1116 2791 1214 2822 quam
1237 2782 1369 2812 materia

293 2829 472 2860 accidentia
487 2830 568 2859 aeris
584 2830 722 2860 omnino
746 2829 871 2859 amittat
886 2833 917 2858 et
933 2827 1072 2858 formam
1096 2827 1178 2866 ignis
1194 2836 1269 2856 cum
1286 2826 1368 2856 acci-

292 2873 445 2904 dentibus
464 2873 600 2904 intensis
623 2873 786 2913 suscipiat.
811 2871 888 2902 Ideo
911 2873 993 2902 inter
1016 2881 1084 2902 non
1108 2881 1176 2901 esse
1191 2871 1274 2910 ignis
1290 2880 1369 2900 con-

293 2919 443 2949 iunctum
467 2917 591 2948 formae
615 2923 647 2948 et
670 2916 889 2947 accidentibus
913 2917 1003 2952 aeris,
1021 2922 1052 2946 et
1075 2925 1144 2946 esse
1159 2915 1260 2956 ipsius
1276 2915 1369 2955 ignis,

293 2962 380 2993 cadit
402 2962 559 2993 medium.
585 2962 669 2992 Inter
698 2971 766 2992 non
797 2970 865 2992 esse
896 2966 1005 2991 autem
1036 2966 1067 2991 et
1095 2969 1163 2991 esse
1188 2969 1272 3000 quae
1295 2964 1370 2989 sunt

294 3007 406 3047 aliquo
429 3006 531 3038 modo
555 3012 696 3037 extrema
721 3006 901 3041 creationis,
918 3015 986 3036 non
1003 3004 1086 3036 cadit
1109 3003 1267 3035 medium:
1293 3004 1369 3044 quia

295 3053 328 3082 in
353 3062 390 3083 ea
413 3051 633 3082 consideratur
649 3061 716 3081 non
733 3060 801 3081 esse
824 3050 1022 3090 simpliciter,
1040 3049 1130 3089 quod
1145 3049 1266 3079 scilicet
1289 3048 1369 3079 nulli

1415 378 1483 398 esse
1506 374 1561 399 aut
1585 367 1707 399 formae
1739 371 1960 410 coniungitur;
1988 372 2070 402 inter
2099 371 2160 402 tale
2191 377 2300 402 autem
2323 381 2391 402 non
2416 381 2484 401 esse

1415 419 1446 443 et
1469 422 1538 443 esse
1562 413 1688 444 nullum
1712 413 1796 444 cadit
1819 414 1974 445 medium.

1469 457 1595 488 Dicitur
1617 458 1762 488 secundo
1787 458 1886 498 quod,
1911 460 2101 500 accipiendo
2124 461 2366 500 generationem
2385 466 2420 491 ut
2437 461 2486 491 in-

1415 500 1515 531 cludit
1538 507 1677 538 motum,
1693 512 1762 532 non
1778 508 1825 533 est
1841 504 1922 534 inter
1939 514 2006 534 esse
2027 510 2059 535 et
2079 515 2146 535 non
2170 514 2238 535 esse
2262 506 2412 545 praecise,
2429 504 2484 536 sed

1414 546 1511 576 etiam
1534 546 1616 576 inter
1639 556 1708 577 esse
1725 553 1756 577 et
1772 557 1850 584 esse,
1867 554 1944 588 puta
1968 549 2050 579 inter
2074 559 2142 580 esse
2165 550 2245 580 aeris
2261 555 2292 580 et
2307 559 2375 580 esse
2391 551 2483 590 ignis.

1471 590 1522 620 111.
1543 591 1662 621 Tertio.
1681 591 1715 621 ln
1732 593 1893 622 creatione
1917 602 1984 623 non
2007 599 2114 633 potest
2137 594 2206 624 fieri
2229 594 2418 634 praecedere
2439 594 2483 624 fa-

1415 640 1504 665 ctum
1528 644 1606 665 esse.
1632 636 1718 676 Ergo
1743 637 1775 666 in
1799 646 1837 666 ea
1860 646 1926 667 non
1951 643 1998 667 est
2021 639 2191 669 successio.
2213 658 2234 661 —
2257 639 2347 669 Patet
2370 649 2484 669 conse-

1415 680 1557 719 quentia.
1581 680 1668 718 Quia
1683 681 1716 711 in
1733 682 1823 712 omni
1847 680 1987 712 factione
2011 683 2043 712 in
2068 693 2131 723 qua
2156 689 2202 714 est
2226 684 2398 719 successio,
2415 682 2483 714 fieri

1415 730 1463 754 est
1485 730 1559 755 ante
1582 724 1703 756 factum
1727 735 1806 762 esse,
1827 732 1862 756 ut
1884 727 2018 757 habetur
2034 727 2076 757 Vl
2093 728 2316 768 Plyrsicorum.
2340 746 2363 750 m
2385 728 2484 758 Ante-

1416 769 1533 799 cedens
1557 779 1633 800 vero
1656 771 1821 810 probatur.
1845 770 1931 808 Quia
1954 771 2016 801 tale
2040 771 2108 802 fieri
2131 778 2292 803 creaturae
2314 782 2382 802 non
2403 778 2488 810 esset

1415 814 1448 843 in
1472 814 1540 854 ipsa
1564 820 1708 846 creatura
1738 824 1821 856 quae
1851 815 2010 846 diceretur
2038 816 2115 852 fieri,
2142 826 2217 847 cum
2247 827 2315 847 non
2345 816 2384 847 sit
2394 816 2402 841 ἶ
2411 813 2484 847 ant'e

1415 857 1537 889 factum
1561 869 1646 896 esse;
1670 869 1731 890 nec
1763 861 1796 890 in
1826 860 1898 900 ipso
1930 860 2061 897 factore,
2086 862 2162 901 quia
2192 862 2315 892 moveri
2342 871 2411 892 non
2439 867 2485 891 est

1416 905 1505 934 a'ctus
1522 906 1692 941 moventis,
1709 905 1830 935 scilicet
1846 911 1882 935 ut
1897 906 2042 942 subiecti,
2059 906 2115 936 sed
2131 907 2229 942 moti·,
2253 915 2313 936 nec
2329 906 2362 936 in
2379 905 2485 945 aliqua

1415 949 1547 979 materia
1570 948 1646 979 sacti
1668 950 1909 990 praeexistente,
1934 951 2010 990 quia
2034 951 2096 981 hoc
2120 956 2167 981 est
2191 957 2304 981 contra
2328 950 2484 980 radonem

1417 994 1596 1024 creationis.
1622 994 1707 1035 Ergo
1733 1000 1792 1024 etc.

1472 1039 1524 1068 IV.
1545 1038 1682 1074 Quarto.
1700 1039 1778 1069 Esse
1802 1039 2008 1070 substantiale
2032 1045 2194 1070 creaturae
2218 1049 2285 1070 non
2309 1045 2356 1069 est
2380 1039 2486 1069 divisi-

1416 1083 1479 1113 bile
1491 1083 1671 1114 secundum
1687 1084 1903 1114 intensionem
1916 1089 1948 1114 et
1963 1079 2202 1115 remissionem:
2220 1093 2295 1114 cum
2311 1084 2486 1114 substantia

1416 1137 1483 1158 non
1500 1129 1652 1169 suscipiat
1667 1129 1768 1169 magis
1785 1134 1816 1159 et
1830 1129 1948 1159 minus.
1974 1129 2041 1160 Nec
2062 1130 2095 1159 in
2111 1130 2274 1160 creatione
2289 1128 2486 1169 praecedunt

1417 1173 1644 1213 dispositiones
1674 1173 1714 1204 ad
1745 1183 1812 1203 esse
1844 1179 2020 1204 creaturae:
2046 1183 2121 1204 cum
2149 1175 2281 1204 materia
2303 1183 2371 1204 non
2395 1182 2485 1214 prae-

1417 1218 1528 1248 existat
1551 1218 1715 1248 creationi.
1741 1218 1826 1258 Ergo
1850 1219 1894 1248 ibi
1918 1228 1985 1249 non
2014 1224 2061 1249 est
2090 1219 2262 1249 successio.
2285 1236 2306 1240 —
2328 1218 2486 1248 Probatur

1416 1264 1659 1303 consequentia.
1687 1263 1782 1301 Quia,
1811 1272 1886 1293 cum
1913 1264 2019 1293 omnis
2047 1262 2143 1294 factio
2174 1263 2352 1293 successiva
2382 1263 2422 1292 sit
2451 1263 2484 1292 in

1416 1313 1574 1347 tempore,
1598 1308 1694 1338 simul
1718 1306 1869 1338 dividitur
1892 1313 2030 1348 tempus
2047 1313 2156 1338 motus
2173 1313 2204 1338 et
2226 1307 2259 1338 id
2282 1317 2379 1347 super
2394 1306 2485 1347 quod

1416 1352 1527 1382 transit
1549 1357 1674 1382 motus:
1699 1361 1775 1382 nam
1797 1352 1830 1381 in
1855 1351 2024 1383 medietate
2044 1353 2200 1392 temporis
2215 1352 2400 1392 regulariter
2414 1361 2486 1381 mo-

1416 1402 1487 1427 tum
1510 1397 1679 1436 pertransit
1701 1396 1906 1427 medietatem
1925 1397 2164 1436 magnitudinis.
2189 1397 2312 1427 Divisio
2327 1402 2436 1427 autem
2451 1397 2485 1426 in

1417 1440 1538 1477 formis,
1555 1440 1705 1471 divisioni
1721 1442 1875 1481 temporis
1899 1441 2166 1480 correspondens,
2183 1440 2355 1472 attenditur
2371 1450 2486 1471 secun-

1417 1485 1496 1516 dum
1518 1486 1736 1516 intensionem
1759 1492 1791 1516 et
1814 1486 2035 1516 remissionem
2061 1492 2115 1516 aut
2137 1486 2238 1526 ipsius
2261 1485 2383 1516 formae
2403 1494 2485 1525 quae

1417 1536 1465 1560 est
1483 1530 1638 1560 terminus
1662 1536 1781 1566 motus,
1805 1536 1860 1560 aut
1883 1529 2133 1570 dispositionum
2156 1530 2195 1560 ad
2218 1530 2315 1560 talem
2337 1529 2484 1560 formam.

1417 1575 1515 1614 Ergo,
1532 1574 1587 1604 ubi
1604 1584 1672 1604 esse
1688 1584 1755 1604 non
1776 1575 1861 1615 capit
1882 1574 2097 1604 intensionem
2123 1580 2153 1604 et
2177 1575 2409 1610 remissionem,
2426 1583 2486 1604 nec

1418 1624 1493 1649 sunt
1516 1618 1742 1659 dispositiones
1773 1618 1812 1649 ad
1842 1619 1950 1658 ipsum
1980 1619 2077 1649 talem
2101 1617 2292 1649 divisionem
2315 1619 2487 1659 capientes,

1418 1664 1463 1694 ibi
1486 1672 1554 1693 non
1578 1669 1626 1693 est
1648 1664 1809 1693 successio
1833 1663 1866 1692 in
1891 1663 2102 1703 acquisitione
2126 1663 2196 1693 talis
2220 1672 2298 1693 esse.

1474 1707 1614 1738 Adverte
1638 1708 1728 1748 quod
1751 1707 1826 1738 ideo
1856 1707 1934 1737 dixit
1963 1707 2099 1738 Sanctus
2122 1707 2267 1737 Thomas
2291 1707 2490 1748 regulariter

1419 1758 1541 1783 motum
1565 1753 1598 1783 in
1621 1751 1792 1783 medietate
1816 1752 1971 1792 temporis
1993 1751 2139 1782 medium
2162 1751 2391 1792 magnitudinis
2418 1760 2489 1791 per-

1419 1798 1561 1834 transire,
1578 1797 1665 1837 quia,
1682 1798 1707 1827 si
1731 1796 1852 1838 aliquid
1875 1797 2086 1836 irregulariter
2108 1802 2302 1832 moveretur,
2319 1801 2355 1826 ut
2370 1795 2490 1826 scilicet

1419 1852 1484 1873 una
1507 1851 1579 1882 pars
1602 1847 1712 1873 motus
1736 1847 1819 1872 esset
1840 1842 1998 1872 intensior
2020 1841 2127 1877 altera,
2151 1841 2215 1871 hoc
2238 1850 2306 1872 non
2338 1841 2488 1871 eveniret.

1419 1887 1468 1918 De
1485 1887 1616 1918 veritate
1632 1893 1740 1917 autem
1757 1887 1852 1917 huius
1868 1886 2100 1926 propositionis
2116 1886 2220 1916 visum
2237 1891 2284 1916 est
2299 1885 2331 1915 in
2344 1885 2452 1915 Primo
2461 1885 2487 1914 *.

1475 1932 1514 1962 V.
1534 1932 1667 1968 Quinto.
1688 1931 1723 1961 ln
1747 1932 1909 1962 creatione
1933 1930 2011 1961 nihil
2035 1931 2248 1971 praeexigitur
2263 1940 2302 1960 ex
2318 1935 2406 1969 parte
2422 1938 2489 1959 ma-

1419 1977 1526 2007 teriae.
1551 1977 1620 2007 Nec
1641 1975 1763 2016 aliquid
1786 1976 1875 2007 deest
1890 1976 1996 2015 agenti
2019 1975 2058 2006 ad
2081 1974 2252 2015 agendum,
2269 1974 2359 2014 quod
2378 1979 2490 2014 postea

1420 2031 1477 2061 per
1499 2027 1628 2052 motum
1660 2022 1689 2051 ei
1719 2020 1876 2051 adveniat.
1907 2020 1993 2060 Ergo
2024 2021 2142 2050 creatio
2171 2025 2218 2050 est
2248 2020 2281 2050 in
2304 2020 2444 2049 instanti.
2467 2036 2489 2040 -

1420 2066 1577 2097 Probatur
1600 2066 1842 2106 consequentia.
1867 2064 1952 2103 Quia
1976 2065 2137 2095 successio
2160 2065 2194 2094 in
2220 2073 2327 2094 rerum
2350 2063 2489 2094 factione

1421 2121 1459 2141 ex
1483 2110 1611 2141 defectu
1642 2111 1792 2141 materiae
1822 2110 1981 2151 provenit,
2006 2119 2089 2150 quae
2119 2119 2136 2139 a
2164 2108 2324 2149 principio
2352 2117 2419 2138 non
2443 2112 2490 2138 est

1420 2155 1616 2187 sufficienter
1638 2155 1678 2186 ad
1702 2155 1923 2195 receptionem
1946 2153 2069 2185 formae
2100 2153 2263 2193 disposita.
2287 2152 2392 2188 Unde,
2415 2161 2490 2183 cum

1422 2206 1469 2231 est
1485 2201 1650 2241 disposita,
1667 2200 1805 2231 formam
1821 2200 1935 2239 recipit
1957 2199 1990 2229 in
2013 2199 2159 2229 instanti:
2184 2199 2267 2228 sicut
2282 2196 2490 2237 diaphanum,

1422 2247 1498 2286 quia
1514 2255 1641 2285 semper
1657 2251 1705 2276 est
1719 2246 1754 2275 in
1770 2245 1883 2275 ultima
1898 2243 2110 2284 dispositione
2134 2242 2174 2273 ad
2197 2243 2314 2278 lucem,
2331 2242 2436 2272 statim
2452 2241 2491 2272 ad

1422 2291 1635 2332 praesentiam
1658 2289 1756 2321 lucidi
1780 2289 1988 2320 illuminatur.
2013 2286 2114 2326 Quod
2137 2287 2163 2317 si
2185 2286 2357 2327 requiritur
2373 2291 2491 2321 motus,

1421 2337 1485 2367 hoc
1509 2345 1577 2366 non
1601 2341 1649 2366 est
1679 2345 1717 2366 ex
1747 2340 1837 2374 parte
1866 2333 2096 2368 illuminabilis,
2121 2331 2177 2362 sed
2201 2341 2238 2362 ex
2262 2336 2352 2370 parte
2374 2331 2493 2361 illumi-

1421 2381 1537 2416 nantis,
1554 2385 1590 2410 ut
1605 2379 1660 2410 fiat
1683 2388 1844 2420 praesens.
1869 2378 1932 2410 Ubi
1956 2387 2033 2418 ergo
2057 2377 2136 2407 nihil
2159 2376 2331 2416 requiritur
2347 2384 2385 2405 ex
2404 2380 2493 2415 parte

1422 2426 1589 2460 materiae;
1613 2434 1674 2455 nec
1698 2434 1736 2455 ex
1760 2429 1849 2463 parte
1873 2424 1995 2463 agentis
2018 2421 2139 2462 aliquid
2161 2430 2219 2461 per
2237 2426 2365 2450 motum
2384 2420 2494 2460 acqui-

1422 2471 1514 2501 sibile
1530 2470 1717 2509 requiritur;
1738 2469 1782 2498 ibi
1797 2474 1927 2508 oportet
1943 2466 2117 2498 factionem
2132 2467 2365 2496 instantaneam
2381 2473 2460 2495 esse.
2472 2482 2494 2486 —

1422 2515 1471 2547 Ex
1486 2516 1524 2546 iis
1540 2513 1711 2545 deducitur
1727 2513 1818 2553 quod
1841 2512 1938 2543 simul
1960 2512 2039 2542 dum
2063 2510 2184 2551 aliquid
2200 2515 2334 2545 creatur,
2351 2514 2494 2539 creatum

1423 2566 1486 2590 est:
1511 2559 1595 2589 sicut
1617 2558 1715 2589 simul
1738 2557 1859 2597 aliquid
1874 2557 2072 2588 illuminatur
2096 2561 2128 2585 et
2150 2560 2198 2585 est
2220 2554 2448 2584 illuminatum.

1478 2603 1654 2634 Sciendum
1678 2608 1786 2632 autem
1810 2600 1911 2641 quod,
1927 2601 2002 2631 licet
2021 2600 2116 2630 simul
2133 2600 2172 2629 sit
2187 2599 2287 2629 creari
2302 2603 2334 2627 et
2350 2603 2492 2628 creatum

1423 2657 1501 2683 esse,
1526 2653 1558 2677 et
1580 2646 1754 2677 illuminari
1778 2655 1814 2676 ac
1838 2645 2056 2676 illuminatum
2075 2653 2154 2678 esse,
2170 2648 2278 2672 tamen
2302 2642 2425 2671 ratione
2446 2639 2493 2671 di-

1422 2692 1638 2731 stinguuntur.
1663 2690 1750 2728 Quia
1772 2690 1881 2720 creari
1904 2689 1981 2719 dicit
2003 2690 2110 2728 ipsum
2141 2696 2208 2717 esse
2232 2691 2393 2717 creaturae
2417 2694 2491 2715 cum

1424 2736 1540 2766 actuali
1555 2736 1698 2766 novitate
1714 2734 1839 2765 essendi
1856 2739 1888 2765 et
1902 2732 2089 2764 habitudine
2112 2731 2244 2762 actualis
2259 2729 2492 2770 dependentiae

1423 2780 1464 2811 ad
1487 2781 1611 2811 Deum:
1635 2784 1781 2811 creatum
1804 2784 1911 2810 autem
1934 2787 2002 2808 esse
2026 2777 2102 2808 dicit
2126 2777 2232 2816 ipsum
2248 2774 2345 2805 totale
2362 2783 2430 2804 esse
2447 2773 2492 2803 rei

1422 2826 1566 2865 positum
1595 2826 1629 2855 in
1660 2830 1734 2855 actu
1763 2834 1782 2854 a
1811 2824 1894 2859 Deo,
1925 2832 1994 2853 non
2023 2827 2132 2852 autem
2163 2820 2240 2851 dicit
2271 2817 2491 2849 habitudinem

1422 2870 1555 2900 actualis
1578 2868 1812 2910 dependentiae
1835 2877 1911 2898 cum
1934 2867 1990 2898 tali
2012 2867 2154 2897 novitate
2179 2863 2313 2895 essendi.

1477 2915 1605 2945 Ummo
1629 2913 1839 2944 confirmatur
1862 2912 2051 2943 auctoritate
2077 2910 2156 2940 Gen.
2173 2920 2194 2939 1.
2218 2909 2282 2940 Ubi
2305 2908 2390 2938 enim
2415 2906 2492 2936 dici-

1423 2964 1484 2995 tur,
1509 2959 1548 2989 In
1567 2958 1732 2999 principio
1749 2976 1771 2979 *
1786 2957 1907 2988 scilicet
1923 2955 2085 2996 temporis,
2103 2953 2282 2985 secundum
2301 2952 2455 2982 Basilium
2471 2968 2493 2971 —

1423 3004 1547 3035 creavit
1569 3003 1658 3033 Deus
1682 3003 1806 3033 caelum
1831 3007 1862 3032 et
1884 3007 2015 3036 terram,
2033 2999 2125 3030 datur
2140 2998 2275 3038 intelligi
2297 2996 2493 3027 creationem

1422 3049 1656 3079 instantaneam
1680 3057 1765 3078 esse:
1791 3056 1866 3077 cum
1890 3046 2086 3086 principium
2109 3043 2263 3083 temporis
2293 3042 2333 3071 sit
2362 3041 2492 3070 instans.

2517 1884 2525 1892 ·
2541 1882 2598 1909 Cap.
2608 1888 2646 1907 xx,
2660 1881 2731 1903 Com·

2517 1912 2587 1931 ment.
2601 1914 2624 1930 n.
2635 1913 2674 1929 vn.
