2768 4134
40 797 52 808 ·
65 795 103 819 Cf.
118 801 183 818 num.
192 801 228 819 nr.

38 1105 50 1117 ¹
57 1103 191 1128 Omnem.
199 1108 252 1133 up.

34 1137 80 1160 ui,
89 1137 155 1154 num.
164 1137 184 1154 1.

26 3140 50 3171 Α*
63 3157 115 3181 1²01.
130 3164 167 3187 9v
183 3156 254 3186 (Ven.

38 3185 116 3214 ⁴⁴⁹7)-

772 261 962 300 SUMMA
991 263 1214 303 CONTRA
1241 266 1516 314 GENTlLES,
1545 270 1640 307 LIB.
1662 271 1703 315 11,
1733 270 1844 309 CAP.
1866 271 1999 309 XCIV.

2415 272 2491 320 567

1050 377 1385 412 Commentariis
1415 380 1724 415 Fen-ariensis

335 488 356 509 x
379 477 562 519 praemissis
584 474 757 507 deducitur
778 474 948 506 corollarie
972 473 1064 514 quod
1087 474 1197 505 anima
1222 485 1288 506 non
1316 481 1364 506 est

0 527 5 537 ”’
41 521 257 577 {a‘ssf‘pffaeffiiss
289 490 332 553 E
347 522 489 554 eiusdem
512 521 630 562 speciei
652 529 727 552 cum
749 519 940 551 substantiis
961 519 1124 559 separatis
1139 520 1166 549 *.

341 568 366 599 1.
388 567 434 598 Et
455 566 614 608 arguitur
632 565 681 596 sic
692 564 816 605 primo.
833 563 940 595 Maior
963 569 1010 594 est
1033 562 1213 594 differentia
1235 563 1363 594 animae

285 613 448 644 humanae
471 620 490 642 a
512 609 690 642 substantia
705 613 852 649 separata
867 617 968 649 quam
986 608 1086 639 unius
1100 608 1297 638 substantiae
1313 617 1362 639 se-

283 662 414 699 paratae
436 655 477 687 ab
499 654 572 686 alia.
595 654 684 695 Ergo
708 658 770 685 etc.
785 671 810 676 —
824 653 916 685 Patet
939 653 1176 694 consequentia
1202 661 1241 683 ex
1268 661 1361 692 prae-

284 701 413 733 cedenti
436 699 595 741 capitulo:
613 699 691 739 quia
713 698 836 729 scilicet
852 707 968 730 omnes
983 697 1181 728 substantiae
1196 702 1361 737 separatae

283 745 436 777 differunt
458 744 578 786 specie.

338 789 490 821 Secundo
501 789 529 819 ὓ.
553 788 633 820 Esse
657 787 784 819 animae
806 787 970 819 humanae
993 791 1026 817 et
1048 786 1245 817 substantiae
1268 794 1361 825 sepa-

281 840 371 866 ratae
391 843 461 865 non
484 839 533 864 est
561 833 660 864 unius
682 832 834 865 rationis:
863 832 941 872 quia
966 831 1001 863 in
1033 840 1102 862 uno
1129 835 1238 872 potest
1268 839 1360 860 com-

281 880 450 911 municare
473 887 604 919 corpus,
628 877 662 908 in
684 877 750 908 alio
768 885 848 908 vero
866 885 947 908 non.
971 875 1059 916 Ergo
1083 881 1144 907 etc.
1163 893 1187 897 -
1202 875 1360 905 Probatur

281 924 526 965 consequentia.
550 922 639 960 Quia
660 930 880 962 unaquaeque
902 930 952 952 res
975 921 1072 952 habet
1095 920 1266 961 proprium
1290 928 1359 950 esse

281 968 464 1002 secundum
486 967 648 999 rationem
663 975 741 998 suae
756 965 892 1007 speciei:
917 974 995 997 nam
1011 974 1156 1006 quorum
1171 970 1219 995 est
1235 963 1359 995 diversa

280 1015 363 1046 ratio
379 1012 517 1050 essendi,
539 1016 587 1044 est
610 1011 736 1043 diversa
756 1011 892 1051 species.

338 1059 375 1091 11.
393 1059 489 1091 Circa
510 1058 596 1088 hanc
614 1057 774 1088 rationem
797 1054 866 1086 duo
885 1059 962 1086 sunt
981 1053 1187 1086 attendenda.
1211 1053 1358 1084 Primum

281 1110 330 1136 est
344 1103 447 1145 quod,
459 1108 497 1134 ut
511 1102 661 1144 superius
673 1101 690 1118 ⁴*
705 1099 831 1135 dictum
846 1105 905 1136 est,
923 1109 993 1130 esse
1009 1099 1143 1131 actualis
1159 1098 1357 1135 existentiae,

281 1158 358 1181 cum
380 1149 422 1179 sit
443 1147 559 1178 ultima
581 1145 749 1178 actualitas
770 1145 828 1182 rei,
850 1153 910 1186 per
925 1144 1026 1175 alium
1049 1149 1159 1176 actum
1183 1147 1240 1173 aut
1261 1142 1358 1174 aliam

280 1193 496 1226 differentiam
519 1190 725 1223 determinari
746 1199 816 1221 non
838 1194 958 1230 potest,
982 1188 1040 1220 sed
1067 1188 1184 1228 accipit
1207 1186 1358 1218 determi-

279 1239 448 1270 nationem
463 1242 496 1268 et
518 1235 748 1267 limitationem
764 1244 803 1265 ex
819 1234 1018 1275 susceptivo,
1035 1233 1113 1274 quia
1127 1231 1278 1264 videlicet
1292 1232 1358 1263 hoc

279 1289 328 1315 eet
349 1291 421 1314 esse
442 1281 529 1313 illius
551 1285 697 1317 naturae,
713 1285 746 1311 et
767 1278 849 1311 illud
863 1284 912 1310 est
935 1288 1005 1310 esse
1021 1278 1164 1310 alterius:
1187 1277 1272 1308 sicut
1287 1285 1357 1308 esse

279 1327 479 1360 horninis‘et
501 1334 571 1356 esse
594 1325 672 1365 equi
695 1324 941 1364 distinguuntur
954 1324 1032 1364 quia
1055 1323 1120 1354 hoc
1143 1327 1192 1354 est
1215 1330 1285 1352 esse
1299 1331 1357 1352 na-

278 1378 371 1405 turae
392 1373 567 1407 humanae,
591 1375 623 1401 et
645 1369 727 1400 illud
751 1378 820 1400 esse
843 1374 977 1399 naturae
1001 1368 1151 1408 equinae,
1173 1375 1258 1408 quae
1282 1371 1358 1397 sunt

278 1422 414 1450 naturae
437 1415 546 1457 specie
570 1414 749 1445 distinctae.
773 1413 911 1454 Propter
940 1413 1006 1444 hoc
1033 1413 1117 1443 bene
1147 1411 1254 1452 inquit
1277 1410 1357 1442 San-

279 1467 351 1494 ctus
370 1461 518 1492 Thomas
541 1458 632 1500 quod
655 1467 875 1499 unaquaeque
898 1467 948 1489 res
971 1457 1069 1488 habet
1091 1457 1263 1497 proprium
1286 1465 1356 1486 esse

278 1505 462 1539 secundum
485 1505 647 1537 rationem
662 1512 740 1534 suae
756 1503 893 1544 speciei;
915 1508 948 1533 et
962 1501 1054 1543 quod
1078 1511 1194 1532 eorum
1213 1510 1356 1541 quorum

280 1557 329 1584 eet
344 1550 470 1583 diversa
491 1550 573 1581 ratio
598 1547 736 1585 essendi,
759 1547 844 1580 idest
866 1556 936 1579 esse
959 1546 1159 1579 diversarum
1181 1546 1356 1583 rationum,

279 1602 329 1628 est
351 1595 477 1627 diversa
498 1594 635 1635 species.

337 1649 368 1671 2.
384 1639 575 1671 Secundum
598 1643 646 1669 est
669 1647 708 1668 ex
731 1637 879 1668 doctrina
901 1636 1012 1667 Sancti
1034 1635 1184 1667 Thomae
1208 1635 1236 1666 11
1256 1634 1356 1671 Sent„

279 1683 312 1716 d.
326 1694 372 1723 ru,
388 1693 421 1727 q.
443 1693 470 1722 ι,
493 1689 552 1715 art.
575 1683 644 1719 ult„
669 1681 772 1723 quod,
788 1691 866 1713 cum
890 1680 1089 1713 differentiae
1105 1680 1292 1712 essentiales
1307 1689 1357 1710 re-

277 1738 352 1761 rum
374 1729 440 1760 sint
460 1729 557 1760 nobis
578 1727 722 1768 ignotae,
747 1731 779 1758 et
794 1726 936 1757 maxime
958 1735 1067 1756 rerum
1083 1724 1356 1761 immaterialium,

194 1813 202 1826 ι
244 1777 251 1798 ³
277 1779 316 1806 ut
341 1773 459 1806 dicitur
486 1773 546 1804 Vll
578 1772 722 1813 Metaph.
744 1772 772 1808 *,
803 1781 856 1802 eas
886 1770 1073 1802 differentiis
1104 1769 1357 1801 accidentalibus

279 1827 373 1861 quae⁴
387 1828 428 1851 ex
450 1817 675 1851 essentialibus
690 1821 874 1852 causantur,
891 1815 1110 1856 designamus,
1126 1815 1211 1846 sicut
1226 1824 1357 1846 causam

279 1863 541 1900 defimamus
563 1871 623 1904 per
637 1860 801 1893 effectum.
826 1859 906 1892 Inde
921 1865 969 1891 est
992 1859 1084 1901 quod
1106 1858 1284 1900 aliquando
1301 1858 1357 1890 ali-

279 1916 420 1951 quarum
441 1916 552 1939 rerum
573 1905 771 1947 multiplices
795 1905 997 1946 assignantur
1016 1903 1225 1940 differentiae,
1241 1912 1357 1934 secun-

279 1953 360 1985 dum
387 1951 480 1994 quod
508 1951 613 1984 multa
641 1950 683 1981 ad
710 1950 859 1991 proprias
890 1954 922 1979 et
949 1949 1133 1980 essentiales
1163 1947 1357 1980 differentias

280 2002 539 2039 consequuntur.
562 1996 787 2027 Veruntamen
809 1994 894 2025 inter
916 1992 987 2024 illas
1010 2002 1048 2024 ea
1078 1998 1127 2024 est
1154 1993 1243 2034 prior
1266 1991 1358 2024 diffe-

279 2042 383 2074 rentia
405 2050 490 2083 quae
513 2041 652 2072 sumitur
675 2048 715 2070 ex
734 2038 988 2080 proprietatibus
1010 2038 1229 2069 immediatius
1253 2047 1292 2068 ex
1308 2046 1357 2068 es-

279 2087 383 2119 sentia
404 2091 438 2118 et
459 2091 574 2118 natura
596 2086 644 2117 rei
667 2083 930 2125 procedentibus.
954 2083 1046 2115 Haec
1069 2092 1147 2123 ergo
1178 2081 1358 2114 differentia

279 2132 333 2164 hic
354 2132 515 2173 assignata
537 2131 621 2163 inter
635 2129 830 2160 substantias
849 2133 1010 2170 separatas
1031 2133 1063 2158 et
1085 2128 1228 2159 animam
1251 2137 1294 2158 ex
1308 2126 1357 2158 di-

280 2186 375 2209 versa
399 2175 529 2207 ratione
551 2174 687 2210 essendi,
711 2183 780 2205 non
804 2178 852 2204 est
872 2172 1048 2204 essentialis
1063 2171 1259 2203 differentia:
1281 2172 1357 2213 quia

279 2230 350 2253 esse
373 2221 420 2252 rei
435 2225 560 2252 creatae
578 2229 648 2250 non
663 2224 711 2250 est
727 2218 767 2249 de
782 2218 884 2259 ipsius
905 2217 1052 2254 essentia,
1068 2215 1126 2248 sed
1145 2217 1358 2258 consequitur

280 2266 471 2303 essentiarm
495 2270 529 2296 et
551 2272 820 2304 unamquamque
843 2263 988 2303 speciem
1011 2267 1043 2293 et
1069 2266 1218 2293 naturam
1241 2270 1358 2293 conse-

280 2311 392 2355 quitur
413 2319 484 2342 esse
507 2309 697 2341 distinctum
720 2309 760 2339 ab
790 2316 860 2338 esse
890 2307 1021 2338 alterius
1049 2311 1194 2344 naturae,
1219 2307 1303 2338 sicut
1325 2311 1358 2337 et

279 2356 425 2398 ipsarum
447 2360 636 2387 naturarum
658 2359 735 2385 sunt
757 2352 903 2384 diversae
925 2352 1076 2383 rationes.
1101 2351 1197 2384 Unde
1223 2360 1358 2392 arguere

280 2410 300 2432 a
321 2400 531 2433 distinctione
554 2397 706 2440 specifica
735 2407 805 2429 esse
835 2396 876 2428 ad
905 2395 1092 2438 specificam
1115 2396 1358 2428 distinctionem

280 2451 479 2481 naturarum,
494 2454 565 2476 non
580 2449 629 2476 est
651 2452 786 2484 arguere
808 2452 827 2473 a
849 2442 960 2483 priori,
981 2440 1038 2473 sed
1061 2451 1079 2472 a
1101 2441 1284 2484 posteriori.
1301 2441 1358 2472 Vi-

281 2489 375 2522 detur
397 2492 509 2521 autem
530 2489 592 2520 ista
613 2487 794 2519 differentia
809 2491 939 2528 sumpta
962 2495 1002 2517 ex
1017 2485 1200 2517 diversitate
1219 2485 1357 2523 essendi,

280 2534 357 2566 alias
379 2533 574 2566 differentias
596 2533 770 2574 assignatas
791 2530 995 2572 praecedere,
1017 2536 1098 2572 puta
1120 2540 1194 2562 eam
1209 2540 1294 2572 quae
1311 2536 1359 2562 est

280 2589 339 2621 per
361 2589 431 2611 esse
453 2588 492 2610 co
519 2578 713 2609 noscitivum
736 2586 810 2608 cum
833 2576 984 2607 discursu
1014 2581 1046 2607 et
1068 2586 1138 2607 esse
1159 2576 1358 2618 cognosciti-

281 2634 356 2656 vum
382 2624 455 2656 sine
503 2623 641 2659 iscar-su,
669 2628 702 2654 et
731 2631 805 2654 eam
834 2630 919 2662 quae
946 2626 996 2652 est
1022 2621 1143 2652 habere
1171 2621 1358 2653 mutabilem

280 2669 469 2704 electionem
492 2674 526 2700 et
553 2668 673 2700 habere
700 2666 932 2699 ionmutabilem
959 2666 1169 2698 electionem:
1198 2667 1276 2707 quia
1298 2665 1359 2697 dif-

280 2713 415 2750 ferentia
436 2713 688 2746 substantiarum
711 2711 910 2752 simplicium
933 2709 1115 2742 secundum
1138 2710 1282 2752 speciem
1306 2720 1360 2741 su-

279 2759 379 2795 mitur
400 2756 583 2790 secundum
605 2756 743 2800 gradum
765 2755 986 2798 possibilitatis
1008 2755 1043 2786 in
1066 2755 1130 2792 eis;
1157 2764 1197 2786 ex
1219 2755 1360 2786 maxima

280 2809 391 2835 autem
412 2803 626 2845 possibilitate
653 2802 781 2832 animae
803 2799 1018 2831 intellectivae
1041 2800 1076 2831 in
1098 2805 1212 2831 natura
1234 2799 1360 2831 intelle-

280 2848 390 2884 ctuali,
406 2848 491 2889 ‘quia
513 2852 604 2879 tenet
626 2846 661 2877 in
683 2846 739 2877 illa
761 2845 917 2876 ultimum
939 2844 1087 2885 gradum,
1115 2845 1199 2876 sicut
1226 2845 1360 2876 materia

280 2893 386 2934 prima
411 2898 501 2924 tenet
525 2892 681 2923 ultimum
707 2889 844 2932 gradum
870 2890 904 2920 in
930 2894 1045 2921 natura
1072 2889 1227 2926 sensibili,
1252 2890 1360 2921 statim

280 2937 432 2979 provenit
455 2936 547 2978 quod
573 2945 671 2968 suum
695 2945 764 2967 esse
786 2934 942 2966 materiae
965 2934 1240 2971 communicatur;
1269 2934 1361 2975 quod

281 2991 351 3013 esse
362 2981 615 3013 substantiarum
626 2985 844 3021 separatarum
852 2988 924 3010 non
935 2979 1098 3010 convenit.
1114 2978 1163 3010 Ex
1174 2978 1235 3010 hac
1243 2977 1360 3010 deinde

281 3023 460 3058 differentia
489 3025 571 3057 aliae
596 3034 681 3067 quae
704 3029 780 3057 sunt
802 3027 821 3054 ‘a
849 3023 982 3055 diversis
1009 3022 1198 3055 doctoribus
1221 3025 1361 3065 assigna-

281 3076 342 3108 tae,
367 3074 624 3111 consequuntur.

338 3115 368 3146 3.
397 3115 446 3146 Ex
475 3115 514 3146 iis
544 3119 634 3156 patet
664 3112 756 3154 quod
782 3113 901 3145 Scotus
931 3121 1001 3143 non
1030 3112 1118 3144 vadit
1147 3112 1188 3143 ad
1215 3118 1360 3144 mentem

283 3159 394 3192 Sancti
415 3160 567 3191 Thomae
591 3158 682 3196 dum,
705 3159 740 3190 in
763 3157 791 3190 11
814 3157 915 3193 Sent„
939 3156 970 3188 d.
994 3167 1015 3194 r,
1040 3167 1072 3199 q.
1088 3167 1121 3188 vr
1134 3158 1162 3194 ⁹,
1190 3158 1362 3199 impugnat

281 3206 421 3247 primam
443 3203 586 3242 radicem
609 3203 826 3235 distinctionis
843 3202 928 3233 inter
950 3201 1163 3235 substantiam
1182 3209 1361 3243 separatam

283 3255 316 3281 et
337 3250 481 3282 animam
502 3258 573 3282 non
596 3258 666 3281 esse
681 3249 747 3280 hoc
762 3246 854 3289 quod
872 3246 1011 3279 dicimus
1030 3257 1100 3279 esse
1118 3246 1270 3281 unibilem
1286 3257 1361 3279 cor·

277 3295 368 3335 pori,
385 3300 417 3325 et
433 3304 500 3325 non
517 3303 585 3325 esse
601 3293 735 3335 corpori
751 3292 915 3323 unibilem.
939 3291 1032 3322 Licet
1051 3292 1140 3323 enim
1153 3298 1263 3323 teneat
1281 3292 1360 3324 San-

284 3344 355 3370 ctus
377 3334 524 3372 Thomas
548 3338 703 3379 distingui
725 3338 801 3369 istas
823 3336 1018 3368 substantias
1041 3335 1192 3378 specifice
1214 3346 1273 3378 per
1291 3347 1361 3369 esse

284 3382 444 3414 unibilem
466 3389 499 3414 et
519 3393 591 3414 non
614 3392 684 3414 esse
707 3381 866 3414 unibilem
893 3381 1035 3421 corpori,
1058 3391 1128 3412 non
1151 3381 1230 3413 dicit
1250 3387 1361 3413 tamen

284 3429 379 3459 istam
401 3437 471 3459 esse
486 3429 626 3469 primam
639 3427 784 3459 radicem
799 3425 1025 3463 distinctionis,
1040 3431 1079 3457 ut
1102 3426 1223 3458 unibile
1245 3432 1278 3458 et
1293 3437 1360 3459 non

285 3472 407 3504 unibile
435 3473 614 3514 important
642 3472 857 3505 habitudines.
889 3470 1006 3506 Immo,
1039 3476 1077 3502 ut
1106 3481 1145 3502 ex
1172 3471 1266 3503 dictis
1291 3472 1361 3505 eius

284 3518 319 3548 in
335 3518 362 3548 11
379 3517 478 3554 Sent„
494 3517 570 3548 loco
586 3518 812 3558 praeallegato,
829 3516 975 3551 habetur,
995 3515 1075 3546 haec
1091 3515 1254 3547 distinctio
1269 3525 1361 3557 prae-

285 3562 444 3603 supponit
456 3562 552 3593 aliam
563 3561 806 3594 distinctionem
818 3559 1036 3593 essentialem:
1050 3569 1160 3601 quam,
1174 3561 1250 3601 quia
1265 3562 1360 3592 nobis

286 3612 335 3638 est
355 3607 532 3647 incognita,
555 3616 614 3647 per
636 3607 720 3642 hanc
750 3613 782 3639 et
811 3616 870 3648 per
899 3606 977 3638 alias
1000 3604 1194 3637 differentias
1221 3607 1360 3639 circum·

285 3651 462 3692 loquimur.

1437 521 1442 526 .
1473 476 1525 506 111.
1553 477 1672 508 Tertio.
1698 478 1881 510 Substantia
1903 487 2047 521 separata
2069 482 2165 513 habet
2184 491 2241 523 per
2260 485 2399 524 seipsam
2415 495 2490 526 spe-

1416 529 1511 551 ciem.
1534 520 1612 552 Non
1635 528 1743 553 autem
1759 524 1882 554 anima:
1907 524 1964 556 sed
1980 530 2027 556 est
2049 535 2122 566 pars
2137 528 2266 567 speciei.
2286 528 2373 569 Ergo
2390 535 2450 561 etc.
2464 549 2488 553 -

1416 564 1574 594 Probatur
1593 568 1834 606 consequentia.
1851 568 1938 606 Quia
1953 569 2044 609 quod
2059 571 2239 602 secundum
2255 573 2399 613 seipsum
2413 584 2487 615 spe-

1416 609 1501 639 ciem
1516 609 1623 646 habet,
1642 619 1711 641 non
1726 617 1834 650 potest
1851 621 1921 643 esse
1937 614 2083 645 eiusdem
2098 617 2218 655 speciei
2236 626 2313 648 cum
2336 627 2377 648 eo
2396 619 2486 659 quod

1415 662 1484 683 non
1507 653 1606 684 habet
1628 655 1809 686 secundum
1832 665 1866 686 se
1893 658 2046 697 speciem,
2070 659 2160 696 idest,
2189 661 2280 701 quod
2305 662 2484 695 secundum

1415 706 1450 728 se
1472 707 1542 728 non
1565 703 1614 728 est
1635 699 1760 738 species
1782 700 1956 740 completa,
1980 702 2037 732 sed
2058 712 2131 743 pars
2154 706 2282 744 speciei.

1430 787 1436 792 ἱ
1474 741 1613 778 Quarto.
1637 743 1695 774 Est
1718 744 1855 774 omnino
1878 745 1959 775 alius
1978 745 2096 777 modus
2119 749 2316 789 intelligendi
2339 751 2486 783 substan-

1414 791 1477 817 tiae
1493 792 1657 827 separatae
1673 793 1705 818 et
1720 788 1857 820 animae.
1870 789 1956 829 Ergo
1970 795 2030 820 etc.
2042 808 2065 812 ——
2077 791 2166 822 Patet
2181 794 2382 825 antecedens.
2399 795 2485 834 Quia

1415 831 1523 862 anima
1545 831 1694 872 intelligit
1712 842 1731 863 a
1746 833 2023 873 phantasmatibus
2039 835 2269 867 abstrahendo:
2289 848 2357 869 non
2375 845 2485 872 autem

1414 876 1592 907 substantia
1614 882 1768 917 separata,
1793 887 1870 909 curn
1892 888 1962 909 non
1985 879 2101 910 habeat
2124 890 2243 920 organa
2273 892 2438 923 corporea.
2461 903 2484 907 -

1415 919 1661 972 Consequentia
1683 931 1760 952 vero
1784 923 1949 962 probatur.
1969 923 2055 961 Quia
2079 934 2118 955 ex
2140 926 2271 966 propria
2295 929 2484 967 operatione

1413 974 1460 995 rei
1483 970 1659 1005 percipitur
1682 966 1752 997 eius
1774 968 1908 1007 species.

1469 1009 1523 1040 lv.
1549 1009 1644 1040 Circa
1666 1011 1750 1042 hanc
1773 1012 1932 1043 rationem
1956 1014 2096 1044 occurrit
2123 1012 2303 1045 difficultas.
2332 1015 2365 1046 Si
2397 1017 2484 1047 enim

1413 1052 1558 1084 diversus
1580 1054 1700 1086 modus
1723 1056 1922 1096 intelligendi
1944 1058 2047 1097 arguit
2063 1057 2278 1090 diversitatem
2299 1059 2484 1100 specificam

1412 1103 1599 1130 naturarum
1622 1100 1900 1138 intellectivarurn,
1925 1102 2070 1142 sequitur
2092 1102 2229 1134 alterum
2253 1103 2408 1136 duorum:
2429 1111 2485 1136 aut

1411 1143 1534 1193 scilicet
1549 1143 1641 1183 quod
1656 1145 1763 1175 anima
1778 1151 1921 1186 separata
1938 1152 1985 1177 est
2008 1147 2136 1178 alterius
2155 1149 2273 1188 speciei
2291 1158 2389 1189 quam
2405 1159 2484 1181 con-

1411 1193 1534 1225 1uncta;
1559 1194 1615 1219 aut
1638 1188 1729 1229 quod
1752 1196 1896 1230 separata
1925 1191 2041 1222 habeat
2064 1192 2204 1223 eundem
2231 1193 2368 1225 modum
2390 1194 2484 1225 intel-

1411 1231 1532 1272 ligendi
1555 1241 1655 1272 quem
1678 1234 1774 1264 habet
1804 1236 1989 1272 coniuncta,
2021 1236 2142 1267 scilicet
2172 1247 2190 1267 a
2219 1238 2421 1269 sensibilibus
2451 1244 2483 1270 et

1411 1277 1689 1316 phantasmatibus
1713 1279 1937 1310 abstrahendo.
1962 1281 2091 1311 Horum
2115 1286 2224 1312 autem
2243 1287 2419 1323 utrumque
2435 1289 2483 1314 est

1411 1322 1621 1363 impossibile,
1646 1329 1682 1353 ut
1705 1329 1814 1363 aperte
1838 1324 1950 1364 liquet.
1974 1325 2061 1365 Ergo
2086 1331 2146 1356 etc.

1467 1367 1615 1408 Augetur
1645 1377 1780 1408 quoque
1811 1368 1979 1400 dubitatio.
2011 1370 2097 1408 Quia
2127 1371 2160 1400 in
2191 1370 2255 1408 Qu.
2288 1371 2327 1401 de
2353 1371 2480 1407 Anima,

1410 1421 1439 1442 a.
1460 1412 1510 1449 15,
1527 1413 1567 1444 ad
1590 1421 1637 1450 ιο,
1662 1412 1777 1443 dicitur
1801 1413 1892 1453 quod
1915 1423 1980 1444 non
2004 1414 2268 1456 diversificantur
2289 1415 2410 1455 species
2433 1417 2482 1446 in-

1411 1456 1604 1488 tellectualis
1635 1458 1837 1498 operationis
1861 1468 1926 1498 per
1952 1459 2014 1489 hoc
2041 1459 2128 1500 quod
2158 1459 2375 1501 intelligibilia
2407 1466 2482 1491 actu

1409 1507 1488 1532 sunt
1510 1508 1641 1543 accepta
1658 1512 1700 1532 ex
1717 1502 1999 1542 phantasmatibus
2023 1509 2081 1534 aut
2098 1503 2241 1535 aliunde.
2263 1505 2349 1545 Ergo
2366 1515 2404 1535 ex
2419 1505 2481 1536 isto

1411 1545 1537 1578 diverso
1553 1546 1656 1578 modo
1680 1546 1880 1588 intelligendi
1895 1557 1964 1578 non
1987 1554 2095 1588 potest
2118 1550 2208 1588 argui
2231 1548 2394 1579 diversitas
2409 1559 2481 1590 spe-

1410 1590 1504 1626 cifica
1526 1596 1659 1623 naturae
1682 1591 1917 1628 intellectualis,
1941 1597 1978 1623 ut
2000 1591 2037 1623 fit
2059 1593 2093 1624 in
2116 1593 2175 1624 hac
2199 1594 2333 1624 ratione.

1466 1636 1505 1666 V.
1530 1636 1582 1667 Ad
1597 1637 1694 1667 huius
1710 1635 1915 1672 evidentiam,
1932 1636 2203 1668 considerandum
2223 1637 2313 1677 quod
2328 1638 2392 1668 hoc
2407 1638 2483 1668 loco

1410 1681 1516 1721 arguit
1539 1681 1677 1712 Sanctus
1700 1680 1846 1711 Thomas
1870 1680 2111 1712 distinctionem
2127 1681 2312 1721 specificam
2335 1682 2483 1712 substan-

1410 1726 1528 1756 tiarum
1552 1735 1591 1756 ex
1614 1724 1742 1756 diverso
1758 1724 1860 1755 modo
1876 1725 2086 1765 intelligendi,
2103 1734 2171 1755 non
2189 1734 2411 1765 quocumque,
2428 1725 2485 1756 sed

1411 1770 1568 1807 naturali,
1586 1770 1654 1811 qui,
1670 1771 1816 1810 inquam,
1840 1775 1987 1800 naturam
2003 1770 2150 1800 absolute
2173 1770 2405 1800 consideratam
2430 1780 2486 1800 na-

1410 1815 1554 1846 turaliter
1577 1815 1798 1855 consequitur.
1819 1813 1910 1845 Sicut
1934 1815 2021 1846 enim
2045 1823 2313 1855 unamquamque
2335 1819 2483 1846 naturam

1410 1864 1659 1900 consequuntur
1687 1858 1918 1890 determinatae
1941 1864 1973 1890 et
1998 1859 2149 1900 propriae
2179 1859 2356 1900 passiones,
2382 1859 2426 1890 ita
2455 1864 2487 1890 et

1410 1903 1640 1934 determinatae
1663 1909 1911 1944 consequuntur
1937 1904 2153 1944 operationes,
2179 1903 2218 1934 ab
2243 1899 2485 1945 operationibus

1411 1948 1688 1989 consequentibus
1712 1947 1807 1979 aliam
1830 1953 1980 1979 naturam
2003 1947 2181 1980 distinctae.
2199 1947 2275 1979 Ideo
2299 1957 2339 1980 ex
2361 1947 2485 1979 diversa

1410 1993 1534 2024 ratione
1562 1993 1792 2034 operationum
1818 1993 2025 2033 propriarum
2049 1998 2081 2023 et
2102 1998 2251 2028 naturam
2282 1991 2486 2033 consequen·

1410 2039 1503 2075 tium,
1527 2043 1636 2078 potest
1659 2037 1823 2068 diversitas
1847 2037 1936 2078 argui
1959 2043 2164 2069 naturarum:
2181 2038 2265 2068 sicut
2281 2043 2313 2068 et
2328 2047 2367 2068 ex
2383 2037 2485 2068 diver-

1410 2083 1502 2114 sitate
1526 2082 1662 2114 aliarum
1679 2082 1916 2123 proprietatum
1933 2082 2087 2123 arguitur.
2105 2082 2192 2114 Cum
2209 2091 2286 2123 ergo
2302 2082 2421 2113 modus
2436 2083 2485 2113 in-

1410 2126 1575 2169 telligendi
1602 2137 1661 2168 per
1687 2127 1936 2159 abstractionem
1960 2137 1979 2158 a
2001 2127 2288 2168 phantasmatibus,
2313 2132 2345 2158 et
2367 2125 2484 2158 modus

1410 2171 1612 2212 intelligendi
1628 2181 1686 2213 per
1705 2171 1830 2212 species
1854 2171 2080 2203 connaturales
2097 2177 2128 2202 et
2144 2172 2342 2213 congenitas,
2359 2172 2422 2202 sint
2437 2170 2484 2202 di-

1411 2217 1494 2247 versi
1516 2216 1608 2247 modi
1631 2214 1854 2257 cognoscendi
1877 2221 1909 2246 et
1931 2215 2129 2247 diversarum
2152 2217 2331 2253 rationum;
2355 2220 2485 2257 oportet

1411 2266 1560 2292 naturam
1583 2261 1677 2292 cuius
1699 2261 1851 2302 proprius
1868 2265 1900 2292 et
1915 2261 2134 2292 connaturalis
2151 2261 2270 2292 modus
2286 2259 2484 2301 intelligendi

1412 2311 1460 2337 est
1481 2315 1541 2347 per
1563 2306 1814 2337 abstractionem
1829 2315 1848 2337 a
1863 2306 2150 2346 phantasmatibus,
2167 2315 2236 2338 esse
2260 2306 2388 2337 alterius
2411 2314 2484 2346 spe-

1412 2351 1474 2382 ciei
1497 2361 1516 2382 a
1537 2356 1652 2382 natura
1679 2351 1772 2382 cuius
1799 2351 1952 2391 proprius
1978 2350 2096 2382 modus
2119 2350 2320 2391 intelligendi
2350 2355 2399 2388 est
2426 2359 2484 2391 per

1413 2396 1640 2427 connaturales
1663 2395 1787 2436 species
1806 2401 1838 2426 et
1862 2396 2060 2436 congenitas.
2084 2395 2185 2434 Quod
2204 2405 2279 2426 cum
2300 2404 2384 2426 unus
2407 2395 2484 2425 isto-

1411 2450 1485 2472 rum
1507 2439 1686 2472 modorum
1708 2440 1749 2470 sit
1776 2440 1903 2471 animae
1927 2440 2145 2471 connaturalis
2169 2446 2200 2471 et
2223 2440 2383 2480 proprius,
2407 2439 2485 2469 alter

1411 2495 1489 2517 vero
1506 2486 1547 2517 sit
1568 2485 1754 2517 substantiis
1776 2485 1929 2525 separatis
1952 2485 2178 2521 connaturalis,
2201 2489 2331 2524 oportet
2353 2489 2389 2514 ut
2411 2483 2484 2514 illae

1411 2536 1546 2562 naturae
1569 2531 1633 2561 sint
1655 2528 1807 2570 specifice
1831 2529 2008 2561 distinctae.

1470 2585 1501 2606 2.
1525 2574 1578 2606 Ad
1599 2575 1744 2616 primum
1769 2575 1867 2615 igitur
1889 2578 2116 2614 argumentum
2143 2573 2177 2603 in
2204 2573 2403 2612 oppositum,
2426 2581 2483 2602 ne-

1413 2625 1506 2661 gatur
1527 2619 1672 2660 sequela.
1696 2619 1858 2650 Neutrum
1881 2620 1966 2651 enim
1992 2617 2123 2649 illorum
2145 2617 2300 2657 sequitur.
2328 2616 2412 2647 Nam
2435 2615 2483 2646 di-

1413 2666 1520 2697 ximus
1544 2674 1584 2696 ex
1605 2664 1668 2696 illis
1691 2663 1798 2695 modis
1827 2669 1906 2695 tunc
1936 2663 2026 2703 argui
2055 2661 2268 2693 diversitatem
2299 2659 2482 2701 specificam

1413 2715 1603 2741 naturarum
1625 2708 1904 2745 intellectualium,
1930 2706 2061 2748 quando
2086 2712 2221 2746 uterque
2251 2705 2382 2736 illorum
2406 2704 2480 2745 [est]

1413 2755 1565 2796 proprius
1589 2759 1621 2785 et
1643 2752 1795 2784 naturalis
1818 2759 1951 2784 naturae
1974 2751 2186 2782 intellectivae
2209 2750 2262 2781 cui
2285 2749 2480 2780 attribuitur:

1414 2800 1499 2831 sicut
1521 2798 1639 2830 accidit
1660 2798 1695 2828 in
1718 2798 1895 2829 substantia
1917 2802 2060 2837 separata
2083 2801 2115 2826 et
2137 2796 2252 2825 anima.
2277 2793 2389 2830 Modo,
2413 2802 2482 2824 non

1414 2840 1553 2885 uterque
1575 2844 1714 2874 istorum
1729 2842 1906 2875 modorum
1921 2842 2047 2873 animae
2062 2840 2274 2874 intellectivae
2289 2839 2481 2869 coniunctae

1415 2895 1448 2921 et
1469 2893 1634 2930 separatae
1658 2887 1842 2919 attribuitur
1864 2893 2019 2928 tanquam
2034 2885 2184 2926 proprius
2200 2890 2231 2915 et
2253 2883 2404 2914 naturalis
2420 2882 2482 2923 ipsi

1414 2934 1542 2966 animae
1565 2931 1747 2965 secundum
1770 2937 1918 2963 naturam
1941 2940 2033 2963 suam
2057 2928 2289 2960 consideratae:
2310 2927 2367 2958 sed
2388 2926 2481 2958 intel-

1414 2979 1514 3020 ligere
1527 2988 1587 3020 per
1601 2977 1850 3008 abstractionem
1865 2986 1884 3007 a
1897 2974 2171 3017 phantasmatibus
2187 2978 2234 3004 est
2253 2972 2312 3002 sibi
2327 2970 2480 3007 naturale,

1414 3024 1499 3055 sicut
1521 3029 1554 3055 et
1576 3032 1646 3054 esse
1668 3022 1703 3052 in
1726 3030 1880 3062 corpore;
1903 3019 2080 3060 intelligere
2106 3023 2213 3049 autem
2236 3026 2294 3057 per
2316 3015 2438 3056 species
2463 3024 2482 3045 a

1415 3067 1526 3099 divino
1542 3067 1667 3099 lumine
1682 3066 1895 3107 participatas,
1911 3074 1979 3095 non
2003 3069 2050 3094 est
2064 3063 2124 3093 sibi
2140 3061 2293 3097 naturale,
2313 3066 2350 3091 ut
2365 3060 2481 3090 dicitur

1414 3113 1532 3149 Prima,
1549 3121 1581 3153 q.
1601 3121 1726 3147 Lxxxrx,
1750 3121 1778 3141 a.
1798 3118 1825 3146 1,
1843 3115 1875 3140 et
1897 3115 2063 3140 ostensum
2079 3112 2126 3138 est
2145 3106 2291 3147 superius
2304 3106 2330 3143 ἢ
2350 3104 2407 3135 sed
2429 3113 2481 3135 ac-

1415 3158 1494 3189 cidit
1509 3157 1570 3189 sibi
1583 3157 1780 3198 inquantum
1803 3155 1863 3185 sibi
1877 3153 1991 3184 accidit
2007 3163 2025 3183 a
2048 3161 2185 3192 corpore
2200 3150 2338 3191 separari
2362 3154 2394 3179 et
2408 3157 2480 3189 par-

1414 3203 1548 3245 ticipare
1571 3201 1612 3233 de
1630 3206 1744 3232 natura
1760 3199 2008 3230 substantiarum
2023 3201 2249 3237 separatarum.
2267 3193 2342 3226 Ideo
2358 3194 2418 3224 iste
2433 3192 2481 3223 di-

1414 3257 1526 3278 versus
1542 3246 1661 3278 modus
1673 3242 1870 3284 intelligendi
1882 3252 1950 3273 non
1960 3242 2062 3282 arguit
2074 3239 2288 3271 diversitatem
2297 3236 2480 3278 specificam

1415 3293 1542 3326 animae
1565 3290 1778 3322 intellectivae
1796 3293 1827 3318 et
1849 3291 2021 3328 separatae,
2037 3285 2113 3316 licet
2133 3289 2243 3324 arguat
2266 3282 2480 3313 diversitatem

1415 3336 1602 3378 specificam
1625 3336 1708 3366 inter
1730 3333 1870 3363 animam
1894 3336 1925 3362 et
1947 3330 2157 3361 substantiam
2181 3332 2367 3368 separatam.

1472 3382 1556 3412 Dico
1579 3387 1688 3411 tamen
1713 3376 1812 3418 quod,
1836 3376 1910 3407 licet
1933 3376 1972 3406 sit
1995 3375 2120 3405 animae
2141 3378 2265 3413 praeter
2285 3376 2434 3402 naturam
2450 3375 2483 3402 et

1416 3425 1623 3463 accidentale,
1648 3422 1793 3454 absolute
1816 3419 1994 3460 loquendo,
2011 3418 2187 3458 intelligere
2205 3426 2263 3458 per
2285 3416 2409 3457 species
2431 3415 2481 3446 iu-

1416 3470 1528 3507 fluxas,
1559 3471 1642 3502 sicut
1665 3465 1860 3497 accidentale
1889 3464 1948 3494 sibi
1980 3468 2026 3494 est
2055 3462 2171 3494 habere
2200 3470 2268 3491 esse
2299 3470 2317 3490 a
2343 3468 2481 3500 corpore

1415 3521 1616 3557 separatum;
1648 3509 1848 3542 considerata
1871 3514 1979 3538 tamen
2002 3508 2071 3547 ipsa
2094 3511 2130 3536 ut
2156 3506 2252 3536 habet
2274 3504 2377 3535 taliter
2401 3513 2480 3540 esse,

1416 3558 1538 3591 scilicet
1561 3560 1753 3590 abstractum
1777 3559 1808 3584 et
1831 3558 2012 3594 separatum
2041 3561 2058 3581 a
2086 3559 2234 3590 corpore,
2258 3549 2323 3579 hoc
2351 3553 2399 3579 est
2421 3549 2482 3579 sibi

1415 3604 1571 3639 naturale.
1596 3603 1636 3633 Et
1658 3599 1732 3631 ideo
1757 3607 1825 3629 non
1848 3601 1978 3638 oportet
2000 3596 2104 3636 ipsam
2119 3594 2245 3625 animae
2263 3598 2412 3624 naturam
2435 3593 2483 3624 di-

1416 3648 1589 3680 versificari
1619 3646 1698 3676 dum
1729 3649 1776 3675 est
1805 3642 1979 3673 coniuncta
2010 3645 2041 3671 et
2074 3644 2234 3680 separata:
2266 3637 2323 3669 sed
2353 3642 2483 3679 oportet

2507 3114 2517 3124 ·
2533 3113 2591 3140 Cap.
2603 3116 2704 3134 Lxxxnr.
