2768 4134
43 397 53 408 ·
67 395 124 419 Loc.
139 393 179 416 cit.

47 706 57 719 ”
71 703 108 727 ef.
121 710 145 726 n.
155 709 206 726 vm.

836 267 1024 304 SUMMA
1053 269 1274 306 CONTRA
1303 269 1578 318 GENTILES,
1609 270 1719 308 CAP.
1740 271 1933 308 LXXXV.

286 347 488 383 scendentes‚
503 353 660 387 tanquam
683 352 921 386 consequentes
946 357 1002 377 ens
1024 348 1219 388 inquantum
1240 358 1307 385 em,
1323 354 1360 379 ut

286 393 394 433 inquit
416 391 553 423 Sanctus
569 391 715 422 Thomas
730 391 775 421 VI
790 391 1075 431 Metaphysicae*:
1097 393 1172 432 quia
1189 402 1287 423 omne
1303 402 1360 423 ens

287 443 344 468 aut
358 436 406 467 es't
421 436 638 466 necessarium
655 441 710 466 aut
725 435 927 475 contingens.
941 435 1113 474 Quaelibet
1128 443 1236 467 autem
1247 443 1361 467 natura

288 487 320 512 et
334 481 459 522 species
470 480 547 511 dicit
562 479 698 520 gradum
713 480 949 520 particularem.
966 480 1018 511 Ad
1033 481 1266 520 perfectionem
1283 491 1359 521 ergo

287 525 429 557 universi
457 525 593 565 exigitur
620 530 656 554 ut
685 525 719 554 in
748 524 821 564 ipso
853 525 1079 556 contineantur
1108 535 1222 556 omnes
1245 526 1361 565 gradus

289 579 483 602 communes
505 575 538 600 et
559 568 833 604 transcendentes,
858 575 890 598 et
913 568 952 599 de
976 570 1042 599 istis
1065 570 1211 610 loquitur
1226 570 1361 600 Sanctus

289 615 448 646 Thomas:
473 623 542 644 non
559 619 669 644 autem
684 618 720 643 ut
736 613 964 643 contineantur
979 614 1012 643 in
1027 614 1099 654 ipso
1116 624 1230 645 omnes
1245 614 1362 654 gradus

288 659 498 701 particulares
519 657 689 698 possibiles
713 666 792 688 esse.

345 704 398 734 111.
425 702 536 734 Tertio
552 703 579 732 ⁹.
603 702 645 732 Et
669 708 716 732 est
743 700 949 732 confirmatio
977 701 1196 741 praecedenu's
1219 703 1361 733 rationis.

290 747 382 779 Ordo
401 748 544 779 universi
560 747 658 787 exigit
673 756 743 777 esse
759 746 884 787 aliquas
899 755 1010 776 causas
1026 746 1200 776 variabiles.
1225 747 1311 786 Ergo
1332 753 1363 777 et

289 793 418 833 aliquos
433 791 567 823 effectus
583 791 820 831 contingentes.
845 791 932 830 Ergo
949 796 1010 820 etc.
1026 808 1048 812 -
1064 790 1221 821 Probatur
1236 797 1364 821 antece-

289 837 379 869 dens.
403 837 490 876 Quia
505 846 644 877 corpora
658 842 734 867 sunt
750 835 791 866 de
806 834 1006 876 perfectione
1029 835 1179 871 universi,
1197 845 1281 875 quae
1294 845 1363 866 non

288 887 425 913 movent
439 882 502 912 nisi
516 886 617 912 mota.
633 899 656 904 —
671 880 779 911 Prima
795 889 930 920 quoque
946 880 1178 919 consequentia
1200 880 1363 920 probatur.

289 927 376 966 Quia
403 936 423 957 a
452 935 550 957 causa
579 925 722 956 variabili
753 923 886 955 effectus
918 924 1142 964 contingentes
1170 930 1362 964 sequuntur:

289 981 367 1002 cum
378 970 512 1002 effectus
523 980 592 1001 non
604 970 707 1011 possit
719 979 788 1000 esse
799 968 950 999 firmioris
963 978 1032 999 esse
1044 977 1143 1009 quam
1159 978 1217 999 sua
1228 978 1333 999 causa.
1342 987 1364 991 —

289 1016 412 1048 Ultima
431 1016 536 1047 etiam⁴
549 1020 648 1056 patet.
669 1014 757 1052 Quia
777 1014 866 1044 Deus
881 1013 951 1043 vult
965 1013 1091 1043 bonum
1107 1013 1258 1049 universi,
1275 1013 1365 1053 quod

290 1061 437 1092 consistit
458 1061 494 1091 in
517 1059 663 1100 quodam
686 1058 811 1090 ordine.

345 1105 400 1136 IV.
413 1105 509 1136 Circa
523 1104 613 1135 illam
627 1103 900 1144 propositionem,
913 1103 939 1132 A
952 1111 1053 1132 causa
1067 1101 1218 1132 variabili
1233 1102 1365 1142 effectus

289 1150 516 1192 contingentes
529 1154 720 1190 sequuntur,
738 1153 771 1179 et
786 1148 856 1178 eius
876 1147 1114 1187 probationem,
1132 1145 1295 1177 dubitatur
1309 1147 1364 1177 tri-

288 1195 426 1236 pliciter.
437 1194 558 1230 Primo,
572 1194 649 1234 quia
661 1192 796 1223 variatio
813 1191 946 1222 effectus
962 1191 1177 1231 contingentis
1193 1190 1366 1221 attenditur

289 1239 471 1271 semmdum
487 1248 568 1269 esse.
584 1237 728 1269 Variatio
752 1242 862 1267 autem
886 1245 1062 1276 corporum
1078 1236 1130 1267 hic
1146 1236 1302 1276 assignata
1319 1241 1365 1266 est

288 1284 423 1315 variatio
446 1281 629 1314 secundum
652 1283 761 1313 situm.
786 1280 901 1317 Modo,
925 1290 993 1311 non
1017 1286 1147 1321 oportet
1169 1285 1206 1311 ut
1228 1290 1246 1310 a
1269 1289 1365 1310 causa

280 1328 433 1362 ‘variabili
444 1327 638 1359 secundum
660 1327 759 1358 situm
782 1326 952 1366 proveniat
979 1324 1293 1358 effectusvariabilis
1316 1334 1365 1355 se-

290 1372 436 1405 eundum
452 1382 537 1403 esse:
561 1373 638 1413 quia
660 1381 729 1402 non
753 1371 910 1411 sequitur,
927 1370 953 1400 si
969 1369 1102 1401 effectus
1117 1370 1158 1400 sit
1172 1369 1365 1400 invariabilis

289 1417 472 1450 secundum
494 1426 575 1454 esse,
600 1415 691 1457 quod
714 1416 754 1446 sit
785 1414 936 1446 firmioris
964 1424 1033 1445 esse
1056 1423 1155 1455 quam
1179 1423 1236 1444 sua
1259 1423 1364 1450 causa,

289 1463 368 1504 quia
397 1467 507 1503 potest
527 1462 642 1492 variari
670 1459 852 1491 secundum
880 1460 989 1495 situm,
1013 1460 1095 1490 sicut
1119 1464 1151 1489 et
1173 1468 1229 1489 sua
1254 1467 1364 1495 causa;

290 1513 323 1539 et
335 1512 446 1548 potest
458 1516 556 1538 causa
570 1506 730 1536 variabilis
750 1504 933 1536 secundum
956 1505 1064 1541 situm,
1081 1513 1149 1534 esse
1170 1503 1365 1534 invariabilis

289 1551 472 1584 secundum
492 1561 572 1587 esse,
588 1551 673 1582 sicut
689 1559 827 1590 corpora
851 1549 1008 1580 caelestia.
1033 1549 1120 1589 Ergo
1143 1557 1213 1578 non
1236 1553 1366 1588 oportet

289 1603 328 1628 ut
349 1595 484 1628 effectus
507 1605 624 1627 causae
646 1595 805 1626 variabilis
828 1594 884 1625 illo
907 1593 1009 1624 modo
1033 1594 1073 1624 sit
1095 1593 1297 1632 contingens.

346 1640 500 1673 Secundo
512 1641 540 1677 ⁴³,
557 1641 634 1681 quia
650 1650 668 1670 a
684 1639 876 1680 corporibus
899 1638 1088 1669 caelestibus
1104 1637 1202 1668 motis
1218 1642 1366 1667 causatur

290 1685 437 1719 defectus
463 1685 551 1716 solis.
582 1685 651 1723 Qui
679 1690 789 1715 tamen
820 1693 889 1714 non
919 1689 967 1714 est
996 1683 1199 1722 contingens,
1223 1680 1280 1712 sed
1308 1690 1366 1711 ne-

290 1731 456 1762 censarius.

346 1775 461 1806 Tertio
473 1775 501 1811 *‚
526 1774 603 1815 quia
624 1773 826 1809 Aristoteles,
850 1771 923 1803 VIII
940 1772 1039 1812 Phys.
1057 1772 1091 1788 ⁴*
1116 1777 1148 1802 et
1171 1770 1183 1801 I
1206 1770 1247 1801 de
1264 1770 1366 1800 Gene-

256 1822 264 1830 '
291 1820 456 1857 ratione,
467 1819 563 1860 ponit
578 1827 683 1849 unum
697 1823 828 1848 motum
843 1816 1024 1857 regularem
1038 1815 1080 1846 ad
1094 1815 1278 1846 salvandam
1294 1823 1367 1855 per-

255 1867 264 1910 ξ
290 1865 483 1906 petuitaoem
501 1863 729 1904 generationis.
751 1862 951 1902 Perpetuum
967 1866 1078 1891 autem
1091 1869 1162 1891 non
1176 1865 1224 1890 est
1240 1859 1367 1890 contin-

388 1908 446 1940 sed
460 1908 693 1939 necessarium:
706 1907 846 1937 maxime
857 1905 1161 1946 apudAristotelem
1168 1905 1195 1934 *.
1208 1904 1295 1944 Ergo
1305 1909 1365 1934 etc.

346 1954 387 1985 V.
410 1952 464 1984 Ad
487 1952 682 1984 evidentiam
705 1951 801 1992 primi
817 1951 907 1982 dubii
923 1948 1195 1988 considerandum
1213 1947 1314 1988 quod,
1331 1953 1367 1978 ut

289 1999 427 2031 habetur
449 2007 469 2028 a
491 1997 611 2028 Sancto
635 1996 766 2027 Thoma
790 1995 834 2026 VI
859 1995 1014 2035 Metaph„
1041 1994 1118 2024 loco
1140 1992 1365 2034 praeallegato,

291 2052 388 2074 eausa
399 2051 485 2083 quae
501 2050 559 2082 per
573 2046 704 2072 motum
719 2041 784 2081 agit
798 2039 933 2080 requirit
944 2038 1188 2070 determinatam
1200 2037 1366 2067 materiam

291 2093 324 2120 et
345 2087 550 2128 dispositam3
579 2091 611 2117 et
635 2086 712 2126 quia
739 2085 898 2124 contingit
925 2082 1100 2124 aliquando
1128 2082 1295 2113 materiam
1317 2083 1366 2112 in—

291 2132 482 2173 dispositam
505 2140 584 2167 esse,
603 2130 678 2161 ideo
701 2130 802 2160 virtus
824 2129 895 2159 talis
919 2128 1041 2168 agentis
1063 2137 1132 2158 non
1155 2126 1367 2167 consequitur

291 2186 389 2208 suum
404 2175 572 2212 effectum;
584 2181 621 2206 ‘et
636 2180 810 2216 propterea
825 2184 843 2204 a
859 2183 955 2204 causa
970 2171 1112 2203 variabili
1127 2172 1274 2211 sequitur
1289 2169 1366 2201 effe-

291 2224 363 2253 ct'ua
385 2221 588 2261 contingens,
605 2220 660 2250 ille
675 2219 809 2260 inquam
826 2218 884 2258 qui
899 2218 940 2248 ab
956 2227 994 2248 ea
1009 2222 1046 2248 ut
1061 2216 1229 2247 variationi
1244 2216 1366 2246 substat

290 2265 448 2308 procedit.
473 2265 510 2295 In
524 2265 580 2295 tali
596 2269 706 2295 autem
721 2272 893 2304 progressu
909 2271 1013 2302 aequa
1029 2266 1076 2292 est
1091 2260 1236 2292 conditio
1252 2269 1366 2290 causae

292 2316 324 2342 et
338 2309 487 2342 effecms:
505 2310 583 2350 quia
597 2310 681 2340 sicut
697 2318 792 2339 causa
804 2312 912 2348 potest
926 2316 985 2347 per
999 2305 1283 2346 indispositionem
1298 2313 1367 2335 ma-

290 2356 390 2387 terina
404 2353 557 2395 impediri
571 2363 614 2385 ne
629 2353 798 2394 producat,
814 2353 858 2383 ita
873 2351 1006 2383 effectus
1029 2349 1179 2391 impediri
1202 2355 1310 2390 potest
1324 2358 1366 2379 ne

291 2399 501 2442 producatur.
514 2399 555 2430 Et
566 2399 644 2439 quia
659 2407 729 2429 esse
740 2406 867 2434 causae,
879 2402 916 2427 ut
928 2401 1047 2432 causat,
1061 2401 1108 2426 est
1123 2394 1315 2436 producere,
1327 2394 1366 2423 ab

291 2446 357 2476 hoc
380 2445 468 2476 enim
490 2444 588 2475 habet
611 2442 790 2474 formaliter
804 2447 841 2473 ut
856 2442 896 2472 sit
910 2446 985 2472 actu
1001 2449 1152 2476 causans;
1177 2445 1208 2470 et
1230 2437 1367 2479 produci

293 2495 342 2521 est
363 2498 434 2520 esse
458 2488 592 2519 effectus
614 2493 652 2519 ut
675 2493 750 2519 actu
772 2486 973 2527 producitur,
996 2494 1074 2516 nam
1096 2484 1287 2525 producitur
1302 2482 1368 2513 for-

291 2534 419 2566 maliter
440 2533 673 2574 productione:
698 2532 774 2563 ideo
793 2531 927 2562 effectus
951 2531 985 2561 in
1007 2530 1071 2560 hoc
1095 2528 1208 2559 ordine
1228 2537 1297 2559 non
1322 2533 1369 2558 est

291 2578 479 2610 infirmioris
503 2587 572 2608 esse
596 2586 696 2618 quam
719 2586 779 2607 sua
801 2585 906 2606 causa.

348 2622 402 2654 Ad
425 2622 563 2654 dubium
586 2631 663 2662 ergo
679 2621 797 2652 dicitur
813 2619 904 2661 quod
918 2620 1052 2650 variatio
1075 2627 1190 2649 causae
1213 2617 1369 2657 assignata

293 2668 347 2699 hic
369 2667 558 2708 intelligitur
580 2676 649 2698 non
669 2666 776 2697 solum
793 2664 974 2696 secundum
989 2664 1102 2694 locum
1118 2668 1174 2693 aut
1189 2662 1296 2697 situm,
1313 2660 1369 2691 sed

295 2713 393 2744 etiam
419 2712 603 2743 secundum
633 2720 703 2742 esse
733 2711 835 2751 ipsius
865 2715 901 2740 ut
930 2708 1096 2739 actualiter
1123 2712 1243 2742 causat,
1266 2704 1367 2736 modo

293 2758 547 2799 prae-exposito.
571 2757 602 2786 A
625 2765 722 2786 causa
737 2755 825 2785 enim
841 2754 905 2784 hoc
921 2753 1023 2783 modo
1039 2751 1190 2787 variabili,
1208 2760 1292 2791 quae
1308 2750 1368 2779 sci-

293 2802 371 2834 licet
384 2807 493 2842 potest
507 2801 688 2842 producere
705 2805 736 2830 et
751 2803 860 2839 potest
882 2797 1031 2838 impediri
1050 2806 1093 2827 ne
1108 2795 1276 2836 producat,
1293 2803 1369 2834 pro-

293 2847 383 2878 venit
399 2846 532 2877 effectus
547 2844 706 2876 variabilis
729 2842 911 2874 secundum
926 2851 1006 2877 esse,
1021 2841 1078 2881 qui
1094 2840 1216 2870 scilicet
1231 2837 1369 2879 produci

294 2896 403 2932 potest
418 2896 451 2922 et
465 2900 534 2921 non
554 2888 703 2930 produci.
730 2888 772 2918 Et
794 2897 853 2927 per
875 2894 1081 2926 consequens
1104 2884 1295 2923 contingens
1311 2887 1367 2913 est.

350 2935 463 2966 Potest
484 2933 630 2966 secundo
654 2932 836 2973 propositio
863 2931 942 2961 haec
965 2930 1096 2970 exponi,
1120 2927 1211 2968 quod
1234 2938 1252 2958 a
1274 2936 1369 2957 causa

295 2979 439 3010 variabili
462 2978 644 3010 secundum
667 2987 736 3008 esse
759 2975 966 3011 accidentale,
987 2983 1071 3014 quae
1094 2978 1141 3003 est
1164 2972 1296 3002 variatio
1321 2981 1369 3001 se-

297 3023 444 3055 cundum
459 3024 558 3054 situm
573 3028 710 3057 tantum,
728 3026 858 3061 oportet
874 3025 910 3050 ut
925 3018 1093 3059 proveniat
1104 3017 1237 3047 variatio
1254 3025 1370 3046 secun-

297 3069 376 3100 dum
400 3078 470 3099 esse
493 3066 699 3098 substantiale
724 3064 867 3100 effectus,
885 3062 1016 3104 quando
1033 3062 1165 3092 variatio
1190 3070 1304 3091 causae
1323 3065 1370 3090 est

296 3113 475 3145 necessaria
499 3111 644 3142 conditio
668 3110 801 3150 agentis,
826 3114 882 3139 aut
904 3108 983 3138 ratio
1008 3105 1124 3147 agendi
1140 3115 1208 3136 esse
1224 3105 1369 3135 substan-

297 3158 372 3189 tiale
395 3157 538 3188 effectus.
569 3156 645 3186 Non
669 3154 766 3185 debet
793 3154 880 3184 enim
909 3151 1052 3187 effectus,
1075 3149 1256 3181 secundum
1280 3148 1370 3189 quod

298 3213 317 3234 a
332 3212 428 3234 causa
443 3200 600 3242 procedit,
618 3209 687 3230 esse
702 3198 853 3229 firmioris
874 3205 943 3227 esse
964 3204 1063 3236 quam
1079 3203 1174 3225 causa
1190 3193 1370 3224 secundum

297 3257 391 3278 suam
405 3248 565 3277 rationem
581 3243 706 3284 agendi.
731 3243 772 3273 Et
794 3242 879 3278 ideo,
904 3242 930 3271 si
953 3240 1085 3271 effectus
1106 3237 1286 3269 secundum
1301 3246 1378 3268 esse

298 3291 506 3323 substantiale
520 3289 718 3331 producatur
730 3298 748 3318 a
760 3296 855 3318 causa
872 3290 986 3326 agente
999 3283 1180 3315 secundum
1193 3282 1283 3323 quod
1295 3283 1370 3313 sub-

298 3342 359 3368 stat
370 3335 549 3370 variationi,
563 3338 692 3374 oportet
708 3338 745 3363 ut
764 3340 832 3362 esse
843 3329 994 3360 variabile
1013 3339 1030 3358 a
1046 3328 1101 3358 tali
1117 3336 1213 3358 causa
1227 3327 1368 3367 recipiat.

354 3380 450 3412 Unde
473 3380 581 3410 minor
604 3382 767 3417 assumpta
791 3381 838 3406 est
861 3374 947 3405 falsa.
973 3373 1014 3403 Et
1033 3381 1109 3403 cum
1124 3372 1279 3412 probatur
1295 3371 1370 3411 quia

297 3435 367 3456 non
390 3425 546 3465 sequitur,
570 3424 596 3454 si
626 3423 667 3453 sit
696 3420 828 3452 effectus
858 3418 1050 3450 invariabilis
1080 3415 1260 3447 secundum
1290 3425 1369 3451 esse,

299 3469 391 3511 quod
406 3470 447 3500 sit
461 3468 612 3499 firmioris
628 3476 697 3498 esse
710 3474 809 3506 quam
825 3474 882 3495 sua
898 3472 1007 3494 causa:
1024 3466 1159 3501 negatur
1174 3461 1248 3491 hoc.
1265 3460 1370 3490 Immo

298 3515 454 3555 sequitur,
479 3513 556 3553 quia
579 3511 712 3543 effectus
736 3520 754 3540 a
777 3509 831 3540 tali
855 3517 950 3539 causa
977 3505 1124 3547 procedit
1150 3514 1218 3535 non
1245 3510 1371 3535 tantum

299 3558 480 3590 secundum
503 3562 633 3588 motum
656 3555 794 3586 localem
817 3552 874 3584 sed
892 3553 988 3583 etiam
1011 3549 1190 3580 secundum
1211 3558 1279 3579 esse
1295 3549 1370 3579 sub-

299 3603 456 3639 stantiale,
481 3601 581 3642 quod,
613 3601 639 3631 si
667 3605 750 3630 esset
777 3597 972 3632 invariabile,
998 3594 1139 3630 effectus,
1163 3598 1199 3623 ut
1227 3592 1370 3629 effectus,

299 3653 382 3678 esset
403 3647 556 3678 firmioris
579 3655 647 3676 esse
672 3653 770 3684 quam
795 3652 852 3673 sua
875 3650 971 3672 causa
994 3645 1030 3670 ut
1053 3647 1147 3669 causa
1171 3642 1227 3667 est.

2408 274 2481 311 235

1458 350 1511 380 VI.
1522 350 1575 380 Ad
1590 350 1770 381 secundum
1783 350 1918 381 dubium
1926 352 1943 368 ⁴*
1955 352 2167 392 respondetur
2179 354 2269 393 quod
2284 360 2394 386 motus
2406 356 2485 386 caeli

1414 403 1483 424 non
1496 400 1543 424 est
1559 395 1705 425 absolute
1718 404 1812 425 causa
1825 395 1969 426 defectus
1985 396 2071 434 solis,
2084 397 2140 427 sed
2155 398 2374 430 interiacentia
2389 399 2485 431 lunae

1415 438 1498 468 inter
1521 438 1624 469 solem
1648 445 1680 469 et
1702 445 1869 479 aspectum
1892 446 2049 477 nostrum,
2075 451 2158 481 quae
2181 442 2314 483 quidem
2336 446 2486 484 provenit

1416 482 1552 522 planetis
1569 484 1602 513 in
1619 489 1706 513 certo
1723 484 1786 514 situ
1803 484 2018 515 existentibus.
2041 486 2082 516 Et
2098 487 2174 525 quia
2188 495 2246 527 per
2260 493 2389 519 motum
2405 490 2485 520 caeli

1417 526 1564 566 planetae
1587 526 1627 557 ad
1651 536 1727 558 eum
1750 528 1848 558 situm
1866 530 2068 568 perveniunt,
2084 530 2159 560 ideo
2175 537 2282 570 potest
2297 532 2360 563 dici
2375 539 2484 564 motus

1418 571 1497 601 caeli
1521 581 1589 602 esse
1612 572 1723 611 aliquo
1746 572 1848 602 modo
1865 582 1960 603 causa
1975 573 2046 603 talis
2064 573 2222 605 defectus:
2239 578 2419 617 supposito,
2435 579 2484 608 in-

1419 624 1527 655 quam,
1552 615 1642 656 quod
1666 617 1729 646 sint
1755 616 1904 656 planetae
1931 617 1964 646 in
1992 618 2104 649 sitibus
2134 628 2202 649 non
2225 621 2306 660 aptis
2329 621 2369 652 ad
2391 622 2483 653 illum

1419 659 1580 690 effectum.
1610 660 1769 691 Absolute
1798 666 1907 691 autem
1934 670 2001 691 non
2025 668 2072 692 est
2095 672 2204 693 causa:
2229 665 2315 704 quia,
2339 667 2434 697 etiam
2457 667 2484 697 si

1419 713 1556 744 corpora
1579 705 1726 735 caelestia
1753 710 1881 741 starent,
1905 711 2015 745 posset
2038 715 2106 737 esse
2133 708 2204 738 talis
2231 708 2374 740 defectus
2397 711 2483 747 solis,

1419 748 1555 788 planetis
1581 749 1615 779 in
1643 749 1856 790 dispositione
1887 751 2092 781 convenienti
2123 752 2338 784 existentibus.
2368 755 2410 785 Et
2438 756 2484 786 sic

1420 802 1515 823 causa
1538 794 1705 830 variabilis,
1729 799 1766 824 ut
1787 794 1955 830 variabilis,
1971 804 2039 825 non
2060 801 2108 825 est
2127 805 2223 826 causa
2241 797 2325 827 illius
2341 798 2482 830 effectus.

1460 836 1587 887 ’Posset
1609 837 1753 868 secundo
1777 837 1840 869 dici
1864 838 1954 878 quod
1977 838 2121 870 defectus
2144 840 2220 870 solis
2241 847 2288 871 est
2304 842 2434 873 effectus
2449 845 2483 874 in

1420 890 1469 911 sul
1484 886 1597 912 natura
1613 883 1816 923 contingens:
1834 892 1909 913 cum
1925 884 2027 923 possit
2041 893 2110 914 non
2125 893 2209 921 esse;
2224 885 2327 916 immo
2344 886 2383 917 de
2399 886 2484 918 facto

1421 925 1618 966 quandoque
1634 927 1683 963 sit,
1700 926 1898 967 quandoque
1914 937 1982 958 non
1999 928 2051 964 sit;
2076 928 2151 958 licet
2172 929 2212 959 sit
2233 931 2429 961 necessarius
2451 932 2484 962 in

1421 969 1533 1000 ordine
1560 970 1600 1000 ad
1628 980 1768 1008 causam,
1792 972 1867 1012 quia
1890 971 2049 1009 videlicet,
2073 973 2178 1013 posita
2204 983 2262 1004 sua
2289 984 2393 1011 causa,
2416 985 2484 1006 non

1420 1019 1527 1053 potest
1549 1024 1617 1045 non
1641 1025 1719 1046 esse.

1476 1057 1539 1088 Sed
1563 1060 1638 1099 quia
1661 1069 1729 1090 non
1749 1059 1875 1091 videtur
1897 1060 1989 1100 loqui
2013 1061 2076 1091 hoc
2099 1061 2174 1092 loco
2191 1062 2326 1093 Sanctus
2341 1063 2485 1094 Thomas

1422 1101 1461 1132 de
1485 1104 1704 1144 contingentia
1734 1103 1866 1135 effectus
1889 1105 1922 1135 in
1946 1114 1980 1135 se
2002 1111 2039 1136 ut
2061 1115 2111 1136 res
2135 1112 2191 1142 est,
2216 1107 2271 1137 sed
2294 1113 2331 1137 ut
2354 1107 2485 1139 effectus

1421 1152 1469 1176 est
1492 1153 1523 1177 et
1546 1147 1579 1178 in
1603 1147 1715 1179 ordine
1738 1148 1778 1179 ad
1801 1159 1940 1186 causam,
1964 1149 2039 1180 ideo
2062 1155 2169 1190 potest
2191 1151 2285 1181 tertio
2309 1151 2382 1188 dici,
2407 1162 2484 1183 con-

1421 1189 1565 1222 formiter
1580 1192 1619 1222 ad
1634 1193 1880 1233 responsionem
1900 1194 1996 1234 primi
2012 1194 2110 1231 dubii,
2127 1195 2216 1235 quod
2232 1205 2326 1226 causa
2342 1195 2484 1227 defectus

1421 1235 1497 1285 solis
1513 1241 1559 1266 est
1575 1246 1670 1267 causa
1689 1238 1881 1268 invariabilis
1896 1239 1929 1268 in
1944 1239 2068 1269 ratione
2084 1249 2208 1276 causae,
2225 1241 2301 1279 quia
2315 1249 2484 1281 nunquam

1420 1280 1569 1320 1mpediri
1592 1287 1699 1321 potest
1721 1282 1760 1312 ab
1784 1282 1852 1312 eius
1874 1282 2100 1322 productione.
2124 1283 2201 1314 Ideo
2225 1284 2367 1321 effectus,
2382 1286 2417 1315 in
2437 1295 2484 1316 ra-

1420 1324 1509 1355 tione
1533 1324 1675 1362 effectus,
1700 1331 1747 1356 est
1771 1326 1867 1356 etiam
1890 1327 2094 1358 invariabilis:
2120 1329 2195 1368 quia
2212 1338 2280 1359 non
2295 1335 2403 1369 potest
2417 1339 2485 1360 non

1420 1368 1561 1408 produci·
1580 1371 1686 1410 posita
1701 1380 1806 1400 causa.
1822 1388 1845 1393 —
1860 1371 1901 1401 Et
1916 1372 1941 1401 si
1958 1371 2080 1402 dicatur
2095 1372 2184 1412 quod
2200 1382 2298 1403 omne
2314 1382 2410 1413 agens
2428 1383 2486 1414 per

1420 1418 1548 1444 motum
1572 1420 1619 1445 est
1641 1415 1790 1445 variabile
1813 1415 1877 1445 hoc
1899 1415 2000 1446 modo
2023 1416 2057 1446 in
2072 1417 2195 1447 ratione
2219 1426 2346 1447 causae:
2371 1417 2486 1448 dicitur

1421 1457 1512 1498 quod
1534 1459 1598 1489 hoc
1622 1464 1669 1489 est
1691 1469 1804 1489 verum
1827 1459 1868 1489 de
1891 1465 2004 1500 agente
2024 1469 2082 1500 per
2102 1462 2403 1492 transmutationem
2418 1470 2485 1493 ma-

1420 1502 1532 1538 teriae;
1556 1512 1624 1533 non
1649 1509 1757 1534 autem
1780 1503 1820 1534 de
1843 1510 1957 1544 agente
1980 1513 2038 1544 per
2061 1504 2255 1535 delationem
2275 1507 2486 1537 necessariam

1422 1555 1598 1586 corporum
1621 1547 1662 1578 ad
1685 1547 1934 1578 determinatum
1956 1549 2064 1584 situm,
2081 1558 2148 1588 quo
2164 1549 2265 1579 modo
2289 1550 2414 1581 caelum
2427 1543 2485 1581 ‘di-

1422 1595 1511 1621 ctum
1532 1597 1579 1622 est
1602 1601 1662 1622 suo
1685 1598 1779 1622 motu
1802 1601 1898 1632 posse
1921 1592 1984 1623 dici
2008 1602 2136 1623 causam
2159 1593 2303 1624 defectus
2326 1595 2412 1625 solis.

1473 1635 1540 1666 VII.
1550 1635 1602 1666 Ad
1617 1637 1747 1667 tertium
1755 1638 1772 1653 ⁴*
1784 1636 1901 1667 dicitur
1912 1636 2002 1677 quod
2013 1637 2046 1667 in
2058 1642 2151 1667 motu
2163 1638 2258 1677 primi
2269 1639 2397 1668 mobilis
2412 1643 2487 1669 sunt

1422 1678 1509 1710 duo:
1532 1681 1654 1711 scilicet
1675 1681 1745 1721 ipsa
1766 1681 1845 1711 situs
1862 1681 1994 1711 variatio
2017 1681 2196 1711 secundum
2219 1687 2338 1721 partes;
2362 1688 2394 1712 et
2415 1683 2487 1713 uni-

1422 1723 1567 1755 formitas
1578 1730 1688 1756 motus
1699 1735 1736 1756 ac
1751 1725 1957 1765 perpetuitas.
1971 1724 2194 1755 Generationis
2206 1735 2282 1766 ergo
2294 1727 2488 1766 perpetuitas

1422 1769 1572 1809 provenit
1587 1779 1605 1799 a
1620 1775 1714 1800 motu
1731 1769 1809 1800 caeli
1824 1779 1892 1800 non
1907 1770 2031 1800 ratione
2053 1770 2236 1800 variationis
2259 1771 2416 1807 absolute,
2432 1771 2488 1801 sed

1422 1814 1547 1844 ratione
1561 1814 1790 1845 uniformitatis
1813 1819 1845 1844 et
1866 1814 2088 1854 perpetuitatis
2103 1814 2173 1844 talis
2188 1815 2380 1845 variationis.
2400 1814 2489 1846 Sicut

1423 1858 1511 1889 enirn
1533 1858 1701 1889 alternatio
1724 1859 1940 1899 generationis
1957 1864 1989 1889 et
2004 1859 2219 1899 corruptionis
2241 1858 2404 1889 reducitur
2418 1865 2488 1890 tan-

1423 1912 1523 1943 quam
1538 1903 1572 1933 in
1588 1912 1718 1933 causam
1733 1903 1767 1933 in
1783 1903 2027 1933 alternationem
2050 1903 2128 1933 situs
2151 1904 2291 1943 partium
2305 1903 2402 1943 primi
2416 1913 2488 1934 mo-

1422 1947 1504 1983 bilis,
1520 1947 1564 1977 ita
1577 1948 1775 1988 perpetuitas
1799 1947 1868 1978 eius
1891 1946 2056 1977 reducitur
2077 1947 2160 1978 sicut
2173 1948 2207 1977 in
2224 1957 2352 1978 causam
2367 1949 2400 1978 in
2416 1957 2488 1988 per-

1421 1992 1612 2031 petuitatem
1639 1991 1724 2022 illius
1752 1991 1979 2022 alternationis.
2008 1990 2102 2022 Unde
2129 1992 2210 2021 ratio
2237 1992 2271 2022 in
2299 1992 2487 2032 oppositum

1421 2045 1490 2066 non
1513 2035 1689 2066 concludit.
1720 2035 1862 2066 Effectus
1892 2036 1979 2066 enim
2009 2036 2065 2075 qui
2094 2045 2113 2065 a
2140 2045 2235 2066 causa
2264 2036 2415 2072 variabili,
2438 2037 2486 2066 in-

1422 2085 1581 2120 quantum
1596 2080 1753 2110 variabilis
1770 2085 1827 2116 est,
1839 2079 1999 2120 provenit,
2012 2085 2059 2110 est
2075 2080 2278 2119 contingens:
2295 2089 2363 2110 non
2378 2085 2486 2111 autem

1421 2124 1475 2155 ille
1498 2125 1556 2164 qui
1578 2125 1727 2165 provenit
1750 2125 1789 2154 ab
1811 2125 1881 2164 ipsa
1903 2124 2096 2164 inquantum
2119 2123 2372 2155 uniformitatem
2391 2124 2487 2155 habet

1423 2174 1454 2199 et
1475 2169 1723 2209 perpetuitatem
1746 2169 1779 2199 in
1802 2168 1857 2199 tali
1880 2168 2066 2199 variatione.
2089 2168 2199 2199 Potest
2226 2169 2313 2199 enim
2340 2178 2408 2199 esse
2430 2178 2487 2199 ne·

1422 2214 1577 2244 cessar-ius
1600 2213 1696 2244 simili
1718 2213 1907 2243 necessitate
1931 2222 2007 2243 cum
2030 2222 2088 2243 sua
2110 2222 2215 2249 causa,
2232 2212 2352 2243 scilicet
2366 2213 2400 2243 in
2415 2220 2487 2253 per-

1422 2259 1577 2298 petuitate
1600 2258 1798 2288 variationis:
1823 2258 1906 2287 sicut
1921 2262 2009 2297 patet
2023 2257 2057 2287 in
2072 2262 2166 2287 motu
2182 2266 2249 2297 quo
2265 2266 2402 2297 corpora
2417 2267 2488 2287 cae-

1422 2302 1513 2333 lestia
1535 2302 1687 2333 inferiora
1710 2312 1728 2332 a
1750 2302 1856 2342 primo
1880 2301 1995 2332 mobili
2022 2307 2206 2332 moventur.
2233 2301 2275 2331 Et
2300 2301 2364 2332 hoc
2386 2301 2487 2332 modo

1423 2347 1548 2387 accepit
1559 2346 1747 2377 Aristoteles
1758 2346 1981 2377 necessitatem
1997 2346 2211 2386 generationis
2227 2351 2259 2376 et
2274 2346 2489 2386 corruptionis

1423 2397 1598 2432 perpetuae
1621 2401 1690 2422 esse
1713 2401 1732 2421 a
1754 2396 1847 2421 motu
1870 2389 2025 2421 uniformi
2048 2390 2143 2430 primi
2165 2389 2305 2421 mobilis.

1478 2436 1562 2467 VIII.
1577 2435 1704 2472 Quarto
1717 2436 1744 2466 *.
1761 2435 1850 2466 Deus
1865 2435 1934 2465 vult
1949 2434 2071 2475 aliquid
2086 2434 2119 2464 in
2135 2439 2278 2465 creatura
2295 2443 2363 2464 non
2379 2443 2489 2464 neces-

1424 2482 1515 2512 sitate
1531 2481 1688 2516 absoluta,
1704 2479 1760 2510 sed
1776 2480 2018 2520 suppositionis.
2042 2479 2128 2518 Ergo
2146 2488 2184 2509 ex
2199 2478 2365 2509 voluntate
2384 2478 2489 2508 divina

1424 2535 1493 2556 non
1507 2530 1615 2566 potest
1630 2524 1782 2555 concludi
1804 2525 1838 2554 in
1861 2524 1956 2554 rebus
1978 2524 2151 2554 necessitas
2169 2523 2325 2554 absoluta.
2349 2523 2434 2562 Ergo
2451 2532 2489 2552 ex

1425 2580 1463 2601 ea
1473 2579 1542 2600 non
1553 2569 1676 2600 tollitur
1691 2569 1920 2608 contingentia.
1933 2586 1955 2590 —
1966 2567 2123 2598 Probatur
2133 2568 2236 2607 prima
2248 2567 2488 2606 consequentia.

1425 2615 1511 2652 Quia
1532 2614 1704 2644 necessitas
1728 2622 1766 2643 ex
1790 2612 2015 2652 suppositione
2037 2612 2071 2641 in
2095 2621 2191 2641 causa
2205 2620 2272 2642 non
2289 2616 2396 2651 potest
2411 2620 2488 2641 con-

1425 2658 1553 2690 cludere
1568 2658 1791 2688 necessitatem
1806 2656 1987 2686 absolutam
2002 2656 2036 2686 in
2053 2655 2178 2685 effectu.
2191 2673 2212 2677 -
2229 2654 2377 2685 Secunda
2392 2655 2488 2685 etiam

1424 2708 1520 2744 patet.
1545 2702 1631 2740 Quia
1647 2702 1715 2732 sola
1730 2701 1901 2731 necessitas
1917 2699 2062 2730 absoluta
2078 2699 2218 2730 excludit
2236 2699 2488 2738 contingentiam

1425 2758 1443 2778 a
1465 2748 1570 2778 rebus.

1480 2792 1556 2822 Non
1579 2790 1724 2830 sequitur
1746 2790 1866 2829 itaque,
1890 2789 1916 2819 si
1939 2788 2028 2819 Deus
2051 2786 2172 2828 aliquid
2193 2787 2271 2822 vult,
2296 2786 2386 2827 quod
2408 2785 2488 2816 illud

1425 2836 1465 2867 de
1479 2836 1668 2866 necessitate
1685 2834 1822 2865 eveniat:
1840 2832 1897 2863 sed
1912 2832 2003 2873 quod
2017 2833 2097 2862 haec
2113 2831 2337 2862 conditionalis
2356 2832 2396 2861 sit
2414 2839 2488 2860 vera

1425 2886 1457 2911 et
1471 2880 1659 2915 necessaria,
1676 2878 1712 2909 Si
1726 2879 1816 2909 Deus
1834 2876 1960 2918 aliquid
1981 2877 2058 2912 vult,
2075 2875 2158 2906 illud
2180 2876 2251 2905 erit.
2276 2875 2488 2914 Consequens

1424 2931 1534 2956 tamen
1556 2933 1625 2955 non
1649 2924 1708 2954 erit
1729 2922 1955 2953 necessarium.

1483 2979 1512 3000 2.
1533 2968 1585 2999 Ad
1606 2967 1798 2999 evidentiam
1821 2967 1917 2997 huius
1940 2965 2081 3000 rationis,
2106 2962 2375 2994 considerandum
2399 2961 2488 3002 quod

1426 3014 1645 3054 contingentia
1657 3018 1689 3043 et
1699 3011 1870 3042 necessitas
1882 3009 2028 3041 absoluta
2039 3009 2121 3039 inter
2132 3018 2164 3039 se
2177 3008 2417 3048 oppositionem
2433 3007 2489 3036 ha-

1425 3060 1503 3089 bent
1515 3068 1553 3088 ex
1566 3058 1630 3088 suis
1643 3056 1831 3087 formalibus
1843 3054 2029 3085 rationibus.
2047 3053 2122 3083 Ideo
2139 3053 2244 3083 eidem
2259 3052 2303 3082 rei
2316 3052 2488 3081 convenire

1425 3113 1494 3134 non
1517 3107 1663 3143 possunt.
1688 3101 1744 3131 Est
1767 3101 1854 3131 enim
1879 3099 2068 3138 contingens
2092 3096 2181 3137 quod
2204 3095 2382 3126 secundum
2400 3105 2433 3125 se
2458 3100 2489 3124 et

1425 3147 1572 3178 absolute
1594 3151 1703 3186 potest
1725 3154 1793 3176 non
1817 3152 1899 3174 esse:
1927 3142 2144 3173 necessarium
2167 3146 2284 3176 autem,
2309 3139 2399 3179 quod
2421 3148 2488 3169 non

1425 3197 1533 3232 potest
1555 3200 1624 3221 non
1647 3199 1725 3220 esse.
1751 3188 1845 3220 Unde
1867 3188 2066 3227 ubicumque
2089 3186 2221 3226 ponitur
2243 3184 2412 3215 necessitas
2435 3183 2489 3213 ab-

1426 3237 1541 3272 soluta,
1566 3240 1694 3275 oportet
1718 3234 1853 3264 omnino
1878 3231 2129 3271 contingentiam
2151 3229 2318 3259 removeri.
2333 3246 2356 3250 -
2371 3228 2489 3258 Neces-

1426 3282 1500 3311 sitas
1523 3285 1632 3310 autem
1656 3288 1693 3309 ex
1717 3277 1940 3318 suppositione
1967 3285 2035 3305 non
2062 3279 2219 3314 repugnat
2242 3272 2488 3312 contingentiae.

1426 3325 1552 3355 Dicitur
1568 3324 1655 3355 enim
1671 3332 1709 3353 ex
1725 3321 1950 3362 suppositione
1965 3319 2180 3349 necessarium
2197 3316 2287 3357 quod
2302 3326 2369 3346 non
2383 3321 2490 3356 potest

1426 3379 1494 3400 non
1511 3378 1579 3399 esse
1595 3367 1678 3398 facta
1694 3367 1800 3407 aliqua
1816 3364 2050 3405 suppositione.
2066 3362 2178 3398 Modo,
2194 3371 2262 3391 non
2279 3365 2490 3401 opponuntur

1426 3423 1522 3454 posse
1546 3412 1692 3443 absolute
1712 3417 1743 3442 et
1758 3409 1937 3441 secundum
1953 3417 1986 3438 se
2001 3417 2070 3437 non
2086 3416 2165 3442 esse,
2182 3411 2213 3436 et
2227 3415 2296 3436 non
2311 3414 2407 3445 posse
2421 3413 2490 3435 non

1427 3468 1496 3489 esse
1511 3457 1595 3488 facta
1610 3457 1717 3496 aliqua
1733 3454 1971 3495 suppositione:
1996 3452 2077 3482 sicut
2100 3450 2246 3481 absolute
2261 3449 2369 3480 Sortes
2383 3453 2492 3489 potest

1426 3512 1495 3533 non
1516 3502 1656 3536 moveri;
1686 3501 1793 3540 posito
1817 3504 1924 3528 autern
1953 3495 2042 3536 quod
2065 3500 2179 3530 currat,
2202 3503 2270 3524 non
2293 3498 2402 3534 potest
2422 3501 2491 3523 non

1425 3547 1560 3577 moveri.
1585 3544 1679 3576 Unde
1704 3553 1741 3574 ex
1764 3544 1828 3573 hoc
1855 3540 1944 3582 quod
1972 3540 2103 3580 ponitur
2130 3537 2251 3578 aliquid
2277 3537 2492 3568 necessarium

1428 3601 1465 3622 ex
1488 3590 1723 3630 suppositione,
1747 3596 1814 3617 non
1838 3590 1966 3626 oportet
1990 3585 2029 3615 ab
2053 3593 2093 3614 eo
2116 3583 2276 3614 removeri
2302 3582 2491 3624 contingen-

1426 3636 1514 3666 tiam.
1539 3634 1581 3664 Et
1602 3634 1656 3669 ita,
1681 3641 1755 3663 cum
1781 3640 1818 3661 ex
1842 3639 1882 3660 eo
1906 3629 1996 3669 quod
2019 3628 2107 3658 Deus
2127 3626 2249 3667 aliquid
2262 3626 2348 3662 velit,
2361 3634 2492 3656 necesse

2512 359 2521 368 ·
2540 358 2611 380 Num.
2633 364 2664 386 iv,
2685 359 2726 380 Se-

2512 385 2595 406 cundo.

2513 1641 2606 1689 ὶ-Νιιω.
2622 1648 2652 1669 ιν,
2670 1643 2726 1664 Ter-

2524 1674 2556 1689 ιο.

2516 2437 2524 2446 ·
2540 2435 2576 2458 Cf.
2591 2441 2614 2458 n.
2628 2441 2662 2463 ιιι,
2677 2434 2726 2456 init.
