2768 4134
40 1018 122 1046 ‘Cap-
138 1025 166 1040 Lx
168 1024 207 1040 xiv

38 1051 107 1067 Lxx».

39 2257 47 2265 '
64 2254 98 2276 De
112 2254 164 2276 Diu.
176 2253 252 2280 Nom„

39 2288 89 2309 cap.
100 2287 135 2308 1v3
151 2287 170 2303 ο.
181 2280 226 2303 Th.
238 2281 252 2302 Ι.

38 2315 60 2337 9,
72 2314 105 2331 ια.

40 3000 49 3009 '
65 2997 121 3027 Cap.
132 3004 231 3020 xxxviii.

282 304 360 350 246

880 295 1068 333 SUMMA
1098 293 1321 332 CONTRA
1349 292 1627 338 GENTILES‚
1658 292 1770 330 CAP.
1791 292 1889 330 XCI.

635 452 1121 511 CAPITULUM
1157 451 1704 507 NONAGESIMU
1705 451 1769 508 M
1804 452 2133 509 PRIMUM

1167 569 1196 599 A
1222 568 1287 599 26r
1315 569 1360 599 bi
1398 569 1466 599 sine
1490 568 1596 599 titulo.

914 660 1116 714 QUOD
1165 659 1236 700 IN
1287 659 1435 700 DEO
1487 658 1602 700 SIT
1651 659 1859 700 AMOR

298 828 314 851 -2
335 819 353 833 ν’
425 815 638 842 =1M1L1TER
652 811 783 840 autem
799 809 951 851 oportet
965 808 1001 838 et
1020 811 1198 838 amorem
1217 798 1257 837 in
1271 800 1357 837 Deo

367 837 470 894 2*
493 869 575 895 esse
611 856 829 894 secundum
865 862 996 892 actum
1023 852 1233 891 voluntatis
1261 852 1356 890 eius

308 904 353 926 '³'
365 913 372 915 ⁷*
431 917 466 929 ’·
547 911 635 947 Hoc
650 909 752 947 enim
771 916 826 945 est
845 907 1001 957 proprie
1017 907 1066 944 de
1086 906 1233 943 ratione
1248 918 1357 944 amo-

367 948 399 990 ἶ
430 949 465 997 ζ’»
494 963 544 1001 ris
548 964 674 1013 ‚quod
690 974 826 1000 amans
840 962 992 998 bonum
1008 967 1124 997 amati
1136 959 1238 997 velit
1250 960 1358 997 Deus

283 1080 397 1122 patet.
429 1071 658 1108 Secundum
686 1070 762 1106 hoc
795 1067 908 1117 igitur
939 1068 1048 1105 Deus
1081 1075 1118 1105 et
1151 1079 1191 1104 se
1220 1074 1258 1105 et
1285 1067 1358 1104 alia

283 1133 397 1163 amat.

335 1178 487 1216 Adhuc.
524 1177 584 1214 Ad
612 1175 813 1213 veritatem
841 1174 986 1212 amoris
1014 1174 1222 1224 requiritur
1248 1175 1358 1235 quod

282 1231 433 1268 bonum
462 1231 623 1268 alicuius
651 1230 733 1266 vult
761 1236 878 1279 prout
906 1236 962 1266 est
989 1227 1089 1266 eius:
1119 1227 1231 1266 cuius
1251 1227 1357 1265 enim

282 1285 433 1322 bonum
452 1283 590 1335 aliquis
604 1284 686 1320 vult
700 1283 830 1320 solum
843 1290 961 1342 prout
981 1281 1020 1319 in
1034 1281 1189 1319 alterius
1203 1281 1381 1319 bonum

281 1338 391 1386 cedit,
419 1350 490 1388 per
517 1337 695 1376 accidens
714 1344 884 1382 amatur;
912 1335 1010 1373 sicut
1029 1335 1097 1386 qui
1117 1337 1199 1373 vult
1217 1334 1357 1373 vinum

280 1391 501 1430 conservari
520 1399 562 1430 ut
581 1391 674 1428 illud
698 1389 815 1437 bibat,
835 1397 903 1428 aut
930 1389 1134 1428 hominem
1158 1397 1202 1427 ut
1220 1389 1292 1428 sibi
1311 1389 1357 1427 sit

280 1445 380 1483 utilis
408 1453 475 1483 aut
502 1443 747 1489 delectabilis,
775 1456 846 1493 per
878 1443 1057 1481 accidens
1085 1450 1190 1480 amat
1216 1443 1356 1481 vinum

280 1507 346 1536 aut
366 1499 581 1545 hominem,
601 1510 673 1548 per
700 1510 740 1534 se
769 1505 900 1535 autem
930 1496 1116 1546 seipsum.
1148 1497 1225 1535 Sed
1249 1498 1357 1534 Deus

280 1554 362 1590 vult
389 1553 542 1590 bonum
571 1550 880 1602 uniuscuiusque
915 1551 1134 1589 secundum
1163 1550 1272 1601 quod
1302 1559 1357 1588 est

280 1605 379 1644 eius:
409 1607 492 1644 vult
526 1605 633 1644 enim
666 1605 982 1655 unumquodque
1018 1617 1101 1642 esse
1137 1605 1357 1643 secundum

280 1660 389 1710 quod
408 1660 449 1699 in
467 1673 509 1698 se
527 1660 680 1698 bonum
699 1667 771 1705 est;
801 1658 887 1697 licet
914 1658 1030 1696 etiam
1059 1670 1186 1696 unum
1206 1658 1358 1696 ordinet

281 1714 321 1751 in
348 1713 550 1751 utilitatem
579 1713 745 1751 alterius.
782 1713 891 1750 Deus
923 1711 1037 1761 igitur
1064 1723 1156 1750 vere
1189 1719 1293 1750 amat
1321 1721 1358 1749 et

282 1780 323 1805 se
351 1775 388 1805 et
415 1767 500 1805 alia.

335 1820 526 1870 Amplius.
559 1820 662 1858 Cum
690 1819 1007 1868 unumquodque
1027 1818 1251 1856 naturaliter
1266 1818 1357 1857 velit
1372 1832 1399 1846 ²⁰

281 1882 347 1911 aut
374 1882 528 1924 appetat
556 1886 628 1911 suo
657 1873 778 1911 modo
806 1872 1012 1923 proprium
1041 1872 1205 1919 bonum,
1226 1872 1257 1910 si
1281 1873 1357 1910 hoc

281 1928 398 1964 habet
425 1927 569 1964 amoris
598 1926 695 1964 ratio
723 1926 832 1976 quod
852 1938 990 1964 amans
1007 1925 1098 1963 velit
1117 1934 1184 1963 aut
1202 1934 1357 1976 appetat

280 1981 431 2017 bonum
466 1980 594 2027 amati⁷
623 1991 868 2029 consequens
902 1987 959 2017 est
993 1979 1102 2028 quod
1137 1991 1275 2016 amans
1307 1980 1355 2016 ad

280 2041 454 2071 amatum
484 2045 524 2070 se
553 2033 694 2071 habeat
722 2032 819 2070 sicut
847 2033 895 2070 ad
926 2031 964 2070 id
993 2032 1101 2082 quod
1121 2040 1177 2069 est
1195 2044 1288 2070 cum
1307 2044 1356 2070 eo

279 2086 411 2137 aliquo
431 2087 553 2124 modo
573 2098 712 2124 unum.
734 2087 792 2124 Ex
813 2098 893 2136 quo
908 2085 1064 2123 videtur
1081 2085 1239 2137 propria
1259 2085 1383 2124 ratio²

280 2140 424 2178 amoris
447 2140 656 2178 consistere
675 2139 715 2177 in
734 2140 811 2178 hoc
830 2139 939 2189 quod
958 2139 1120 2178 affectus
1139 2139 1256 2178 unius
1275 2148 1356 2178 ten-

280 2194 345 2231 dat
373 2193 413 2231 in
441 2195 605 2231 alterum
634 2193 731 2231 sicut
759 2193 797 2231 in
826 2205 954 2231 unum
982 2205 1075 2232 cum
1104 2192 1190 2243 ipso
1224 2193 1356 2244 aliquo

281 2247 419 2284 modo:
450 2255 608 2297 propter
635 2247 744 2296 quod
773 2246 915 2284 dicitur
939 2259 962 2284 a
990 2247 1182 2298 Dionysio
1200 2247 1221 2269 ⁸
1248 2248 1356 2297 quod

281 2312 394 2338 amor
428 2308 484 2337 est
518 2302 659 2338 unitiva
693 2302 818 2338 virtus.
857 2301 1016 2348 Quanto
1050 2312 1142 2349 ergo
1179 2300 1216 2338 id
1252 2301 1357 2344 unde

1414 799 1510 849 quid
1529 811 1751 849 repugnans
1770 799 1873 837 Deo:
1894 811 1987 836 cum
2007 798 2054 836 sit
2071 799 2178 838 boni.
2198 801 2284 839 Nec
2303 813 2351 839 ex
2369 801 2492 839 modo

1415 865 1455 891 se
1480 852 1651 891 habendi
1670 853 1720 890 ad
1740 852 1954 890 obiectum:
1985 864 2079 890 nam
2105 865 2219 891 amor
2246 862 2303 891 est
2330 854 2492 893 alicuius

1414 906 1470 944 rei
1489 918 1570 943 non
1590 906 1722 943 minus
1750 917 1842 944 cum
1872 906 2048 953 habetur,
2069 906 2138 944 sed
2158 907 2292 956 magis,
2313 908 2405 958 quia
2423 908 2492 946 bo-

1414 972 1513 997 num
1533 960 1693 1010 aliquod
1707 959 1751 997 fit
1770 959 1883 997 nobis
1898 959 2054 997 affinius
2074 972 2166 998 cum
2186 960 2366 1008 habetur3
2387 962 2492 1000 unde

284 1026 416 1056 autem
435 1019 517 1054 vult
536 1018 687 1055 bonum
707 1027 824 1052 suum
845 1022 881 1051 et
900 1013 1079 1060 aliorum,
1095 1021 1138 1051 ut
1153 1026 1200 1050 ex
1215 1012 1324 1051 dictis
1338 1013 1358 1035 '³‘
1388 1028 1397 1049 s
1415 1021 1451 1051 et
1474 1022 1606 1051 motus
1634 1014 1683 1051 ad
1712 1012 1835 1051 finem
1864 1012 1904 1051 in
1932 1013 2049 1051 rebus
2077 1013 2318 1052 naturalibus
2337 1026 2385 1052 ex
2403 1027 2493 1066 pro-

1414 1066 1628 1127 pinquitate
1643 1066 1733 1104 finis
1751 1060 1964 1106 intenditur
1982 1067 2238 1118 (quandoque
2253 1075 2384 1106 autem
2401 1080 2493 1107 con-

1413 1120 1576 1159 trarium
1608 1132 1679 1170 per
1710 1120 1892 1159 accidens
1918 1120 2066 1168 accidit,
2096 1129 2231 1171 utpote
2263 1122 2425 1171 quando
2453 1122 2491 1160 in

1414 1181 1545 1212 amato
1574 1174 1800 1224 experimur
1826 1173 1972 1224 aliquid
1999 1175 2108 1224 quod
2137 1183 2328 1225 repugnat
2350 1176 2492 1214 amori:

1412 1235 1506 1266 tunc
1529 1227 1636 1265 enim
1655 1227 1787 1265 minus
1815 1235 1969 1265 amatur
1987 1229 2148 1278 quando
2178 1229 2369 1279 habetur).
2399 1229 2493 1268 Non

1373 1298 1398 1313 ο
1413 1281 1527 1331 igitur
1553 1293 1667 1319 amor
1694 1288 1884 1332 repugnat
1911 1280 2067 1320 divinae
2091 1281 2324 1333 'perfectioni
2356 1295 2494 1322 secun-

1413 1335 1511 1373 dum
1538 1333 1731 1373 rationem
1758 1347 1852 1373 suae
1880 1334 2034 1385 speciei.
2064 1336 2133 1373 Est
2159 1335 2275 1385 igitur
2292 1335 2332 1374 in
2355 1336 2445 1376 Deo
2461 1336 2492 1375 ⁸.

1467 1390 1680 1427 Praeterea.
1710 1387 1867 1426 Amoris
1885 1396 1942 1426 est
1959 1389 2010 1427 ad
2038 1389 2229 1428 unionem
2257 1401 2432 1439 movere,
2451 1398 2495 1429 ut

1413 1441 1626 1493 Dionysius
1645 1441 1736 1480 dicit
1753 1442 1785 1479 ⁸.
1817 1442 1921 1480 Cum
1950 1442 2069 1489 enim,
2090 1451 2250 1494 propter
2277 1443 2494 1482 similitudi—

1413 1508 1506 1534 nem
1525 1497 1587 1533 vel
1607 1495 1921 1534 convenientiam
1941 1495 2107 1534 amantis
2127 1504 2164 1534 et
2182 1496 2312 1544 amati,
2332 1497 2494 1536 affectus

1374 1549 1578 1588 samantis
1614 1549 1661 1588 sit
1694 1549 1995 1600 quodammodo
2030 1549 2164 1589 unitus
2196 1558 2339 1598 amato,
2373 1548 2495 1592 tendit

1413 1603 1605 1655 appetitus
1624 1603 1664 1641 in
1683 1603 1962 1664 perfectionem
1987 1603 2156 1652 unionis,
2177 1612 2220 1643 ut
2237 1603 2380 1644 scilicet
2397 1602 2494 1649 unio

1413 1670 1515 1708 quae
1543 1657 1622 1696 iarn
1650 1657 1833 1695 inchoata
1860 1665 1917 1696 est
1943 1657 1984 1695 in
2012 1658 2167 1703 affectu,
2191 1658 2463 1709 compleatur
2451 1670 2494 1699 m

1413 1719 1517 1750 actu:
1554 1711 1662 1749 unde
1695 1718 1734 1748 et
1767 1710 1988 1748 amicorum
2022 1711 2230 1762 proprium
2263 1719 2322 1750 est
2354 1720 2493 1751 mutua

1413 1764 1629 1816 praesentia
1644 1772 1682 1802 et
1694 1763 1877 1802 convictu
1892 1772 1929 1802 et
1943 1765 2268 1804 collocutionibus
2282 1765 2491 1816 gaudere⁸.

1413 1819 1521 1857 Deus
1540 1826 1673 1856 autem
1696 1825 1831 1856 movet
1859 1818 1993 1856 omnia
2020 1818 2094 1858 alia
2121 1819 2172 1858 ad
2199 1818 2407 1859 unionem:
2435 1819 2493 1861 in-

1413 1879 1606 1923 quantum
1626 1870 1732 1910 enim
1761 1871 1826 1910 dat
1853 1870 1908 1909 eis
1935 1883 2020 1910 esse
2049 1881 2086 1910 et
2113 1871 2207 1911 alias
2225 1871 2492 1922 perfectiones,

1413 1925 1497 1963 unit
1515 1937 1562 1963 ea
1581 1924 1652 1963 sibi
1680 1937 1751 1975 per
1778 1925 1947 1963 modum
1975 1937 2056 1975 quo
2085 1924 2269 1976 possibile
2288 1934 2357 1964 est.
2385 1926 2494 1966 Deus

1412 1978 1526 2028 igitur
1553 1986 1590 2015 et
1618 1990 1659 2015 se
1687 1986 1725 2015 et
1752 1977 1826 2015 alia
1853 1986 1968 2016 amat.

1466 2032 1620 2070 Adhuc.
1643 2030 1784 2070 Omnis
1803 2031 2018 2070 affectionis
2036 2031 2274 2084 principium
2293 2040 2351 2071 est
2367 2038 2491 2075 amor.

1372 2085 1613 2124 sGaudium
1642 2084 1747 2122 enirn
1777 2092 1814 2122 et
1841 2084 2080 2124 desiderium
2107 2097 2190 2125 non
2208 2094 2266 2125 est
2283 2085 2357 2125 nisi
2374 2087 2493 2127 amati

1413 2139 1524 2184 boni3
1554 2138 1671 2177 timor
1697 2146 1733 2176 et
1756 2137 1903 2177 tristitia
1921 2151 2003 2178 non
2022 2147 2078 2177 est
2097 2139 2171 2178 nisi
2189 2139 2239 2178 de
2258 2141 2364 2179 malo
2382 2140 2492 2191 quod

1413 2192 1669 2231 contrariatur
1696 2193 1805 2230 bono
1833 2200 1980 2238 amato;
2014 2205 2061 2231 ex
2095 2193 2155 2232 his
2187 2202 2320 2232 autem
2351 2206 2492 2233 omme

1413 2247 1509 2285 aliae
1537 2245 1762 2284 affectiones
1789 2245 1979 2284 oriuntur.
2015 2246 2093 2284 Sed
2122 2246 2162 2285 in
2195 2247 2281 2286 Deo
2315 2255 2374 2286 est
2398 2256 2492 2298 gau-

1414 2300 1524 2338 dium
1545 2307 1582 2337 et
1601 2299 1814 2346 delectatio,
1835 2307 1878 2338 ut
1896 2311 2015 2351 supra
2027 2299 2049 2322 ⁸
2067 2308 2269 2339 ostensum
2289 2309 2357 2340 est.
2387 2301 2491 2353 Ergo

281 2366 418 2392 amans
437 2361 494 2391 eSt
513 2365 639 2391 unum
668 2365 760 2391 cum
789 2361 919 2391 amatO
941 2361 997 2391 est
1016 2354 1155 2399 maius,
1175 2362 1282 2392 tanto
1302 2363 1358 2392 est
1374 2366 1400 2387 ³⁰
1413 2366 1453 2392 ln
1482 2354 1568 2391 Deo
1597 2361 1654 2391 est
1681 2363 1805 2392 amor.

281 2419 394 2445 amor
421 2406 620 2444 intensior:
651 2406 773 2456 magis
801 2406 905 2444 enim
925 2419 1106 2446 amamus
1125 2419 1226 2457 quos
1244 2407 1358 2446 nobis

281 2461 365 2498 unit
392 2460 650 2509 generationis
678 2460 799 2509 origo,
823 2468 890 2499 aut
917 2461 1222 2499 conversationis
1250 2474 1356 2509 usus,

282 2522 349 2552 aut
383 2513 528 2564 aliquid
564 2513 805 2560 huiusmodi,
834 2526 955 2564 quam
990 2526 1058 2552 eos
1093 2526 1194 2564 quos
1228 2517 1357 2553 solum

282 2567 394 2605 nobis
414 2567 497 2605 unit
516 2568 714 2605 humanae
743 2575 902 2605 naturae
932 2567 1104 2606 societas.
1136 2569 1184 2606 Et
1211 2581 1355 2610 rursus,

282 2629 428 2671 quanto
457 2621 495 2658 id
525 2633 571 2658 ex
600 2633 680 2671 quo
710 2629 766 2658 est
800 2621 894 2659 unio
931 2629 988 2658 est
1019 2621 1141 2670 magis
1175 2621 1357 2660 intimum

281 2674 437 2718 amanti,
467 2682 573 2712 tanto
608 2687 722 2712 amor
748 2674 792 2712 fit
819 2674 984 2713 firmior:
1020 2675 1125 2713 unde
1161 2675 1357 2714 interdum

281 2740 394 2766 amor
427 2727 494 2778 qui
531 2736 586 2765 est
621 2740 668 2766 ex
703 2727 833 2778 aliqua
865 2728 1058 2778 passione,
1094 2728 1137 2766 fit
1172 2728 1358 2768 intensior

281 2794 415 2819 amore
444 2781 511 2831 qui
540 2789 596 2818 est
624 2793 671 2819 ex
699 2782 862 2819 naturali
891 2781 1037 2831 origine
1066 2784 1128 2820 vel
1154 2795 1201 2820 ex
1225 2782 1356 2833 aliquo

282 2835 427 2880 habitu,
449 2835 517 2872 sed
536 2834 682 2872 facilius
710 2835 854 2873 transit.
884 2835 925 2873 ld
946 2843 1077 2872 autem
1097 2836 1203 2874 unde
1223 2836 1357 2874 omnia

281 2889 366 2926 Deo
395 2888 595 2935 uniuntur,
616 2888 758 2926 scilicet
785 2889 868 2927 eius
896 2888 1062 2931 bonitas,
1082 2901 1202 2939 quam
1224 2889 1356 2928 omnia

282 2941 490 2987 imitantur,
521 2950 576 2979 est
604 2942 823 2980 maximum
853 2950 889 2980 et
917 2941 1098 2980 intimum
1128 2943 1229 2981 Deo:
1264 2956 1356 2982 cum

281 2994 363 3045 ipse
383 2995 429 3033 sit
448 3008 519 3033 sua
538 2995 735 3033 bonitas
703 2995 724 3018 *
757 2996 825 3034 Est
844 2995 956 3044 igitur
975 2995 1014 3034 in
1035 2996 1120 3033 Deo
1145 3009 1259 3035 amor
1276 3009 1355 3035 non

281 3050 410 3086 solum
448 3060 584 3094 verus,
623 3049 691 3086 sed
729 3049 846 3087 etiam
883 3049 1182 3098 perfectissimus
1219 3059 1255 3087 et
1292 3050 1356 3088 fir-

282 3102 490 3139 missimus.

1469 2409 1603 2445 Posset
1617 2415 1749 2445 autem
1764 2406 1878 2445 alicui
1887 2405 2011 2445 videri
2024 2407 2134 2457 quod
2144 2407 2253 2446 Deus
2266 2420 2348 2446 non
2368 2407 2491 2470 magis

1414 2462 1490 2499 hoc
1509 2473 1631 2510 quam
1650 2460 1743 2498 illud
1763 2468 1878 2498 amet.
1900 2459 2062 2499 sienim
2082 2461 2247 2500 intensio
2264 2470 2301 2499 et
2315 2461 2491 2502 remissio

1414 2522 1574 2552 naturae
1594 2513 1788 2552 mutabilis
1807 2514 1964 2564 proprie
1979 2523 2046 2559 est,
2062 2515 2148 2553 Deo
2167 2523 2391 2566 competere
2409 2526 2491 2554 non

1414 2576 1550 2618 potest.
1582 2580 1603 2605 a
1633 2580 1713 2618 quo
1743 2567 1872 2605 omnis
1901 2567 2135 2606 mutabilitas
2163 2570 2301 2619 procul
2330 2569 2435 2607 θεῖ’.

1468 2622 1631 2667 Rursus,
1652 2622 1805 2659 nullum
1833 2621 2001 2659 aliorum
2020 2633 2124 2672 quae
2143 2622 2192 2660 de
2212 2622 2298 2661 Deo
2316 2634 2388 2673 per
2405 2635 2491 2663 mo-

1413 2675 1511 2714 dum
1547 2674 1782 2725 operationis
1819 2673 2014 2722 dicuntur,
2043 2675 2263 2714 secundum
2298 2675 2421 2726 magis
2453 2683 2492 2716 et

1413 2728 1545 2767 minus
1564 2728 1613 2766 de
1633 2728 1718 2778 ipso
1738 2727 1891 2766 dicitur:
1922 2741 2052 2779 neque
2078 2729 2183 2767 enim
2204 2729 2326 2779 magis
2343 2729 2490 2780 aliquid

1413 2782 1488 2820 alio
1517 2782 1726 2832 cognoscit,
1747 2793 1879 2832 neque
1904 2782 2027 2831 magis
2052 2782 2102 2820 de
2121 2783 2199 2821 hoc
2216 2794 2337 2833 quarn
2356 2783 2406 2821 de
2426 2783 2490 2822 ino

1412 2836 1565 2886 gaudet.

1468 2889 1682 2928 Sciendum
1710 2888 1839 2940 itaque
1859 2889 1980 2940 quod,
2001 2901 2094 2927 cum
2121 2888 2217 2928 aliae
2246 2889 2491 2941 operationes

1413 2942 1567 2981 animae
1596 2941 1670 2981 sint
1697 2942 1799 2981 circa
1827 2955 1955 2981 unum
1983 2944 2112 2982 solum
2145 2942 2355 2992 obiectum,
2383 2943 2492 2983 solus

1413 3009 1526 3035 amor
1543 2997 1593 3034 ad
1613 2996 1695 3034 duo
1715 2996 1866 3034 obiecta
1892 2996 1980 3035 ferri
2000 2996 2166 3035 videtur.
2195 2997 2271 3035 Per
2288 2998 2367 3036 hoc
2384 2996 2490 3036 enim

1413 3051 1523 3100 quod
1541 3049 1787 3099 intelligimus
1805 3051 1868 3087 vel
1886 3050 2116 3099 gaudemus,
2135 3050 2187 3088 ad
2205 3050 2365 3101 aliquod
2382 3050 2490 3089 obie-

1412 3112 1519 3141 ctum
1548 3103 1762 3154 aliqualiter
1789 3114 1862 3141 nos
1883 3103 2034 3141 habere
2062 3110 2230 3155 oportet:
2259 3114 2377 3142 amor
2393 3112 2489 3145 vero

335 3157 441 3193 Item.
473 3158 597 3193 Amor
624 3168 670 3193 ex
699 3164 806 3206 parte
831 3155 971 3193 obiecti
990 3168 1070 3193 non
1091 3156 1273 3207 importat
1292 3157 1356 3195 ali·
1373 3178 1395 3198 ,ς
1413 3156 1559 3207 aliquid
1587 3156 1701 3195 alicui
1725 3158 1820 3202 vult,
1841 3157 1918 3195 hoc
1946 3156 2052 3196 enim
2081 3168 2213 3196 amare
2241 3157 2409 3196 dicimur
2425 3156 2489 3196 cui

336 3299 347 3317 t
370 3298 472 3325 oportet
491 3292 526 3327 et]
545 3298 571 3318 et
590 3298 695 3326 oportet
714 3300 753 3318 oec.

845 3301 862 3326 9
881 3293 937 3318 vult
957 3298 1034 3326 prout
1053 3299 1092 3318 est
1111 3292 1176 3327 eius]
1196 3294 1237 3326 pA
1256 3293 1295 3319 sit·
1314 3294 1487 3320 decurrebat:
1498 3294 1646 3336 requiritur
1664 3294 1735 3327 quod
1755 3294 1856 3320 bonum
1875 3293 1984 3320 alieuius
2000 3294 2074 3336 quod
2087 3294 2146 3328 quin
2157 3294 2214 3319 vult
2249 3298 2310 3319 mut
2323 3298 2363 3319 est
2378 3293 2443 3320 elue.
2462 3294 2488 3320 Si

281 3328 349 3352 enim
368 3328 477 3353 alicuius
492 3328 591 3354 bouum
605 3328 700 3362 aliqui·
718 3328 781 3354 velit
798 3329 887 3354 solum
906 3334 984 3362 prout
1003 3329 1205 3359 etc.;de1entur
1217 3330 1288 3362 quod
1302 3330 1361 3363 quis
1374 3331 1430 3355 vult
1442 3333 1469 3355 et
1483 3330 1504 3355 si
1518 3330 1588 3356 enim
1602 3330 1644 3361 ali,
1661 3333 1725 3362 pose
1742 3330 1817 3356 euius
1835 3329 1951 3355 additur
1965 3329 2035 3355 enim
2050 3332 2127 3355 etex
2137 3328 2201 3356 vdit
2264 3329 2328 3355 vult.
2349 3329 2489 3356 Oedioim

282 3364 389 3388 verbum
413 3365 469 3389 vult
485 3367 597 3396 praeter
617 3365 790 3390 intentionem
811 3364 927 3390 delet-m·
949 3367 998 3390 aut
1021 3371 1074 3390 non
1098 3365 1251 3390 restitutum
1274 3372 1346 3395 emt
1365 3366 1479 3391 traditio
1498 3366 1564 3399 legit
1586 3366 1738 3391 uminis.-
1762 3371 1841 3400 pmut
1858 3371 1900 3392 ent
1915 3366 1973 3391 eiua
1991 3365 2062 3392 vetii.

281 3398 390 3424 bonum.
482 3407 510 3425 αι
535 3399 588 3434 aut]
608 3408 637 3425 ac
653 3408 678 3431 α,
691 3406 717 3425 et
730 3399 823 3426 DGPc.
916 3407 948 3424 22
969 3399 1021 3434 aut]
1042 3405 1070 3425 ut
1083 3408 1109 3426 α.

282 3434 364 3468 mum]
386 3435 487 3460 unitum
506 3435 549 3467 W,
570 3435 690 3461 intimum
710 3436 750 3461 vel
770 3436 872 3461 unitum
892 3435 942 3461 Pd.

282 3505 303 3529 D
334 3469 480 3530 4Daffinius]
501 3470 584 3496 affinis
603 3479 644 3503 uc,
662 3471 779 3496 intimius
797 3471 840 3502 W,
860 3471 1002 3496 maximum
1022 3470 1054 3501 Y,
1073 3470 1162 3497 affirm
1181 3471 1210 3496 Z.

306 3512 338 3529 eo

282 3576 489 3602 allocutionibus.
582 3585 610 3603 21
634 3578 671 3603 eis
691 3579 713 3603 Α
732 3580 817 3606 solus:
837 3586 890 3603 om.

283 3616 307 3635 et
326 3612 403 3635 timor
421 3618 446 3636 et
465 3612 524 3638 Wb.

982 3577 1015 3603 23
1035 3583 1060 3603 et
1079 3578 1118 3611 se}
1138 3586 1167 3603 se
1187 3578 1300 3604 NWYZ.

284 3681 402 3711 videtin-‚-
421 3682 488 3706 aliud
509 3683 598 3713 aGYb,
619 3684 706 3716 aliquo
726 3685 755 3710 N.
848 3684 990 3719 cognoscit]
1011 3686 1176 3718 cognoscitur
1195 3685 1242 3710 Pd.

1202 3401 1234 3425 23
1254 3401 1286 3426 ad
1306 3401 1432 3435 amatuml
1453 3407 1478 3428 et
1491 3407 1608 3428 amatum
1623 3401 1709 3428 aare.

480 3513 511 3531 12
532 3507 563 3532 ad
583 3507 706 3532 unionem
727 3507 785 3532 Nar·
803 3511 830 3532 et
848 3507 965 3540 scriptor
983 3506 1003 3531 Ζ
1022 3514 1106 3539 supra
1125 3507 1292 3549 marginem,·
1310 3509 1342 3532 ad
1363 3516 1443 3533 unum
1463 3509 1494 3538 Χ
1514 3509 1546 3533 ad
1566 3508 1691 3533 unitatem
1705 3508 1751 3540 εἰ),
1766 3509 1798 3533 ad
1813 3507 1923 3533 invicem
1942 3506 2033 3533 ceteri.

283 3540 422 3572 Dionysius
441 3541 474 3573 iiij
494 3550 531 3567 ca.
551 3543 583 3567 de
603 3543 635 3567 di.
657 3550 698 3568 no.
719 3543 774 3572 NZ:
793 3543 888 3568 citatio
911 3543 937 3568 in
957 3543 979 3567 Α
999 3549 1083 3574 supra
1102 3543 1251 3575 marginem
1271 3543 1373 3576 scripta
1392 3547 1417 3569 et
1438 3551 1532 3569 rursus
1551 3545 1638 3569 deleta
1651 3544 1718 3578 suit.

1392 3578 1426 3604 26
1445 3580 1524 3605 timor
1542 3579 1576 3613 etl
1596 3581 1675 3605 timor
1692 3580 1771 3605 etiam
1788 3585 1852 3604 casu
1867 3579 1888 3603 Α
1903 3585 1963 3604 cum
1979 3585 2031 3610 quo
2044 3577 2110 3608 ΒΡε,
2124 3578 2203 3604 timor
2216 3579 2293 3604 etiam
2309 3584 2335 3604 et
2348 3579 2487 3609 ΗΝιῦΡΔ,

617 3613 645 3639 31
669 3612 772 3640 Pouet.
792 3614 844 3640 Hic
863 3614 924 3647 pNZ
944 3614 1076 3647 incipiunt
1095 3621 1192 3639 novum
1211 3614 1373 3646 capitulum,-
1393 3615 1419 3640 in
1438 3616 1526 3648 spatio
1545 3616 1625 3640 titulo
1644 3615 1753 3641 vacanti
1769 3614 1887 3646 scriptor
1905 3613 1925 3639 Ζ
1945 3616 2022 3638 notat
2042 3614 2124 3639 rubro
2149 3622 2200 3639 non
2225 3619 2266 3640 eut
2288 3615 2444 3648 capitulum;
2464 3615 2485 3640 N

282 3653 364 3677 supra
385 3647 481 3672 rubrae
499 3648 651 3680 scripturae
675 3657 798 3674 rasuram
824 3650 903 3675 habet
922 3650 1018 3675 rubro:
1038 3649 1206 3675 Obiectiones
1232 3655 1320 3675 contra
1344 3651 1481 3683 praedicta.

1332 3694 1367 3717 44
1387 3694 1450 3711 vero
1468 3694 1511 3711 om
1532 3694 1557 3717 α,
1577 3686 1646 3712 enim
1665 3685 1706 3712 cd.

2154 3363 2187 3390 18
2204 3364 2342 3391 utilitatem
2360 3366 2384 3391 Α
2401 3366 2488 3398 solnm

1801 3409 1836 3434 24
1853 3399 1957 3435 babent}
1977 3400 2055 3427 hebet
2066 3399 2098 3432 E,
2111 3399 2224 3426 habent
2241 3400 2285 3428 Pe.
2377 3400 2410 3427 35
2429 3401 2489 3428 iui-

1303 3479 1330 3498 ιι
1354 3472 1400 3497 Est
1419 3473 1498 3506 igitur
1516 3473 1542 3498 in
1561 3471 1626 3507 Deo]
1647 3480 1721 3498 amor
1738 3473 1846 3498 addunt
1865 3471 1909 3497 GP
1928 3474 1955 3498 et
1971 3474 2036 3497 ante
2054 3471 2079 3496 in
2102 3470 2159 3496 Deo
2177 3471 2225 3502 W;
2245 3471 2316 3505 Ergo
2334 3471 2384 3498 hoc
2403 3477 2445 3498 ent
2462 3473 2488 3498 in

2125 3506 2157 3532 13
2178 3506 2319 3541 Dionysius
2338 3506 2408 3542 dicit]
2427 3508 2489 3534 dicit

1808 3541 1924 3576 μωρία]
1943 3549 1991 3575 per
2009 3548 2175 3576 eie-19
2194 3543 2411 3569 collocutionibun
2430 3543 2486 3574 ΝΖ;

1574 3649 1607 3676 36
1627 3651 1748 3676 dicuntur
1765 3649 1809 3675 hic
1827 3649 1883 3681 NZ3
1898 3653 1962 3682 post
1982 3650 2014 3674 de
2034 3649 2098 3676 Deo.
2191 3649 2224 3676 38
2243 3649 2294 3675 alio
2312 3657 2350 3676 ex
2368 3650 2437 3676 aliud
2458 3655 2487 3676 ut

2518 2301 2528 2312 ·
2543 2300 2602 2330 Cep.
2617 2306 2695 2330 praee.

2760 1249 2768 1273 l

2521 1336 2530 1346 ·
2540 1334 2577 1358 Cf.
2583 1341 2636 1365 cup.
2641 1335 2738 1363 satuit.

2521 1441 2658 1466 ‘Luc-eit.

2520 1764 2674 1793 ‘limita
2689 1772 2735 1794 xn:

2520 1791 2596 1815 ιΤΙι.
2613 1793 2629 1814 Ι.
2641 1800 2675 1821 ι4.
