2768 4134
85 1144 146 1177 {CL
161 1149 213 1172 cap.
226 1149 272 1165 ux

83 1172 134 1194 mit.

87 1520 96 1529 ·
120 1518 177 1546 Cap.
203 1523 263 1539 Lxxx
250 1522 301 1544 x,iu

86 1551 147 1567 vers.
163 1544 202 1567 fin.

89 1782 262 1811 ·.VI11P1=ysv
265 1789 303 1811 ,ς7

90 1809 165 1834 =.·rh.
179 1810 194 1831 1.
205 1815 228 1838 9.

90 2961 201 2990 ‘Dionym
209 2962 292 2984 demae

88 2987 192 3037 105,
254 2978 300 3016 ’ΞΞ

323 305 396 341 552

823 299 1010 337 SUMMA
1041 297 1263 335 CONTRA
1292 296 1569 341 GENTILES,
1598 278 1692 333 LIB.
1713 296 1756 341 11,
1787 295 1899 332 CAP.
1923 296 2021 333 XC1.

680 455 1164 514 CAPITULUM
1199 453 1804 510 NONAGESIMUM
1841 453 2168 510 PRIMUM

558 587 731 640 QUOD
767 585 929 627 SUNT
963 579 1242 636 ALIQUAE
1275 581 1706 624 SUBSTANTIAE
1739 581 2293 625 INTELLECTUALES

921 660 923 662 ·
1013 644 1399 687 CORPORIBUS
1433 643 1562 684 NON
1603 643 1836 685 UNITAE

350 800 353 801 γ
460 798 465 807 ,
510 774 555 799 x
583 759 804 811 praemissis
828 768 959 798 autem
985 758 1135 797 ostendi
1163 766 1289 808 potest
1314 769 1397 796 esse

407 811 448 841 ²⁴⁶⁹
545 815 694 875 aliquas
714 813 945 874 substantias
965 813 1238 872 intellectuales
1258 823 1397 861 corpo-

324 977 430 1015 ribus
449 975 649 1025 corruptis,
666 975 877 1012 intellectus
896 972 1162 1018 substantiam,
1181 971 1293 1022 quasi
1312 983 1398 1032 per·
1424 985 1433 1006 ς

323 1039 496 1081 petuam,
525 1040 737 1066 remanere.
767 1028 816 1064 Et
844 1026 875 1064 si
903 1025 1064 1076 quidem
1094 1025 1307 1063 substantia
1341 1025 1398 1063 in-

324 1086 495 1122 tellectus
523 1094 623 1132 quae
662 1088 848 1126 remanet,
884 1079 930 1118 sit
965 1091 1045 1117 una
1073 1079 1267 1126 omnium,
1301 1079 1399 1116 sicut

273 1137 486 1187 xquidam
514 1135 691 1180 dicunt,
661 1135 681 1156 ²¹⁶
721 1134 769 1171 de
789 1133 1012 1171 necessitate
1032 1133 1285 1183 consequitur
1310 1145 1399 1170 eam

325 1203 407 1228 esse
436 1189 654 1226 secundum
683 1199 799 1225 suum
829 1199 913 1225 esse
932 1199 955 1224 a
974 1198 1139 1236 corpore
1168 1194 1398 1237 separatam.

326 1245 374 1281 Et
394 1243 447 1281 sic
466 1242 632 1280 habetur
650 1240 909 1291 propositum,
930 1240 1039 1290 quod
1059 1240 1273 1278 substantia
1293 1240 1424 1279 intel-

326 1296 495 1347 lectualis
515 1295 644 1346 aliqua
662 1294 745 1332 sine
765 1306 928 1345 corpore
948 1293 1139 1332 subsistat.
1161 1317 1186 1321 -
1207 1293 1248 1332 Si
1267 1302 1400 1332 autem

326 1353 456 1401 plures
475 1349 629 1387 animae
644 1348 896 1386 intellectivae
916 1356 1154 1395 remaneant,
1169 1348 1400 1398 corporibus

328 1403 540 1450 destructis,
559 1402 766 1440 conveniet
791 1401 986 1451 aliquibus
1009 1401 1232 1439 substantiis
1255 1402 1400 1440 intelle-

328 1457 518 1496 ctualibus
547 1457 694 1506 absque
723 1467 887 1506 corpore
917 1455 1143 1493 subsistere:
1173 1455 1400 1506 praesertim

329 1523 421 1549 cum
450 1512 651 1548 ostensum
676 1509 756 1547 sit*
781 1509 889 1560 quod
918 1509 1072 1547 animae
1097 1521 1177 1546 non
1205 1517 1426 1547 transeant
1418 1526 1440 1546 ¹5

1507 757 1614 794 Item.
1646 755 1686 794 Si
1707 763 1763 793 est
1791 755 1938 806 aliquid
1956 756 2229 806 imperfectum
2257 757 2297 795 in
2315 758 2448 808 aliquo
2467 771 2530 808 ge-

1453 822 1557 856 nere,
1586 809 1784 847 invenitur
1801 817 1891 848 ante
1909 809 2015 856 illud,
2036 810 2256 848 secundum
2284 820 2445 850 naturae
2469 825 2532 850 or-

1454 863 1598 910 dinem,
1628 863 1774 913 aliquid
1807 863 1847 900 in
1875 875 2016 912 genere
2048 863 2113 901 illo
2146 864 2379 914 perfectum:
2408 866 2532 916 perfe-

1454 925 1561 954 ctum
1582 916 1686 954 enim
1707 924 1847 954 natura
1865 916 1974 968 prius
1994 925 2051 954 est
2069 917 2296 968 imperfecto
2310 918 2342 956 *.
2362 919 2573 970 Ρο111188ζ,

1454 978 1586 1009 81118111
1615 983 1717 1021 quae
1746 978 1836 1008 sunt
1862 970 1903 1008 in
1931 970 2112 1016 materiis,
2137 979 2228 1009 sunt
2254 970 2363 1009 actus
2390 971 2532 1023 imPer-
2569 990 2576 997 ·

1453 1024 1557 1063 fecti:
1597 1023 1691 1074 quia
1722 1036 1805 1062 non
1842 1024 1988 1062 habent
2019 1036 2104 1062 esse
2139 1026 2394 1075 completum.
2433 1026 2534 1065 Sunt

1455 1078 1569 1127 igitur
1596 1077 1750 1128 aliquae
1776 1078 1926 1116 formae
1955 1090 2058 1128 quae
2095 1087 2186 1117 sunt
2213 1086 2322 1117 actus
2349 1076 2534 1130 completi

1455 1144 1526 1182 per
1554 1144 1594 1169 se
1623 1131 1886 1179 subsistentes,
1921 1139 1958 1169 et
1991 1131 2163 1182 speciem
2197 1134 2436 1183 completam
2464 1135 2534 1172 118-

1455 1186 1601 1223 bentes.
1633 1185 1775 1223 Omnis
1810 1192 1942 1223 autem
1976 1185 2103 1223 forma
2136 1197 2208 1236 Ρ81·
2231 1197 2285 1224 58
2322 1187 2535 1226 subsistens

1428 1239 1605 1300 oabsque
1633 1238 1805 1285 materia,
1826 1246 1883 1276 est
1911 1238 2125 1278 substantia
2150 1238 2432 1278 intellectualis:
2462 1240 2534 1279 1111-

1456 1293 1627 1331 11111111185
1641 1292 1748 1330 8111111
1762 1291 1947 1331 materiae
1962 1293 2109 1331 confert
2127 1305 2211 1331 esse
2231 1293 2475 1344 intelligibile,
2491 1300 2536 1333 ut

1456 1359 1503 1385 ex
1531 1346 1754 1397 praemissis
1772 1346 1931 1397 *.patet
1951 1347 2052 1385 Sunt
2070 1358 2162 1396 ergo
2181 1347 2335 1398 aliquae
2358 1344 2535 1393 substan·
2563 1355 2572 1365 ·

1455 1400 1530 1439 1188
1559 1401 1833 1438 intellectuales
1860 1400 2092 1461 corporibus
2120 1413 2203 1439 non
2230 1401 2380 1440 unitae:
2415 1413 2536 1441 omne

1457 1454 1563 1492 enim
1592 1467 1735 1504 corpus
1763 1454 1968 1492 materiam
1998 1454 2125 1492 habet.

1512 1508 1703 1568 Amplius.
1721 1507 1944 1546 Substantia
1962 1515 2090 1559 potest
2107 1519 2192 1546 esse
2211 1507 2294 1546 sine
2313 1508 2538 1560 quantitate,

330 1565 379 1603 de
398 1576 562 1614 corpore
581 1564 631 1602 ad
650 1575 805 1614 corpus.
827 1562 1022 1601 Convenit
1044 1570 1175 1601 autem
1195 1563 1402 1601 animabus
1457 1561 1543 1600 licet
1571 1561 1763 1624 quantitas
1796 1561 1879 1600 sine
1914 1561 2130 1600 substantia
2167 1574 2251 1600 esse
2288 1573 2370 1619 non
2397 1561 2535 1614 possit.

332 1630 414 1656 esse
443 1631 465 1655 a
494 1617 722 1677 corporibus
756 1624 950 1667 separatas
982 1629 1053 1666 per
1085 1616 1279 1654 accidens:
1310 1629 1403 1655 cum
1457 1618 1662 1654 substantia
1690 1618 1790 1654 enim
1815 1616 1979 1658 aliorum
2006 1628 2193 1666 generum
2215 1614 2347 1667 prima
2362 1622 2423 1654 est
2442 1621 2536 1661 tnn-

332 1671 553 1710 naturaliter
572 1671 646 1708 sint
664 1671 812 1708 formae
832 1682 1058 1732 corporum.
1080 1672 1138 1708 Eo
1161 1676 1285 1708 autem
1306 1671 1406 1720 quod
1454 1682 1562 1720 pore,
1583 1671 1731 1707 ratione
1748 1675 1782 1706 et
1800 1670 2061 1720 cognitione.
2029 1669 2050 1691 *
2092 1669 2170 1707 Sed
2196 1671 2304 1707 nulla
2323 1669 2539 1708 substantia
2565 1674 2593 1726 'a

334 1732 384 1763 est
397 1737 470 1776 per
488 1725 671 1770 accidens,
697 1729 839 1775 oportet
852 1725 961 1774 prius
980 1735 1058 1760 esse
1076 1723 1115 1760 id
1133 1725 1232 1774 quod
1258 1730 1310 1761 est
1331 1736 1405 1774 per
1459 1735 1649 1774 corporea
1677 1731 1733 1760 est
1765 1722 1848 1760 sine
1877 1722 2100 1773 quantitate.
2119 1723 2290 1769 Possunt
2317 1722 2435 1772 igitur
2453 1732 2538 1761 8858
2572 1741 2580 1748 ·
2603 1741 2611 1749 ·

332 1791 373 1816 se
389 1778 421 1815 ²¹².
444 1779 542 1816 Sunt
561 1777 674 1827 igitur
692 1777 844 1827 aliquae
864 1776 1099 1815 substantiae
1119 1776 1404 1825 intellectuales,
1420 1793 1447 1808 ao
1460 1777 1656 1827 quaedam
1686 1775 1725 1814 in
1752 1787 1893 1838 genere
1922 1774 2158 1814 substantiae
2191 1775 2356 1814 omnino
2387 1777 2538 1838 absque

334 1808 540 1870 animabus
559 1831 778 1869 secundum
797 1838 977 1868 naturam
991 1830 1150 1880 priores,
1166 1830 1310 1880 quibus
1335 1843 1406 1881 per
1461 1842 1637 1881 corpore.
1664 1825 1826 1868 Omnes·
1838 1837 1971 1868 autem
1994 1837 2156 1879 naturae
2179 1829 2383 1880 possibiles
2410 1829 2452 1869 in
2478 1838 2538 1872 1·8·’

334 1898 375 1923 58
403 1885 502 1922 111851
529 1884 611 1922 51118
640 1883 870 1934 corporibus
897 1883 1116 1921 subsistere.

386 1938 576 1987 Amplius.
608 1938 740 1975 Omne
767 1937 876 1996 quod
905 1945 961 1974 est
989 1937 1038 1974 de
1066 1935 1214 1974 ratione
1242 1936 1404 1985 generis,

332 1999 484 2041 oportet
502 1991 550 2028 de
570 1990 718 2028 ratione
737 1989 877 2040 speciei
897 2002 996 2027 esse:
1027 1997 1117 2027 sunt
1135 1998 1267 2027 autem
1286 2001 1406 2040 quae-

1461 1896 1551 1922 rum
1579 1883 1716 1923 ordine
1748 1882 2016 1921 inveniuntur:
2046 1880 2155 1921 aliter
2181 1882 2293 1922 enim
2325 1891 2426 1922 esset
2451 1879 2539 1925 uni·

1461 1949 1620 1974 versum
1649 1936 1932 1986 imperfectum.
1965 1938 2013 1974 In
2047 1938 2282 1998 sernpiternis
2315 1939 2429 1976 etiam
2461 1943 2538 1977 mn

1462 1989 1586 2040 differt
1614 2001 1692 2027 esse
1719 1995 1753 2027 et
1781 2001 1894 2039 posse
1913 1989 1944 2027 ³⁸.
1976 1990 2077 2027 Sunt
2111 1989 2225 2039 igitur
2261 1990 2428 2041 aliquae
2447 1991 2539 2031 sub—
2566 1994 2577 2005 '

332 2045 424 2082 dam
444 2056 545 2094 quae
574 2051 664 2081 sunt
682 2044 732 2081 de
751 2042 899 2082 ratione
919 2042 1073 2094 speciei,
1094 2055 1175 2080 non
1204 2050 1336 2081 autem
1356 2044 1432 2081 de:
1420 2059 1445 2079 ες
1461 2043 1621 2082 stantiae
1641 2043 1790 2094 absque
1809 2042 2040 2094 corporibus
2059 2042 2328 2092 subsistentes3
2356 2051 2446 2096 post
2461 2044 2540 2097 pri-

333 2098 479 2136 ratione
507 2097 676 2147 generis:
706 2097 803 2135 sicut
823 2097 1007 2134 rationale
1028 2105 1084 2134 est
1103 2097 1152 2134 de
1171 2096 1320 2135 ratione
1339 2098 1405 2135 ho-

332 2154 454 2198 minis,
475 2163 556 2189 non
585 2159 716 2188 autem
744 2151 793 2188 de
822 2149 969 2188 ratione
997 2151 1183 2188 animalis.
1206 2150 1405 2201 Quicquid

332 2214 463 2243 autem
492 2213 548 2242 est
576 2204 625 2242 de
654 2204 800 2242 ratione
829 2203 982 2254 speciei,
1002 2216 1083 2242 non
1107 2212 1239 2242 autem
1268 2205 1318 2242 de
1347 2216 1405 2243 ra·

331 2259 436 2297 tione
454 2258 616 2308 generis,
636 2270 718 2296 non
737 2265 792 2296 est
811 2270 968 2296 necesse
987 2257 1173 2296 omnibus
1201 2258 1405 2309 speciebus

331 2311 481 2362 generis
508 2312 650 2349 inesse:
681 2313 825 2349 multae
850 2311 954 2349 enim
984 2311 1132 2362 species
1150 2320 1240 2349 sunt
1259 2312 1405 2351 irratio·-

332 2365 522 2404 nabilium
549 2365 789 2403 animalium.
825 2365 1068 2403 Substantiae
1097 2373 1228 2403 autem
1261 2365 1405 2404 intelle-

333 2419 448 2457 ctuali
476 2419 694 2457 secundum
722 2431 840 2456 suum
868 2431 991 2468 genus
1010 2419 1193 2458 convenit
1221 2420 1330 2470 quod
1358 2419 1405 2458 sit

332 2485 403 2523 per
429 2485 471 2510 se
492 2472 723 2533 subsistens,
751 2484 844 2510 cum
879 2473 1019 2510 habeat
1046 2485 1117 2523 per
1143 2486 1184 2510 se
1213 2472 1404 2523 operatio·

333 2538 441 2563 nem:
472 2525 570 2564 sicut
597 2525 775 2575 superius
793 2526 814 2548 '¹‘
841 2534 898 2563 est
925 2534 1138 2564 ostensum.
1168 2527 1228 2565 De
1256 2527 1404 2566 ratione

331 2587 463 2617 autem
491 2579 546 2617 rei
573 2591 645 2630 per
663 2591 703 2617 se
723 2579 962 2618 subsistentis
981 2592 1061 2618 non
1091 2588 1146 2618 est
1165 2581 1273 2631 quod
1298 2582 1404 2620 alteri
1422 2600 1444 2621 ³5
1460 2593 1637 2632 corpore,
1656 2588 1700 2619 ut
1719 2593 1765 2619 ex
1794 2580 2016 2632 praemissis
2035 2581 2056 2604 ⁸
2082 2588 2197 2632 patet.
2221 2581 2378 2632 Corpus
2404 2586 2539 2620 autem
2565 2589 2575 2600 ·

331 2633 496 2671 uniatur.
526 2633 620 2671 Non
649 2641 704 2671 est
722 2632 835 2682 igitur
854 2634 902 2671 de
925 2633 1073 2672 ratione
1093 2634 1356 2673 substantiae·
1347 2647 1404 2674 111-

330 2686 550 2724 tellectualis
564 2687 783 2725 secundum
798 2700 916 2725 suum
927 2699 1050 2737 genus
1065 2688 1172 2738 quod
1188 2688 1234 2726 sit
1248 2689 1404 2739 corpori

330 2740 452 2778 unita:
475 2740 544 2778 etsi
565 2741 611 2778 sit
630 2741 707 2778 hoc
724 2741 774 2778 de
793 2741 941 2779 ratione
960 2741 1122 2780 alicuius
1140 2742 1404 2781 intellectualis

329 2794 573 2841 substantiae,
600 2806 701 2844 quae
729 2802 785 2832 est
813 2794 955 2832 anima.
986 2796 1085 2833 Sunt
1113 2796 1226 2844 igitur
1250 2796 1402 2847 aliquae

329 2847 562 2886 substantiae
582 2847 853 2886 intellectuales
872 2849 1102 2899 corporibus
1121 2861 1202 2887 non
1222 2850 1365 2888 unitae.
1417 2868 1445 2889 ⁴0

381 2902 533 2940 Adhuc.
573 2902 723 2940 Natura
756 2901 934 2952 superior
962 2902 1001 2940 in
1039 2915 1112 2941 suo
1140 2902 1280 2942 infimo
1309 2916 1401 2943 con-

328 2954 435 3004 tingit
460 2963 641 2993 naturam
659 2954 914 2994 inferiorem
905 2968 945 2994 in
964 2956 1048 2994 eius
1067 2969 1300 3007 supremo.
1269 2957 1289 2979 ’¹‘
1321 2958 1401 2997 Na-

328 3017 413 3047 tura
441 3017 572 3046 autem
606 3008 869 3047 intellectualis
897 3018 953 3047 est
985 3010 1163 3060 superior
1195 3012 1399 3062 corporali.

328 3062 484 3111 Attingit
518 3070 649 3100 autem
677 3073 766 3100 eam
795 3063 1013 3101 secundum
1047 3064 1217 3114 aliquam
1249 3074 1401 3115 partem

328 3115 397 3162 sui,
431 3127 532 3166 quae
567 3123 623 3153 est
655 3115 785 3153 anima
818 3116 1056 3157 intellectiva.
1092 3118 1256 3168 Oportet
1289 3119 1402 3169 igitur
1415 3137 1439 3157 ις

327 3170 446 3218 quod,
476 3169 573 3208 sicut
608 3181 751 3219 corpus
786 3170 1001 3220 perfectum
1033 3182 1103 3221 per
1135 3170 1308 3210 animam
1343 3172 1400 3211 in-

327 3222 554 3261 lellectivam
588 3230 644 3260 est
679 3235 909 3273 supremum
938 3223 978 3262 in
1005 3235 1146 3272 genere
1175 3237 1398 3288 corporum,

1461 2109 1571 2135 mam
1598 2097 1865 2144 substantiam,
1894 2109 1996 2148 quae
2032 2097 2141 2136 Deus
2176 2106 2243 2146 est,
2272 2097 2342 2149 qui
2373 2109 2456 2140 non
2484 2105 2541 2138 est

1461 2151 1502 2190 in
1520 2163 1673 2201 genere,
1693 2158 1736 2189 ut
1755 2163 1873 2201 supra
1891 2150 1912 2173 ³⁸⁸
1939 2159 2143 2190 ostensum
2161 2160 2236 2200 851;
2264 2160 2301 2191 81
2321 2164 2440 2203 supra
2457 2151 2540 2192 ani·
2567 2158 2578 2169 ·

1461 2217 1581 2252 mam,
1611 2217 1713 2255 quae
1741 2213 1797 2242 est
1825 2205 1981 2255 corpori
2009 2204 2129 2243 unita.

1515 2259 1668 2296 Adhuc.
1700 2258 1740 2297 Si
1769 2270 1817 2296 ex
1845 2258 2039 2309 aliquibus
2063 2259 2220 2297 duobus
2248 2258 2447 2298 invenitur
2471 2227 2539 2298 811-

1422 2331 1448 2351 ιο
1461 2312 1556 2363 quid
1589 2312 1872 2363 compositum3
1902 2319 1940 2350 et
1970 2313 2136 2351 alterum
2170 2324 2311 2350 eorum
2343 2312 2541 2362 invenitur

1459 2379 1532 2418 per
1559 2379 1599 2405 se
1628 2366 1737 2417 quod
1771 2374 1827 2404 est
1864 2365 1996 2404 minus
2030 2366 2262 2417 perfectum:
2293 2373 2330 2405 et
2361 2359 2538 2415 alterum,

1461 2420 1570 2471 quod
1599 2428 1655 2458 est
1683 2420 1806 2469 magis
1834 2419 2049 2470 perfectum
2077 2428 2115 2459 et
2142 2419 2274 2458 minus
2302 2418 2454 2471 reliquo
2481 2419 2538 2460 in-

1460 2474 1606 2524 digens,
1626 2486 1698 2524 per
1715 2486 1757 2511 se
1776 2473 1973 2512 invenitur
1985 2473 2017 2511 *.
2039 2473 2240 2512 Invenitur
2257 2481 2391 2512 autem
2408 2473 2539 2525 aliqua
2566 2482 2576 2493 ·

1461 2528 1673 2566 substantia
1692 2527 1911 2578 composita
1929 2539 1978 2565 ex
2003 2527 2215 2566 substantia
2234 2526 2482 2566 intellectuali
2494 2534 2539 2567 81

1461 2634 1657 2674 invenitur
1682 2647 1754 2695 per
1781 2647 1838 2673 se:
1869 2634 1966 2674 510111
1991 2642 2099 2696 patet
2122 2634 2162 2674 in
2186 2634 2372 2674 omnibus
2400 2645 2537 2696 corpo·

1460 2689 1568 2728 ribus
1586 2687 1819 2728 inanimatis.
1839 2689 1968 2727 Multo
1989 2687 2104 2738 igitur
2120 2687 2269 2736 fortius,
2284 2686 2539 2729 inveniuntur

1459 2742 1696 2781 substantiae
1725 2742 1998 2781 intellectuales
2024 2742 2256 2793 corporibus
2283 2754 2365 2781 non
2393 2741 2536 2783 unitae.

1512 2798 1620 2835 Item.
1652 2796 1916 2834 Substantiam
1944 2796 2000 2834 rei
2023 2804 2177 2847 oportet
2204 2808 2288 2834 esse
2316 2796 2536 2851 proportio-

1431 2857 1590 2888 enatam
1609 2861 1704 2888 suae
1723 2849 1956 2900 operationi:
1977 2849 2071 2901 quia
2089 2850 2264 2911 operatio
2288 2857 2345 2888 est
2371 2855 2481 2888 801115
2497 2855 2536 2888 et

1458 2904 1611 2943 bonum
1639 2903 1875 2943 substantiae
1899 2902 2106 2954 operantis.
2137 2903 2215 2943 Sed
2243 2902 2451 2954 intelligere
2476 2908 2536 2954 851

1456 2957 1615 3019 propria
1629 2956 1804 3008 operatio
1819 2957 2056 2996 substantiae
2073 2956 2349 2996 intellectualis.
2370 2944 2536 3008 Oportet

1456 3011 1570 3061 igitur
1597 3011 1854 3050 substantiam
1873 3011 2170 3050 intellectualem
2188 3012 2305 3050 talem
2328 3023 2413 3051 esse
2432 3023 2534 3062 quae

1455 3074 1653 3116 competat
1671 3065 1890 3116 praedictae
1908 3065 2138 3115 operationi
2159 3064 2371 3114 Intelligere
2387 3073 2534 3112 autem,

1456 3131 1549 3157 curn
1578 3119 1624 3157 sit
1652 3118 1827 3169 operatio
1859 3130 1932 3170 per
1958 3130 2149 3169 organum
2174 3129 2445 3179 ‘corporeum
2449 3123 2533 3172 non

1456 3172 1631 3220 exercita,
1651 3184 1733 3211 non
1753 3171 1897 3222 indiget
1924 3184 2089 3223 corpore
2112 3170 2185 3210 nisi
2212 3171 2449 3223 inquantum
2464 3181 2532 3213 m—

1454 3226 1660 3275 telligibilia
1678 3234 1890 3264 sumuntur
1908 3239 1931 3265 a
1950 3225 2208 3265 sensibilibus,
2229 3224 2305 3264 Hic
2323 3232 2457 3264 autem
2475 3232 2532 3263 est

326 3275 377 3313 ita
409 3276 540 3314 anima
572 3275 812 3323 intellectiva,
845 3290 947 3327 quae
984 3277 1117 3316 unitur
1154 3280 1319 3329 corpori,
1353 3280 1399 3318 sit
1455 3280 1703 3330 imperfectus
1737 3280 1884 3318 modus
1917 3279 2168 3330 intelligendi:
2197 3278 2389 3330 perfectus
2422 3276 2530 3318 enim

326 3328 462 3367 infima
496 3329 536 3367 in
565 3341 706 3379 genere
724 3331 1037 3369 substantiarum
1070 3331 1396 3372 intellectualium.
1454 3334 1600 3372 modus
1633 3333 1867 3383 intelligendi
1900 3342 1957 3372 est
1984 3342 2027 3372 ut
2058 3332 2316 3380 intelligantur
2348 3343 2395 3370 88
2427 3343 2530 3382 quae

328 3382 424 3420 Sunt
449 3382 561 3431 igitur
579 3383 730 3433 aliquae
758 3385 992 3423 substantiae
1016 3385 1288 3423 intellectuales
1317 3399 1440 3426 nonso
1427 3396 1544 3425 esunt
1562 3387 1781 3425 secundum
1802 3395 1982 3425 naturam
2001 3398 2114 3438 suam
2133 3384 2395 3435 intelligibilia3
2420 3385 2530 3436 quod

327 3435 455 3473 unitae
484 3436 723 3486 corporibus,
745 3438 964 3488 superiores
991 3439 1209 3476 secundum
1238 3448 1397 3478 naturae
1454 3449 1587 3479 autem
1606 3452 1688 3479 non
1708 3440 1965 3490 intelligantur
1983 3438 2055 3478 nisi
2075 3451 2120 3477 ea
2140 3450 2241 3488 quae
2262 3450 2342 3476 non
2363 3446 2453 3477 sunt
2471 3449 2529 3476 se-

328 3489 503 3527 ordinem
532 3490 675 3528 anima.
1453 3495 1630 3533 eundum
1650 3507 1690 3532 se
1711 3493 1966 3543 intelligibilia,
1987 3492 2054 3531 sed
2074 3491 2174 3531 fiunt
2194 3491 2441 3542 intelligibilia
2459 3504 2530 3542 per

382 3590 414 3614 30
432 3591 652 3625 irrationabilium]
673 3593 858 3618 irrationalium
880 3593 1048 3626 Pd.41
1071 3593 1206 3628 contingit]
1226 3594 1325 3627 attingit
1344 3603 1382 3621 ex
1399 3596 1502 3630 intingit
1520 3596 1548 3622 Ζ.

382 3633 409 3650 11
434 3627 511 3660 enim]
531 3633 616 3652 autem
636 3627 832 3660 GPc.14
851 3629 929 3662 enim]
949 3635 1035 3655 autem
1056 3630 1098 3655 Pc.
1192 3628 1224 3655 26
1244 3631 1289 3663 qui
1320 3639 1387 3664 quae
1407 3632 1449 3658 Pc.

327 3663 390 3685 ante
408 3661 494 3685 minus
514 3669 555 3686 om
575 3663 603 3687 Z.
697 3663 727 3696 37
747 3663 907 3689 inanimatis
931 3684 937 3690 .
958 3665 1111 3698 corporibus
1130 3673 1182 3691 non
1202 3667 1288 3691 unitae
1318 3674 1369 3692 non
1390 3667 1540 3693 viventibus
1560 3667 1588 3692 Z.

327 3701 388 3720 sunt
408 3695 450 3720 Ita
470 3696 567 3729 NYbP;
587 3698 635 3723 11151
655 3706 685 3723 ea
704 3706 771 3732 quae
791 3705 851 3724 sunt
870 3707 922 3725 non
941 3708 963 3730 c,
984 3708 1013 3725 ea
1031 3708 1100 3734 quae
1115 3706 1176 3727 sunt
1195 3701 1262 3733 DW‚
1282 3702 1331 3727 nisi
1351 3710 1380 3727 ea
1401 3711 1468 3736 quae
1488 3709 1549 3728 sunt
1567 3703 1658 3729 ceter-t.

1639 3604 1675 3628 4⁴
1694 3595 1804 3630 attingit]
1825 3594 1950 3628 contingit
1969 3593 2013 3620 Pe.

1549 3631 1582 3657 30
1601 3631 1720 3665 alterum]
1741 3631 1848 3664 aliquod
1868 3628 1993 3656 EGNYZ.
2093 3628 2123 3654 32
2144 3629 2237 3664 magis]
2258 3630 2343 3656 maius
2363 3629 2483 3661 node;
2502 3634 2528 3656 et

1675 3666 1710 3699 48
1730 3664 1907 3700 imperfectus]
1927 3665 2058 3698 perfectus
2078 3665 2130 3691 BC.
2217 3665 2244 3691 51
2268 3666 2318 3691 nisi
2338 3674 2368 3693 88
2387 3672 2455 3700 quae
2474 3672 2527 3691 nou
