2742 4152
821 251 1010 288 SUMMA
1039 252 1261 291 CONTRA
1289 253 1564 304 GENTILES,
1596 257 1706 295 CAP.
1729 260 1771 307 ΙΙ,
1792 260 1848 296 111.

995 382 1335 417 commentar-ia
1362 385 1672 421 Fen-ariensis

236 491 431 558 Supposms
465 481 504 511 iis
534 489 618 521 quae
647 480 682 510 in
711 479 818 520 primo
852 479 957 520 capite
990 478 1030 510 de
1060 479 1206 530 sapiente
1234 486 1310 531 sunt
1420 482 1662 515 Advertendum
1693 487 1796 523 tertio,
1827 488 1917 528 quod
1944 490 2012 520 eius
2041 491 2130 531 quod
2156 493 2262 533 inquit
2293 494 2429 526 Sanctus

277 528 372 563 dicta,
395 535 493 557 suum
524 529 731 566 propositum
759 523 895 554 Sanctus
918 523 1064 554 Thomas
1089 529 1231 564 expomt,
1261 534 1310 555 in-
1365 525 1519 563 Thomas,
1543 537 1601 568 per
1623 530 1813 570 sapientiam
1836 531 1876 562 ad
1899 533 2142 565 immortalitatis
2165 546 2300 577 regnum
2315 549 2427 579 perve-

234 574 351 614 quiens
366 569 458 612 quod
471 569 660 601 intentionis
675 576 752 599 suae
769 573 816 598 est
831 568 998 598 veritatem
1013 566 1090 598 fidei
1111 566 1310 599 Christianae
1364 570 1436 607 niri,
1461 570 1579 612 duplex
1611 578 1717 612 potest
1748 584 1815 605 esse
1845 577 1935 606 ratio.
1967 577 2073 608 Prima
2100 580 2175 619 quia
2210 587 2245 611 ut
2268 582 2345 613 dixit
2379 594 2428 614 sa-

233 616 448 651 manifestare‚
461 623 583 645 errores
595 613 774 644 contrarios
790 610 999 643 eliminando.
1014 612 1110 642 Ratio
1126 612 1222 642 huius
1234 622 1310 652 pro·
1364 615 1485 654 pientia
1508 617 1681 648 amicitiam
1704 617 1744 648 ad
1767 619 1872 650 Deum
1894 627 2011 657 causat,
2028 631 2085 661 per
2101 604 2198 662 quarn
2214 625 2253 655 ad
2268 607 2428 658 aetessnam

234 661 332 703 positi
347 665 396 706 est
410 660 497 701 quia,
508 657 652 690 confisus
663 657 704 689 de
723 657 832 688 divina
845 657 975 698 pietate,
986 655 1132 687 officium
1148 657 1309 697 sapientis,
1364 660 1575 699 provehimur
1589 661 1830 694 beatitudinem.
1846 681 1869 686 -
1883 663 2042 702 Secunda,
2059 667 2135 706 quia
2150 669 2274 707 sapiens
2289 679 2347 710 per
2361 677 2427 702 stu-

235 706 383 748 quamvis
404 704 552 746 proprias
574 703 658 734 vires
681 701 828 738 excedat,
852 710 1016 733 assumere
1038 700 1192 737 intendit,
1218 701 1311 732 cuius
1366 703 1458 734 dium
1479 705 1654 745 sapientiae
1677 707 1711 737 in
1733 708 1827 738 rectis
1851 709 2002 748 operibus
2025 709 2178 750 dirigitur,
2195 713 2311 751 quibus
2327 715 2367 745 ad
2382 717 2429 746 vi-

0 751 76 780 'Cm
93 757 109 773 ¹·
235 756 284 783 est
297 751 466 786 veritatem
488 747 606 780 docere
629 752 662 778 et
684 746 855 778 excludere
878 745 1059 782 falsitatem,
1075 750 1113 776 ut
1134 746 1283 786 superius
1294 747 1311 763 ⁸*
1365 753 1432 779 tam
1454 748 1671 781 immortalem
1685 757 1899 792 praeparatur.
1923 753 2014 784 Licet
2029 755 2116 785 enim
2131 755 2291 787 humanae
2305 760 2430 799 sapien-

235 796 349 838 pamit·
1366 793 1429 824 tiae
1461 793 1685 825 incumbentes
1708 805 1941 836 saepenumero
1971 807 1989 828 a
2011 798 2126 829 virtute
2157 798 2341 837 desciscant,
2374 804 2430 843 qui

290 838 467 881 Duplicem
498 840 609 868 autem
641 844 772 867 causam
799 834 938 876 assignat
965 843 1065 876 quare
1091 832 1238 865 officium
1263 844 1311 865 sa·
1365 842 1474 868 tamen
1498 837 1623 870 divinae
1647 840 1829 880 sapientiae,
1847 840 1887 871 de
1910 850 1974 882 qua
1996 841 2171 883 loquimur,
2188 843 2264 875 dant
2287 855 2429 886 operam,

0 882 55 906 '⁰‘-
70 888 140 906 ¹¹·¹¹¹-
235 885 353 927 pient-is
376 883 511 915 assumit
521 882 549 912 θ.
572 881 680 912 Prima
703 885 760 916 est,
784 879 861 921 quia
883 879 968 910 inter
989 879 1101 910 omnia
1123 878 1229 910 studia
1251 879 1311 910 ho·
1365 882 1559 922 inquantum
1582 883 1768 915 huiusmodi
1792 884 1832 916 ad
1854 886 2126 918 immortalitatem
2149 887 2372 928 disponuntur,
2390 900 2430 921 eo

235 930 365 961 minum
387 927 563 969 sapientiae
577 924 723 957 studium
738 929 787 956 est
801 923 986 965 perfectius,
1002 923 1183 959 sublimius,
1199 923 1312 955 utilius
1365 926 1456 967 quod
1477 927 1511 957 in
1535 928 1629 959 bonis
1652 930 1804 970 operibus
1827 938 1884 970 per
1907 931 2095 971 sapientiam
2118 942 2157 963 ex
2180 932 2294 964 divinis
2315 935 2430 975 regulis

238 980 271 1007 et
298 972 486 1006 iucundius.
519 970 697 1003 Perfectius
728 968 873 1010 quidem,
903 969 981 1010 quia
1010 977 1069 1010 per
1098 968 1180 1000 illud
1209 969 1312 1000 homo
1366 971 1551 1012 dirigantur,

237 1021 303 1052 iam
324 1027 420 1050 verae
442 1015 649 1049 beatitudinis
672 1014 814 1056 aliquam
836 1018 963 1055 partem
984 1013 1092 1050 habet,
1114 1014 1203 1044 iuxm
1231 1013 1312 1046 illud
1422 1016 1665 1048 Attendendum
1680 1024 1806 1058 quarto,
1822 1018 1912 1060 quod
1928 1018 2047 1060 duplex
2061 1026 2169 1060 potest
2184 1030 2252 1052 esse
2267 1022 2346 1053 ratio
2363 1023 2432 1054 eius

237 1065 341 1097 Eccli.
357 1073 421 1100 xxv,
436 1060 560 1094 Beatus
576 1061 628 1092 vir
642 1059 699 1102 qui
717 1058 750 1090 in
774 1058 935 1100 sapientia
958 1058 1152 1090 morabitur.
1167 1076 1191 1081 —-
1206 1057 1312 1090 Subli·
1367 1060 1457 1102 quod
1485 1061 1610 1098 dicitur,
1638 1060 1781 1094 studium
1811 1064 1985 1104 sapientiae
2017 1074 2086 1095 esse
2117 1067 2229 1096 ceteris
2259 1067 2431 1098 hominum

238 1109 324 1141 mius
347 1113 468 1144 autem,
492 1106 570 1148 quia
593 1114 633 1136 ex
654 1104 720 1135 hoc
734 1103 838 1135 homo
854 1102 895 1134 ad
910 1101 1052 1134 divinam
1068 1103 1314 1134 similitudinem
1367 1105 1480 1137 studiis
1502 1106 1685 1138 iucundius.
1708 1107 1815 1139 Prima
1837 1109 1923 1149 quia,
1946 1114 1982 1140 ut
2004 1109 2100 1140 habet
2122 1111 2318 1148 Aristoteles,
2334 1111 2378 1142 xi
2393 1111 2432 1142 de

238 1154 414 1196 praecipue
436 1149 570 1187 accedit,
593 1158 678 1191 quae
701 1148 812 1179 omnia
828 1148 862 1179 in
885 1147 1047 1189 sapientia
1060 1148 1160 1190 secit;
1183 1154 1216 1179 et
1235 1158 1314 1180 con-
1368 1151 1509 1181 Animal.
1522 1152 1549 1187 *‚
1577 1160 1687 1182 amans
1713 1152 1747 1183 in
1773 1162 1870 1193 parva
1897 1155 2188 1195 comprehensione
2208 1156 2305 1186 amati
2331 1157 2432 1197 magis

239 1203 412 1241 sequenter
433 1206 492 1238 per
515 1194 690 1227 amicitiam
712 1193 787 1225 Deo
809 1193 1028 1234 coniungitur,
1045 1202 1122 1224 cum
1137 1193 1316 1225 similitudo
1368 1195 1544 1227 delectatur
1567 1205 1666 1237 quam
1688 1196 1722 1227 in
1744 1206 1861 1238 magna
1883 1198 2020 1230 aliorum
2051 1201 2352 1240 comprehensione.
2376 1201 2432 1232 Se-

239 1245 281 1277 sit
303 1252 400 1276 causa
421 1241 618 1277 dilectionis3
641 1238 730 1271 unde
753 1238 830 1280 Sap.
846 1247 891 1270 vn
914 1237 1032 1270 dicitur
1053 1237 1145 1279 quod
1159 1239 1316 1279 sapientia
1369 1240 1476 1272 cunda
1498 1241 1584 1282 quia,
1600 1247 1637 1272 ut
1658 1241 1779 1273 ibidem
1795 1242 1920 1279 dicitur,
1944 1252 2060 1283 parum
2078 1243 2168 1284 quod
2190 1245 2232 1277 de
2249 1245 2432 1277 substantiis

240 1295 290 1322 “t
311 1288 459 1331 &finitus
482 1286 654 1326 thesaurus
668 1293 732 1325 quo
749 1288 812 1315 etc.
826 1301 847 1306 -
863 1283 984 1316 Utilius
996 1293 1086 1320 vero,
1102 1284 1181 1325 quia
1194 1293 1252 1324 per
1267 1294 1316 1315 sa·
1368 1286 1521 1327 separatis
1543 1286 1720 1327 intelligere
1750 1296 1934 1328 possumus,
1961 1287 2034 1328 plus
2057 1287 2193 1321 delectat
2215 1299 2315 1331 quam
2337 1289 2432 1331 quid-

229 1334 401 1376 (pientiam
419 1330 465 1364 ad‘
481 1327 731 1363 immortalitatis
753 1337 890 1369 regnum
912 1329 1109 1369 pervenitur,
1132 1329 1221 1359 iuxta
1235 1326 1317 1360 illud
1370 1329 1450 1372 quid
1473 1330 1513 1362 de
1536 1330 1605 1361 aliis
1628 1331 1723 1362 rebus
1746 1333 2005 1372 cognoverimus.
2026 1332 2130 1364 Multo
2155 1344 2231 1374 ergo
2254 1335 2355 1375 magis
2371 1335 2434 1366 Dei

240 1378 318 1421 Sap,
332 1389 376 1414 u,
395 1374 667 1418 Concupiscentia
685 1373 865 1415 sapientiae
880 1378 941 1405 etc.
957 1391 980 1396 —
996 1371 1173 1404 iucundius
1196 1377 1316 1410 autem,
1371 1385 1470 1417 quam
1500 1374 1634 1406 aliarum
1664 1384 1946 1417 quarumcumque
1976 1384 2084 1407 rerum
2114 1379 2257 1419 cognitio
2292 1378 2434 1413 iucunda

241 1422 329 1466 quia,
353 1423 430 1464 Sap.
445 1430 511 1458 vm,
536 1430 601 1452 non
625 1418 720 1451 habet
741 1417 992 1450 amaritudinem
1016 1418 1222 1450 conversatio
1248 1419 1318 1450 eius
1371 1427 1403 1452 et
1426 1419 1621 1452 delectabilis
1645 1426 1709 1451 est:
1735 1419 1867 1462 quando
1890 1421 2076 1462 praesertim
2099 1432 2137 1453 ea
2159 1423 2301 1463 cognitio
2324 1423 2358 1453 in
2373 1422 2434 1454 Dei

242 1477 302 1501 nee
324 1473 386 1500 etc.
1371 1474 1517 1497 amorem
1538 1465 1650 1496 trahat.

297 1513 337 1545 11.
359 1511 413 1544 Ad
435 1509 631 1543 evidentiam
652 1509 783 1545 horum,
798 1506 983 1540 notandum
997 1508 1105 1548 primo
1121 1507 1224 1549 quod,
1240 1518 1319 1540 cum
1427 1510 1480 1541 111.
1496 1508 1646 1541 Secunda
1657 1517 1754 1541 causa
1768 1519 1868 1550 quare
1881 1509 2087 1550 propositum
2098 1509 2249 1549 sapientis
2261 1516 2400 1541 assumat
2406 1512 2435 1547 ¹²,

241 1556 408 1594 beatitudo
441 1556 477 1588 in
504 1554 784 1595 contemplatione
811 1553 940 1586 divinae
967 1553 1109 1584 veritatis
1138 1558 1170 1584 et
1192 1553 1319 1585 divinae
1373 1560 1422 1586 est
1444 1555 1530 1596 quia,
1553 1554 1642 1585 iuxta
1664 1555 1856 1585 sententiam
1878 1553 2002 1590 Hilarii,
2025 1553 2059 1584 id
2081 1563 2178 1584 suum
2201 1563 2270 1585 esse
2293 1554 2437 1587 officium

242 1603 399 1636 essentiae
421 1606 460 1632 ut
480 1600 516 1632 in
539 1599 644 1641 seipsa
666 1604 715 1630 est
738 1599 902 1635 consistat,
919 1607 996 1630 cum
1012 1597 1128 1639 aliquis
1143 1598 1319 1640 sapientiae
1373 1599 1542 1631 arbitratur
1564 1604 1601 1629 ut
1623 1598 1731 1630 Deum
1752 1599 1857 1630 omnis
1878 1599 1947 1630 eius
1969 1607 2074 1629 sermo
2091 1603 2123 1628 et
2142 1607 2254 1629 sensus
2276 1599 2436 1640 loquatur.

0 1672 2 1688 ,
242 1646 350 1681 studio
373 1644 543 1680 incumbit,
567 1643 675 1686 aliqua
696 1652 844 1675 summae
866 1642 952 1675 illius
974 1642 1181 1675 beatitudinis
1208 1643 1320 1675 simili·
1431 1643 1558 1676 Deinde
1581 1652 1615 1674 se
1638 1648 1768 1674 excusat
1794 1652 1894 1684 quare
1917 1648 2029 1674 contra
2055 1642 2198 1683 singulos
2222 1652 2343 1674 errores
2369 1654 2438 1676 non

0 1699 17 1735 γ
241 1691 359 1725 tudine
378 1690 557 1734 participat.
585 1687 664 1721 Ideo
688 1686 772 1720 bene
795 1688 848 1720 hic
871 1687 990 1720 dicitur
1011 1686 1103 1730 quod
1125 1698 1219 1720 verae
1244 1689 1320 1720 bea·
1373 1688 1531 1730 procedit.
1562 1687 1638 1719 Hoc
1668 1688 1757 1719 enim
1785 1697 1820 1719 se
1852 1686 1956 1718 facere
1987 1689 2030 1719 ait
2059 1693 2131 1718 tum
2161 1688 2236 1728 quia
2266 1697 2335 1719 uon
2365 1694 2440 1720 sunt

0 1739 10 1754 ³⁷
241 1736 388 1770 titudinis
410 1735 554 1776 aliquam
576 1735 642 1766 iam
663 1738 790 1774 partem
812 1733 919 1764 habet.
1373 1734 1524 1765 omnium
1546 1738 1624 1764 nota
1647 1738 1758 1770 errata,
1782 1738 1819 1764 ut
1841 1742 1879 1764 ex
1901 1733 1940 1763 iis
1962 1741 2046 1773 quae
2073 1731 2223 1763 dicuntur
2245 1733 2370 1772 possint
2391 1743 2439 1764 ra-

298 1780 490 1814 Notandum
513 1778 670 1816 secundo,
686 1787 725 1810 ex
741 1778 889 1811 doctrina
904 1777 1014 1810 Sancti
1029 1777 1180 1811 Thomae
1195 1778 1238 1810 11·
1253 1778 1318 1816 11⁸⁶,
1372 1779 1480 1811 tiones
1503 1777 1623 1811 assumi
1638 1777 1679 1810 ad
1701 1787 1817 1809 eorum
1833 1786 1956 1808 errores
1971 1776 2193 1808 destruendos.
2215 1794 2239 1799 —
2261 1777 2349 1808 Turn
2365 1779 2439 1818 quia

0 1862 2 1867 ,
243 1834 277 1870 Q.
300 1837 364 1863 xix,
387 1834 416 1858 a.
437 1835 470 1866 7,
497 1824 589 1866 quod
619 1824 695 1856 licet
724 1824 881 1866 sapientia
911 1822 999 1865 apud
1032 1823 1248 1865 philosophos
1280 1824 1320 1855 sit
1373 1833 1489 1856 eorum
1513 1823 1658 1865 quidam,
1681 1828 1718 1854 ut
1741 1822 1987 1854 Mahumetistae
2009 1827 2042 1853 et
2064 1823 2190 1862 pagani,
2218 1823 2439 1854 auctoritatem

0 1870 25 1914 Β,
59 1887 61 1889 ’
242 1877 370 1905 tantum
393 1870 614 1912 cognoscitiva
637 1869 863 1901 altissimarum
879 1877 1049 1900 causarum
1065 1874 1097 1900 et
1111 1869 1147 1900 in
1161 1868 1232 1900 sola
1245 1878 1319 1910 spe·
1355 1907 1358 1910 Δ
1373 1866 1557 1910 Scripturae
1573 1877 1642 1900 non
1665 1868 1837 1909 recipiunt.
1862 1866 1939 1899 [deo
1955 1865 1996 1898 ad
2011 1867 2169 1898 rationem
2183 1867 2371 1903 naturalem,
2388 1868 2440 1898 cui

0 1923 2 1926 ·
44 1930 46 1932 ·
243 1916 409 1949 culatione
431 1915 578 1947 absolute
605 1914 774 1950 consistat,
797 1912 885 1955 apud
914 1913 1088 1954 theologos
1113 1919 1223 1946 tamen
1250 1922 1319 1945 non
1374 1923 1490 1945 omnes
1505 1914 1658 1945 assentire
1673 1917 1846 1954 coguntur,
1861 1911 2092 1947 recurrendum
2108 1916 2171 1942 est:
2188 1920 2271 1952 quae
2286 1917 2393 1946 tamen
2407 1912 2441 1942 in

243 1961 353 1994 solum
376 1966 424 1992 est
446 1959 677 2002 cognoscitiva‚
693 1957 750 1990 sed
769 1958 867 1990 etiam
882 1957 1035 1989 directiva
1048 1959 1209 1990 humanae
1224 1959 1318 1995 vitae,
1373 1959 1470 1991 rebus
1485 1958 1602 1990 divinis
1617 1963 1666 1989 est
1688 1955 1852 1990 deficiens.
1867 1957 1932 1989 Ubi
1948 1956 2104 1988 advertito
2121 1955 2220 1997 quod,
2237 1957 2313 1997 quia
2330 1957 2440 1987 lumen

244 2016 329 2049 quae
351 2015 421 2037 non
443 2005 552 2037 solum
574 2013 633 2045 per
654 2004 814 2035 humanas
836 2003 988 2040 rationes,
1012 2002 1070 2034 sed
1085 2003 1182 2034 etiam
1197 2013 1256 2045 per
1270 2013 1319 2035 ra·
1374 2009 1523 2036 nostrum
1546 2002 1690 2034 naturale
1713 2013 1731 2034 a
1754 2002 1870 2034 divinis
1899 2003 1995 2033 rebus
2020 2001 2152 2032 inferius
2178 2010 2277 2042 quam
2302 2002 2441 2032 maxime

243 2053 350 2084 tiones
373 2056 406 2082 et
427 2050 554 2092 regulas
577 2049 711 2086 divinas,
735 2053 772 2080 ut
794 2054 843 2080 est
858 2047 946 2089 apud
960 2048 1191 2089 Augustinum,
1207 2048 1265 2080 XII
1281 2048 1321 2080 de
1375 2049 1480 2086 distat,
1494 2058 1565 2080 non
1577 2053 1684 2089 potest
1699 2058 1758 2080 sua
1769 2048 1889 2079 virmte
1904 2047 1945 2079 ad
1956 2044 2064 2078 divina
2079 2046 2302 2087 perspicaciter
2315 2046 2440 2077 elevari.

0 2091 87 2130 hcnp.
100 2104 154 2122 ¹¹¹¹¹·
247 2097 340 2128 Trin.
355 2097 384 2133 *‚
408 2094 563 2137 dirigitur.
598 2093 676 2126 Ideo
703 2094 761 2135 qui
787 2092 896 2125 studio
926 2092 1116 2125 huiusmodi
1145 2094 1320 2134 sapientiae
1375 2093 1453 2125 Ideo
1469 2099 1545 2125 sunt
1560 2093 1693 2134 quidam
1712 2103 1835 2125 errores
1851 2093 1935 2125 circa
1950 2091 2058 2124 divina
2079 2100 2162 2132 quos
2177 2090 2299 2123 efficaci
2318 2092 2440 2122 ratione

0 2174 2 2177 ,
140 2174 141 2177 ,
244 2141 300 2174 dat
320 2150 464 2183 operam,
488 2140 561 2172 Deo
585 2138 757 2180 dupliciter
783 2138 990 2170 assimilatur:
1019 2138 1138 2179 primo,
1161 2144 1321 2180 quantum
1375 2138 1542 2171 eliminare
1556 2148 1625 2170 non
1641 2148 1826 2180 possumus.
1842 2138 2027 2180 Propterea,
2044 2136 2174 2178 quando
2191 2136 2287 2167 etiam
2302 2135 2442 2167 divinam

0 2189 5 2228 ,¹-
244 2185 285 2218 ad
307 2186 531 2228 cognitionem
561 2193 662 2226 quam
692 2184 781 2215 Deus
812 2182 852 2215 de
883 2183 990 2224 seipso
1020 2183 1132 2220 habet;
1163 2183 1320 2221 secundo,
1375 2183 1576 2225 Scripturam
1608 2184 1723 2215 talium
1754 2193 1901 2216 errorum
1931 2183 2141 2214 seminatores
2171 2190 2240 2212 non
2273 2181 2442 2221 recipiunt,

244 2236 405 2274 quantum
427 2230 469 2263 ad
494 2229 730 2271 operationem.
755 2228 845 2260 Sicut
868 2228 956 2259 enim
979 2227 1068 2259 Deus
1094 2228 1238 2270 seipsum
1265 2238 1322 2260 co·
1375 2229 1478 2269 magis
1501 2227 1775 2270 praetermittendi
1797 2234 1873 2260 sunt
1891 2236 1991 2269 quam
2013 2225 2169 2258 inefficaci
2191 2226 2314 2257 ratione
2336 2226 2443 2265 impu-

243 2277 372 2318 gnoscit
395 2276 568 2317 omniaque
591 2275 625 2306 in
649 2274 810 2315 sapientia
823 2274 920 2316 fecit,
944 2274 988 2304 ita
1010 2273 1138 2314 sapiens
1162 2273 1266 2305 homo
1289 2279 1322 2305 et
1376 2273 1507 2315 guandi.

244 2321 353 2353 Deum
376 2321 555 2362 cognoscit,
580 2326 612 2352 et
634 2329 704 2352 non
726 2324 853 2350 tantum
875 2318 1036 2354 humanis,
1060 2317 1118 2349 sed
1146 2319 1244 2350 etiam
1273 2318 1322 2350 di—
1429 2318 1530 2350 Addit
1552 2319 1670 2350 ultimo
1693 2318 1770 2349 loco
1793 2317 1930 2349 Sanctus
1952 2315 2098 2348 Thomas
2121 2314 2210 2356 quod
2233 2314 2339 2349 simul,
2362 2314 2444 2344 veri-

243 2366 326 2398 vinis
348 2366 467 2407 regulis
486 2367 521 2398 in
536 2366 602 2397 suis
625 2365 771 2406 dirigitur
793 2364 958 2406 operibus.
981 2363 1156 2405 Propterea
1170 2364 1253 2395 bene
1268 2364 1321 2396 hic
1375 2369 1476 2395 tatem
1497 2363 1640 2404 aliquam
1662 2363 1867 2404 investigans,
1891 2361 2040 2393 ostendet
2054 2362 2111 2402 qui
2133 2369 2254 2392 errores
2277 2368 2334 2399 per
2356 2358 2443 2389 illam

244 2409 362 2443 dii-‚itm
391 2410 484 2453 quod
512 2412 615 2443 homo
645 2419 704 2452 per
734 2410 910 2451 sapientiae
939 2408 1083 2441 studium
1112 2408 1154 2440 ad
1180 2408 1322 2440 divinam
1376 2407 1598 2445 excludantur,
1614 2413 1646 2439 et
1661 2407 1832 2449 quomodo
1848 2407 2098 2438 demonstrativa
2112 2406 2226 2436 veritas
2246 2403 2444 2435 Christianae

245 2454 490 2488 similitudinem
513 2454 648 2488 accedit.
1375 2453 1525 2495 religioni
1548 2451 1735 2484 concordet.

1052 2574 1591 2619 —Wffl

895 2735 1385 2792 CAPITULUM
1421 2732 1806 2791 TERTIUM

331 2864 473 2918 QUIS
496 2864 714 2907 MODUS
738 2864 832 2906 SIT
855 2864 1183 2906 Possissims
1207 2864 1466 2905 DIVINAE
1489 2861 1816 2904 VERITAris
1840 2853 2366 2901 MANIFESTANDAE

308 3041 329 3060 ,.
346 3024 386 3053 aff
400 3030 424 3044 »ι
443 3024 503 3051 ma
520 3022 617 3050 vero
640 3023 722 3050 non
741 3012 870 3050 omnis
889 3012 1058 3050 veritatis
1076 3012 1322 3050 manifestari·
1377 3019 1468 3050 sunt
1495 3011 1544 3049 de
1572 3012 1659 3048 Deo
1687 3021 1788 3060 quae
1817 3019 1979 3046 omnem
2004 3006 2221 3043 facultatem
2248 3003 2442 3039 humanae

312 3066 325 3108 ἶ
457 3066 531 3104 dae
549 3065 694 3104 modus
713 3073 770 3104 est
788 3065 914 3112 idem;
944 3066 1168 3116 disciplinati
1189 3073 1322 3104 autem
1377 3064 1534 3103 rationis
1554 3063 1755 3111 excedunt,
1776 3069 1819 3100 ut
1837 3062 1968 3099 Deum
1987 3068 2068 3096 esse
2086 3058 2231 3095 trinum
2250 3063 2287 3116 et
2303 3067 2439 3093 unum.

252 3118 272 3155 ’ἡ
297 3132 311 3149 ’ν
338 3122 406 3170 ἓθ
457 3121 620 3158 hominis
647 3126 699 3158 est
725 3126 869 3158 tantum
889 3119 935 3157 de
957 3132 1182 3170 unoquoque
1197 3120 1322 3169 fidem
1378 3119 1588 3167 Quaedam
1615 3129 1710 3155 vero
1739 3123 1829 3153 sunt
1856 3114 1906 3152 ad
1933 3125 2033 3163 quae
2062 3111 2174 3148 etiam
2205 3116 2298 3146 ratio
2332 3115 2441 3145 natu-

258 3158 429 3213 uerfs‘ff}
458 3186 595 3224 capere
622 3179 777 3220 tentare,
797 3180 977 3223 quantum
1001 3179 1140 3212 natura
1168 3175 1225 3211 rei
1236 3185 1323 3223 per·
1378 3172 1466 3210 ralis
1484 3171 1698 3222 pertingere
1717 3176 1853 3219 potest,
1868 3167 1965 3205 sicut
1984 3174 2039 3203 est
2053 3165 2182 3202 Deum
2201 3174 2294 3221 esse,
2311 3162 2441 3220 Deum

9 3229 220 3286 'affiti'm
249 3229 365 3274 mittit,
380 3234 438 3264 -ut
465 3239 488 3265 a
515 3227 758 3277 Philosopho
790 3227 938 3277 optime
976 3227 1124 3265 dictum
1151 3234 1208 3264 est
1225 3226 1256 3274 *,
1286 3233 1325 3264 et
1345 3242 1356 3262 ς
1379 3238 1462 3263 esse
1490 3237 1629 3272 unum,
1659 3231 1696 3261 et
1722 3222 1796 3260 alia
1823 3219 2068 3264 huiusmodi;
2097 3228 2196 3266 quae
2223 3222 2339 3251 etiam
2356 3214 2440 3273 phi-

9 3291 221 3341 'Dema-¹:153.
250 3280 408 3318 Boetius
433 3280 642 3319 introducit
658 3281 698 3318 *ε
728 3292 886 3318 necesse
905 3288 962 3319 est
986 3280 1094 3331 prius
1120 3280 1325 3318 ostendere
1378 3278 1533 3329 losophi
1552 3274 1852 3315 demonstrative
1870 3274 1918 3326 de
1938 3274 2022 3310 Deo
2046 3269 2317 3321 probaverunt,
2338 3266 2442 3304 ducti

214 3334 220 3341 '
249 3333 337 3384 quis
355 3333 500 3372 modus
518 3333 566 3372 sit
582 3333 775 3385 possibilis
794 3335 844 3372 ad
862 3334 1063 3372 veritatem
1082 3332 1325 3384 propositam
1379 3331 1563 3370 naturalis
1583 3329 1737 3368 lumine
1765 3326 1932 3365 rationis.
2082 3376 2088 3382 Ι
2118 3375 2125 3382 ⁸
2158 3374 2165 3381 ·
2183 3373 2191 3381 .
2321 3372 2328 3380 ·
2361 3372 2369 3380 ·

250 3387 584 3427 manifestandam.
1434 3385 1555 3433 Quod
1573 3391 1704 3422 autem
1723 3381 1797 3419 sint
1824 3379 1951 3429 aliqua
1977 3375 2265 3435 intelligibilium
2292 3373 2442 3433 divino-

304 3441 373 3479 Est
409 3448 542 3479 autem
578 3441 619 3479 in
656 3441 717 3479 his
752 3453 855 3492 quae
891 3441 941 3479 de
975 3441 1062 3478 Deo
1090 3439 1326 3478 confitemur
1380 3451 1470 3476 rum
1489 3450 1589 3488 quae
1618 3438 1813 3474 humanae
1841 3431 1995 3470 rationis
2012 3436 2164 3479 penitus
2183 3427 2368 3486 excedant
2385 3438 2442 3485 in-

250 3493 394 3544 duplex
421 3494 588 3532 veritatis
616 3495 771 3533 modus.
801 3494 1009 3543 Quaedam
1036 3505 1208 3543 namque
1232 3505 1326 3530 vera
1341 3514 1367 3529 ,ο
1380 3492 1551 3540 genium,
1572 3487 1856 3527 evidentissime
1883 3491 2050 3534 apparet.
2081 3482 2185 3518 Cum
2212 3492 2317 3517 emm
2339 3491 2444 3529 prin-

303 3618 322 3642 4
340 3610 452 3646 capere]
462 3619 559 3644 cupere
577 3611 621 3637 Pe.

304 3654 322 3678 4
341 3646 427 3671 Deum
445 3653 506 3672 esse
525 3647 607 3672 semel
624 3645 685 3672 «Ze.
776 3653 793 3680 9
812 3644 944 3680 excedant]
965 3645 1092 3671 excedunt
1111 3643 1210 3671 DENZ.

2460 1154 2469 1162 ·
2483 1153 2535 1175 Did.
2558 1153 2587 1175 de
2610 1153 2668 1175 Par·

2460 1179 2616 1205 1ib.Animal.,
2625 1179 2640 1205 1,
2648 1186 2669 1200 v.

2462 1510 2471 1519 ·
2487 1509 2522 1530 Cf.
2538 1515 2560 1531 n.
2573 1516 2591 1530 ι.
