<?xml version="1.0" encoding="UTF-8"?>
<!DOCTYPE html PUBLIC "-//W3C//DTD XHTML 1.0 Transitional//EN"
    "http://www.w3.org/TR/xhtml1/DTD/xhtml1-transitional.dtd">
<html xmlns="http://www.w3.org/1999/xhtml" xml:lang="en" lang="en">
 <head>
  <title>
</title>
<meta http-equiv="Content-Type" content="text/html;charset=utf-8" />
  <meta name='ocr-system' content='tesseract 3.04.00' />
  <meta name='ocr-capabilities' content='ocr_page ocr_carea ocr_par ocr_line ocrx_word'/>
</head>
<body>
  <div class='ocr_page' id='page_1' title='image "./operaomniaiussui13thom/operaomniaiussui13thom_0094.png"; bbox 0 0 2742 4152; ppageno 0'>
   <div class='ocr_carea' id='block_1_1' title="bbox 38 550 250 607">
    <p class='ocr_par' dir='ltr' id='par_1_1' title="bbox 38 550 250 607">
     <span class='ocr_line' id='line_1_1' title="bbox 38 550 250 577; baseline -0.019 -1"><span class='ocrx_word' id='word_1_1' title='bbox 38 556 48 565; x_wconf 88' lang='grc'><em>·</em></span> <span class='ocrx_word' id='word_1_2' title='bbox 63 554 125 575; x_wconf 83' lang='lat' dir='ltr'><strong>Lect.</strong></span> <span class='ocrx_word' id='word_1_3' title='bbox 141 558 175 577; x_wconf 68' lang='lat' dir='ltr'><strong>vu</strong></span> <span class='ocrx_word' id='word_1_4' title='bbox 197 550 250 573; x_wconf 91' lang='lat' dir='ltr'><strong>Did.</strong></span> 
     </span>
     <span class='ocr_line' id='line_1_2' title="bbox 39 579 203 607; baseline -0.018 -5"><span class='ocrx_word' id='word_1_5' title='bbox 39 581 78 607; x_wconf 80' lang='grc' dir='ltr'><strong>ΠΙ,</strong></span> <span class='ocrx_word' id='word_1_6' title='bbox 93 586 128 606; x_wconf 84' lang='lat' dir='ltr'><strong>m,</strong></span> <span class='ocrx_word' id='word_1_7' title='bbox 144 579 164 605; x_wconf 88' lang='lat'><strong>8,</strong></span> <span class='ocrx_word' id='word_1_8' title='bbox 181 584 203 606; x_wconf 88' lang='lat'><strong>9.</strong></span> 
     </span>
    </p>
   </div>
   <div class='ocr_carea' id='block_1_2' title="bbox 37 862 152 884">
    <p class='ocr_par' dir='ltr' id='par_1_2' title="bbox 37 862 152 884">
     <span class='ocr_line' id='line_1_3' title="bbox 37 862 152 884; baseline 0 0"><span class='ocrx_word' id='word_1_9' title='bbox 37 865 46 874; x_wconf 85' lang='lat'>·</span> <span class='ocrx_word' id='word_1_10' title='bbox 61 863 86 884; x_wconf 92' lang='lat' dir='ltr'><strong>ln</strong></span> <span class='ocrx_word' id='word_1_11' title='bbox 101 862 152 884; x_wconf 84' lang='lat' dir='ltr'><strong>fine.</strong></span> 
     </span>
    </p>
   </div>
   <div class='ocr_carea' id='block_1_3' title="bbox 36 1127 249 1235">
    <p class='ocr_par' dir='ltr' id='par_1_3' title="bbox 36 1127 249 1235">
     <span class='ocr_line' id='line_1_4' title="bbox 36 1127 249 1155; baseline -0.009 -6"><span class='ocrx_word' id='word_1_12' title='bbox 36 1130 46 1139; x_wconf 88' lang='grc'><em>·</em></span> <span class='ocrx_word' id='word_1_13' title='bbox 60 1127 136 1155; x_wconf 84' lang='lat' dir='ltr'><em>Super</em></span> <span class='ocrx_word' id='word_1_14' title='bbox 162 1128 249 1148; x_wconf 80' lang='lat' dir='ltr'><strong>uatuor</strong></span> 
     </span>
     <span class='ocr_line' id='line_1_5' title="bbox 36 1133 249 1185; baseline -0.005 -10"><span class='ocrx_word' id='word_1_15' title='bbox 36 1154 89 1185; x_wconf 59' lang='lat' dir='ltr'><strong>li&#39;lqr.</strong></span> <span class='ocrx_word' id='word_1_16' title='bbox 98 1133 163 1175; x_wconf 55' lang='lat' dir='ltr'><strong>Seni.</strong></span> <span class='ocrx_word' id='word_1_17' title='bbox 173 1153 249 1181; x_wconf 84' lang='lat' dir='ltr'><strong>Quae-</strong></span> 
     </span>
     <span class='ocr_line' id='line_1_6' title="bbox 36 1179 247 1206; baseline -0.005 -4"><span class='ocrx_word' id='word_1_18' title='bbox 36 1180 174 1206; x_wconf 60' lang='lat' dir='ltr'><strong>stzonesiLu</strong></span> <span class='ocrx_word' id='word_1_19' title='bbox 192 1179 247 1201; x_wconf 81' lang='lat' dir='ltr'><strong>dun.</strong></span> 
     </span>
     <span class='ocr_line' id='line_1_7' title="bbox 37 1186 247 1235; baseline -0.005 -6"><span class='ocrx_word' id='word_1_20' title='bbox 37 1186 247 1235; x_wconf 55' lang='lat' dir='ltr'><strong>1505),lib.l,{2u.1.</strong></span> 
     </span>
    </p>
   </div>
   <div class='ocr_carea' id='block_1_4' title="bbox 37 1750 247 1772">
    <p class='ocr_par' dir='ltr' id='par_1_4' title="bbox 37 1750 247 1772">
     <span class='ocr_line' id='line_1_8' title="bbox 37 1750 247 1772; baseline -0.01 0"><span class='ocrx_word' id='word_1_21' title='bbox 37 1752 45 1760; x_wconf 84' lang='lat'>&#39;</span> <span class='ocrx_word' id='word_1_22' title='bbox 57 1750 81 1772; x_wconf 91' lang='lat' dir='ltr'><strong>ln</strong></span> <span class='ocrx_word' id='word_1_23' title='bbox 93 1750 247 1771; x_wconf 77' lang='lat' dir='ltr'><strong>Prooemium.</strong></span> 
     </span>
    </p>
   </div>
   <div class='ocr_carea' id='block_1_5' title="bbox 38 2505 228 2532">
    <p class='ocr_par' dir='ltr' id='par_1_5' title="bbox 38 2505 228 2532">
     <span class='ocr_line' id='line_1_9' title="bbox 38 2505 228 2532; baseline -0.005 -5"><span class='ocrx_word' id='word_1_24' title='bbox 38 2507 47 2516; x_wconf 86' lang='grc'><em>·</em></span> <span class='ocrx_word' id='word_1_25' title='bbox 62 2506 112 2527; x_wconf 79' lang='lat' dir='ltr'><strong>Art.</strong></span> <span class='ocrx_word' id='word_1_26' title='bbox 130 2512 149 2532; x_wconf 86' lang='grc' dir='ltr'><strong>ι,</strong></span> <span class='ocrx_word' id='word_1_27' title='bbox 163 2505 192 2526; x_wconf 86' lang='lat' dir='ltr'><strong>ad</strong></span> <span class='ocrx_word' id='word_1_28' title='bbox 207 2511 228 2526; x_wconf 89' lang='lat'><strong>2.</strong></span> 
     </span>
    </p>
   </div>
   <div class='ocr_carea' id='block_1_6' title="bbox 281 260 330 286">
    <p class='ocr_par' dir='ltr' id='par_1_6' title="bbox 281 260 330 286">
     <span class='ocr_line' id='line_1_10' title="bbox 281 260 330 286; baseline 0.02 -1"><span class='ocrx_word' id='word_1_29' title='bbox 281 260 330 286; x_wconf 91' lang='lat'><strong>20</strong></span> 
     </span>
    </p>
   </div>
   <div class='ocr_carea' id='block_1_7' title="bbox 274 317 1356 3656">
    <p class='ocr_par' dir='ltr' id='par_1_7' title="bbox 276 317 1348 1075">
     <span class='ocr_line' id='line_1_11' title="bbox 279 317 1348 366; baseline -0.011 -8"><span class='ocrx_word' id='word_1_30' title='bbox 279 333 310 358; x_wconf 93' lang='lat' dir='ltr'><strong>et</strong></span> <span class='ocrx_word' id='word_1_31' title='bbox 326 326 365 358; x_wconf 92' lang='lat' dir='ltr'><strong>de</strong></span> <span class='ocrx_word' id='word_1_32' title='bbox 380 327 417 357; x_wconf 92' lang='lat' dir='ltr'><strong>iis</strong></span> <span class='ocrx_word' id='word_1_33' title='bbox 434 334 517 366; x_wconf 90' lang='lat' dir='ltr'><strong>quae</strong></span> <span class='ocrx_word' id='word_1_34' title='bbox 532 328 607 354; x_wconf 89' lang='lat' dir='ltr'><strong>sunt</strong></span> <span class='ocrx_word' id='word_1_35' title='bbox 621 322 707 358; x_wconf 90' lang='lat' dir='ltr'><strong>fidei,</strong></span> <span class='ocrx_word' id='word_1_36' title='bbox 719 327 756 352; x_wconf 89' lang='lat' dir='ltr'><strong>ut</strong></span> <span class='ocrx_word' id='word_1_37' title='bbox 774 320 922 351; x_wconf 90' lang='lat' dir='ltr'><strong>ostendat</strong></span> <span class='ocrx_word' id='word_1_38' title='bbox 938 319 978 350; x_wconf 92' lang='lat' dir='ltr'><strong>ad</strong></span> <span class='ocrx_word' id='word_1_39' title='bbox 993 319 1112 350; x_wconf 90' lang='lat' dir='ltr'><strong>horum</strong></span> <span class='ocrx_word' id='word_1_40' title='bbox 1125 317 1348 358; x_wconf 82' lang='lat' dir='ltr'><strong>cognitionem</strong></span> 
     </span>
     <span class='ocr_line' id='line_1_12' title="bbox 278 361 1346 406; baseline -0.011 -4"><span class='ocrx_word' id='word_1_41' title='bbox 278 381 338 402; x_wconf 91' lang='lat' dir='ltr'><strong>nos</strong></span> <span class='ocrx_word' id='word_1_42' title='bbox 362 368 574 401; x_wconf 86' lang='lat' dir='ltr'>diversimode</span> <span class='ocrx_word' id='word_1_43' title='bbox 597 367 724 397; x_wconf 87' lang='lat' dir='ltr'><strong>habere.</strong></span> <span class='ocrx_word' id='word_1_44' title='bbox 747 366 908 406; x_wconf 90' lang='lat' dir='ltr'><strong>Principia</strong></span> <span class='ocrx_word' id='word_1_45' title='bbox 932 364 1020 395; x_wconf 88' lang='lat' dir='ltr'><strong>enim</strong></span> <span class='ocrx_word' id='word_1_46' title='bbox 1034 371 1166 394; x_wconf 92' lang='lat' dir='ltr'><strong>necesse</strong></span> <span class='ocrx_word' id='word_1_47' title='bbox 1186 367 1234 392; x_wconf 94' lang='lat' dir='ltr'><strong>est</strong></span> <span class='ocrx_word' id='word_1_48' title='bbox 1248 361 1346 392; x_wconf 91' lang='lat' dir='ltr'><strong>veris-</strong></span> 
     </span>
     <span class='ocr_line' id='line_1_13' title="bbox 278 405 1347 449; baseline -0.01 -3"><span class='ocrx_word' id='word_1_49' title='bbox 278 417 358 446; x_wconf 91' lang='lat' dir='ltr'><strong>sima</strong></span> <span class='ocrx_word' id='word_1_50' title='bbox 381 423 448 445; x_wconf 91' lang='lat' dir='ltr'><strong>esse</strong></span> <span class='ocrx_word' id='word_1_51' title='bbox 472 419 503 444; x_wconf 92' lang='lat' dir='ltr'><strong>et</strong></span> <span class='ocrx_word' id='word_1_52' title='bbox 525 412 625 443; x_wconf 89' lang='lat' dir='ltr'><strong>videri</strong></span> <span class='ocrx_word' id='word_1_53' title='bbox 649 411 822 448; x_wconf 86' lang='lat' dir='ltr'><strong>verissima,</strong></span> <span class='ocrx_word' id='word_1_54' title='bbox 846 411 890 441; x_wconf 89' lang='lat' dir='ltr'><strong>ita</strong></span> <span class='ocrx_word' id='word_1_55' title='bbox 913 408 1003 449; x_wconf 92' lang='lat' dir='ltr'><strong>quod</strong></span> <span class='ocrx_word' id='word_1_56' title='bbox 1023 417 1084 439; x_wconf 92' lang='lat' dir='ltr'><strong>nec</strong></span> <span class='ocrx_word' id='word_1_57' title='bbox 1101 407 1197 438; x_wconf 87' lang='lat' dir='ltr'><strong>etiam</strong></span> <span class='ocrx_word' id='word_1_58' title='bbox 1213 405 1347 446; x_wconf 88' lang='lat' dir='ltr'><strong>cogitari</strong></span> 
     </span>
     <span class='ocr_line' id='line_1_14' title="bbox 277 450 1346 501; baseline -0.008 -12"><span class='ocrx_word' id='word_1_59' title='bbox 277 464 385 501; x_wconf 90' lang='lat' dir='ltr'><strong>potest</strong></span> <span class='ocrx_word' id='word_1_60' title='bbox 414 458 467 488; x_wconf 87' lang='lat' dir='ltr'><strong>illa</strong></span> <span class='ocrx_word' id='word_1_61' title='bbox 497 466 566 487; x_wconf 90' lang='lat' dir='ltr'><strong>esse</strong></span> <span class='ocrx_word' id='word_1_62' title='bbox 597 455 692 486; x_wconf 87' lang='lat' dir='ltr'><strong>falsa:</strong></span> <span class='ocrx_word' id='word_1_63' title='bbox 724 456 807 486; x_wconf 90' lang='lat' dir='ltr'><strong>sicut</strong></span> <span class='ocrx_word' id='word_1_64' title='bbox 837 454 943 497; x_wconf 84' lang='lat' dir='ltr'><strong>inquit</strong></span> <span class='ocrx_word' id='word_1_65' title='bbox 969 452 1188 492; x_wconf 91' lang='lat' dir='ltr'><strong>Philosophus</strong></span> <span class='ocrx_word' id='word_1_66' title='bbox 1215 450 1256 482; x_wconf 91' lang='lat' dir='ltr'><strong>de</strong></span> <span class='ocrx_word' id='word_1_67' title='bbox 1282 450 1346 480; x_wconf 91' lang='lat' dir='ltr'><strong>hoc</strong></span> 
     </span>
     <span class='ocr_line' id='line_1_15' title="bbox 276 497 1345 544; baseline -0.009 -10"><span class='ocrx_word' id='word_1_68' title='bbox 276 505 382 544; x_wconf 88' lang='lat' dir='ltr'><strong>primo</strong></span> <span class='ocrx_word' id='word_1_69' title='bbox 405 502 577 542; x_wconf 87' lang='lat' dir='ltr'><strong>principio,</strong></span> <span class='ocrx_word' id='word_1_70' title='bbox 593 501 795 541; x_wconf 84' lang='lat' dir='ltr'><strong>Impossibile</strong></span> <span class='ocrx_word' id='word_1_71' title='bbox 810 505 858 530; x_wconf 85' lang='lat' dir='ltr'><strong>est</strong></span> <span class='ocrx_word' id='word_1_72' title='bbox 877 498 960 529; x_wconf 86' lang='lat' dir='ltr'><strong>idem</strong></span> <span class='ocrx_word' id='word_1_73' title='bbox 983 497 1081 528; x_wconf 87' lang='lat' dir='ltr'><strong>simul</strong></span> <span class='ocrx_word' id='word_1_74' title='bbox 1100 498 1203 527; x_wconf 86' lang='lat' dir='ltr'><strong>inesse</strong></span> <span class='ocrx_word' id='word_1_75' title='bbox 1226 500 1257 526; x_wconf 86' lang='lat' dir='ltr'><strong>et</strong></span> <span class='ocrx_word' id='word_1_76' title='bbox 1279 503 1345 524; x_wconf 89' lang='lat' dir='ltr'><strong>non</strong></span> 
     </span>
     <span class='ocr_line' id='line_1_16' title="bbox 278 539 1346 585; baseline -0.009 -7"><span class='ocrx_word' id='word_1_77' title='bbox 278 549 380 578; x_wconf 86' lang='lat' dir='ltr'><strong>inesse</strong></span> <span class='ocrx_word' id='word_1_78' title='bbox 395 546 506 582; x_wconf 82' lang='lat' dir='ltr'><strong>eidem,</strong></span> <span class='ocrx_word' id='word_1_79' title='bbox 524 546 567 576; x_wconf 96' lang='lat' dir='ltr'><strong>lV</strong></span> <span class='ocrx_word' id='word_1_80' title='bbox 584 546 726 585; x_wconf 81' lang='lat' dir='ltr'><strong>Metaph.</strong></span> <span class='ocrx_word' id='word_1_81' title='bbox 738 546 756 562; x_wconf 71' lang='lat'><strong>⁴*</strong></span> <span class='ocrx_word' id='word_1_82' title='bbox 779 545 846 575; x_wconf 91' lang='lat' dir='ltr'><strong>Etsi</strong></span> <span class='ocrx_word' id='word_1_83' title='bbox 871 543 959 574; x_wconf 90' lang='lat' dir='ltr'><strong>enim</strong></span> <span class='ocrx_word' id='word_1_84' title='bbox 981 542 1096 582; x_wconf 92' lang='lat' dir='ltr'><strong>aliquis</strong></span> <span class='ocrx_word' id='word_1_85' title='bbox 1118 541 1221 581; x_wconf 80' lang='lat' dir='ltr'>possit</span> <span class='ocrx_word' id='word_1_86' title='bbox 1241 539 1346 569; x_wconf 89' lang='lat' dir='ltr'><strong>verbis</strong></span> 
     </span>
     <span class='ocr_line' id='line_1_17' title="bbox 278 587 1344 627; baseline -0.01 -4"><span class='ocrx_word' id='word_1_87' title='bbox 278 592 382 623; x_wconf 86' lang='lat' dir='ltr'>dicere</span> <span class='ocrx_word' id='word_1_88' title='bbox 405 592 470 622; x_wconf 90' lang='lat' dir='ltr'><strong>hoc</strong></span> <span class='ocrx_word' id='word_1_89' title='bbox 486 600 554 622; x_wconf 90' lang='lat' dir='ltr'><strong>esse</strong></span> <span class='ocrx_word' id='word_1_90' title='bbox 570 589 696 626; x_wconf 89' lang='lat' dir='ltr'><strong>falsum,</strong></span> <span class='ocrx_word' id='word_1_91' title='bbox 713 594 822 620; x_wconf 88' lang='lat' dir='ltr'><strong>mente</strong></span> <span class='ocrx_word' id='word_1_92' title='bbox 842 594 950 619; x_wconf 90' lang='lat' dir='ltr'><strong>tamen</strong></span> <span class='ocrx_word' id='word_1_93' title='bbox 969 587 1109 627; x_wconf 91' lang='lat' dir='ltr'><strong>cogitare</strong></span> <span class='ocrx_word' id='word_1_94' title='bbox 1132 594 1200 615; x_wconf 92' lang='lat' dir='ltr'><strong>non</strong></span> <span class='ocrx_word' id='word_1_95' title='bbox 1223 588 1344 624; x_wconf 91' lang='lat' dir='ltr'><strong>potest:</strong></span> 
     </span>
     <span class='ocr_line' id='line_1_18' title="bbox 277 627 1345 678; baseline -0.009 -11"><span class='ocrx_word' id='word_1_96' title='bbox 277 646 318 667; x_wconf 92' lang='lat' dir='ltr'><strong>eo</strong></span> <span class='ocrx_word' id='word_1_97' title='bbox 342 635 433 676; x_wconf 93' lang='lat' dir='ltr'><strong>quod</strong></span> <span class='ocrx_word' id='word_1_98' title='bbox 455 641 534 666; x_wconf 86' lang='lat' dir='ltr'><strong>tunc</strong></span> <span class='ocrx_word' id='word_1_99' title='bbox 558 635 716 665; x_wconf 90' lang='lat' dir='ltr'><strong>contraria</strong></span> <span class='ocrx_word' id='word_1_100' title='bbox 739 633 844 665; x_wconf 91' lang='lat' dir='ltr'><strong>eidem</strong></span> <span class='ocrx_word' id='word_1_101' title='bbox 871 632 967 663; x_wconf 92' lang='lat' dir='ltr'><strong>simul</strong></span> <span class='ocrx_word' id='word_1_102' title='bbox 994 631 1145 665; x_wconf 87' lang='lat' dir='ltr'><strong>inessent,</strong></span> <span class='ocrx_word' id='word_1_103' title='bbox 1174 634 1210 659; x_wconf 89' lang='lat' dir='ltr'><strong>ut</strong></span> <span class='ocrx_word' id='word_1_104' title='bbox 1235 627 1345 678; x_wconf 78' lang='lat' dir='ltr'><strong>Philo-</strong></span> 
     </span>
     <span class='ocr_line' id='line_1_19' title="bbox 277 674 1346 721; baseline -0.01 -9"><span class='ocrx_word' id='word_1_105' title='bbox 277 681 399 721; x_wconf 91' lang='lat' dir='ltr'><strong>sophus</strong></span> <span class='ocrx_word' id='word_1_106' title='bbox 423 679 563 710; x_wconf 88' lang='lat' dir='ltr'><strong>deducit.</strong></span> <span class='ocrx_word' id='word_1_107' title='bbox 586 679 634 710; x_wconf 92' lang='lat' dir='ltr'><strong>Ea</strong></span> <span class='ocrx_word' id='word_1_108' title='bbox 649 684 758 710; x_wconf 91' lang='lat' dir='ltr'><strong>autem</strong></span> <span class='ocrx_word' id='word_1_109' title='bbox 774 687 857 718; x_wconf 88' lang='lat' dir='ltr'><strong>quae</strong></span> <span class='ocrx_word' id='word_1_110' title='bbox 873 682 948 707; x_wconf 90' lang='lat' dir='ltr'><strong>sunt</strong></span> <span class='ocrx_word' id='word_1_111' title='bbox 970 674 1057 712; x_wconf 88' lang='lat' dir='ltr'><strong>fidei,</strong></span> <span class='ocrx_word' id='word_1_112' title='bbox 1080 675 1155 705; x_wconf 91' lang='lat' dir='ltr'><strong>licet</strong></span> <span class='ocrx_word' id='word_1_113' title='bbox 1178 674 1211 703; x_wconf 93' lang='lat' dir='ltr'><strong>in</strong></span> <span class='ocrx_word' id='word_1_114' title='bbox 1229 681 1264 703; x_wconf 90' lang='lat' dir='ltr'><strong>se</strong></span> <span class='ocrx_word' id='word_1_115' title='bbox 1283 676 1346 702; x_wconf 86' lang='lat' dir='ltr'><strong>smt</strong></span> 
     </span>
     <span class='ocr_line' id='line_1_20' title="bbox 276 717 1345 763; baseline -0.009 -7"><span class='ocrx_word' id='word_1_116' title='bbox 276 725 449 761; x_wconf 89' lang='lat' dir='ltr'><strong>verissima,</strong></span> <span class='ocrx_word' id='word_1_117' title='bbox 473 734 542 755; x_wconf 93' lang='lat' dir='ltr'><strong>non</strong></span> <span class='ocrx_word' id='word_1_118' title='bbox 565 729 672 754; x_wconf 89' lang='lat' dir='ltr'><strong>tamen</strong></span> <span class='ocrx_word' id='word_1_119' title='bbox 696 733 734 754; x_wconf 87' lang='lat' dir='ltr'><strong>ex</strong></span> <span class='ocrx_word' id='word_1_120' title='bbox 759 722 898 763; x_wconf 89' lang='lat' dir='ltr'><strong>propriis</strong></span> <span class='ocrx_word' id='word_1_121' title='bbox 926 719 1104 751; x_wconf 91' lang='lat' dir='ltr'><strong>rationibus</strong></span> <span class='ocrx_word' id='word_1_122' title='bbox 1131 717 1345 748; x_wconf 90' lang='lat' dir='ltr'><strong>terminorum</strong></span> 
     </span>
     <span class='ocr_line' id='line_1_21' title="bbox 277 759 1345 812; baseline -0.009 -12"><span class='ocrx_word' id='word_1_123' title='bbox 277 779 393 801; x_wconf 92' lang='lat' dir='ltr'><strong>eorum</strong></span> <span class='ocrx_word' id='word_1_124' title='bbox 407 769 502 800; x_wconf 90' lang='lat' dir='ltr'><strong>nobis</strong></span> <span class='ocrx_word' id='word_1_125' title='bbox 517 769 632 799; x_wconf 91' lang='lat' dir='ltr'><strong>veritas</strong></span> <span class='ocrx_word' id='word_1_126' title='bbox 647 773 788 808; x_wconf 90' lang='lat' dir='ltr'><strong>apparet,</strong></span> <span class='ocrx_word' id='word_1_127' title='bbox 805 766 862 797; x_wconf 93' lang='lat' dir='ltr'><strong>sed</strong></span> <span class='ocrx_word' id='word_1_128' title='bbox 877 770 1004 796; x_wconf 85' lang='lat' dir='ltr'><strong>tantum</strong></span> <span class='ocrx_word' id='word_1_129' title='bbox 1019 765 1053 795; x_wconf 90' lang='lat' dir='ltr'><strong>in</strong></span> <span class='ocrx_word' id='word_1_130' title='bbox 1077 762 1247 794; x_wconf 90' lang='lat' dir='ltr'><strong>communi</strong></span> <span class='ocrx_word' id='word_1_131' title='bbox 1261 759 1345 812; x_wconf 82' lang='lat' dir='ltr'><strong>iudi-</strong></span> 
     </span>
     <span class='ocr_line' id='line_1_22' title="bbox 277 807 1344 852; baseline -0.009 -7"><span class='ocrx_word' id='word_1_132' title='bbox 277 819 390 845; x_wconf 87' lang='lat' dir='ltr'><strong>cantur</strong></span> <span class='ocrx_word' id='word_1_133' title='bbox 405 823 479 844; x_wconf 92' lang='lat' dir='ltr'><strong>vera</strong></span> <span class='ocrx_word' id='word_1_134' title='bbox 495 822 563 843; x_wconf 93' lang='lat' dir='ltr'><strong>esse</strong></span> <span class='ocrx_word' id='word_1_135' title='bbox 579 822 619 843; x_wconf 92' lang='lat' dir='ltr'><strong>eo</strong></span> <span class='ocrx_word' id='word_1_136' title='bbox 644 811 734 852; x_wconf 93' lang='lat' dir='ltr'><strong>quod</strong></span> <span class='ocrx_word' id='word_1_137' title='bbox 758 811 909 842; x_wconf 91' lang='lat' dir='ltr'><strong>divinitus</strong></span> <span class='ocrx_word' id='word_1_138' title='bbox 932 810 996 840; x_wconf 89' lang='lat' dir='ltr'><strong>sint</strong></span> <span class='ocrx_word' id='word_1_139' title='bbox 1017 807 1166 843; x_wconf 86' lang='lat' dir='ltr'><strong>revelata,</strong></span> <span class='ocrx_word' id='word_1_140' title='bbox 1190 811 1227 837; x_wconf 92' lang='lat' dir='ltr'><strong>ut</strong></span> <span class='ocrx_word' id='word_1_141' title='bbox 1248 814 1344 836; x_wconf 80' lang='lat' dir='ltr'><strong>mira-</strong></span> 
     </span>
     <span class='ocr_line' id='line_1_23' title="bbox 277 850 1343 898; baseline -0.009 -9"><span class='ocrx_word' id='word_1_142' title='bbox 277 859 358 890; x_wconf 88' lang='lat' dir='ltr'><strong>culis</strong></span> <span class='ocrx_word' id='word_1_143' title='bbox 372 863 419 889; x_wconf 93' lang='lat' dir='ltr'><strong>est</strong></span> <span class='ocrx_word' id='word_1_144' title='bbox 430 858 690 898; x_wconf 90' lang='lat' dir='ltr'><strong>comprobatum,</strong></span> <span class='ocrx_word' id='word_1_145' title='bbox 703 862 739 887; x_wconf 94' lang='lat' dir='ltr'><strong>ut</strong></span> <span class='ocrx_word' id='word_1_146' title='bbox 750 857 784 887; x_wconf 92' lang='lat' dir='ltr'><strong>in</strong></span> <span class='ocrx_word' id='word_1_147' title='bbox 795 853 1000 896; x_wconf 84' lang='lat' dir='ltr'><strong>praecedenti</strong></span> <span class='ocrx_word' id='word_1_148' title='bbox 1012 851 1155 893; x_wconf 90' lang='lat' dir='ltr'><strong>capitulo</strong></span> <span class='ocrx_word' id='word_1_149' title='bbox 1165 851 1182 867; x_wconf 71' lang='lat'><strong>⁴*</strong></span> <span class='ocrx_word' id='word_1_150' title='bbox 1194 850 1343 881; x_wconf 87' lang='lat' dir='ltr'><strong>diximus.</strong></span> 
     </span>
     <span class='ocr_line' id='line_1_24' title="bbox 277 895 1345 942; baseline -0.009 -8"><span class='ocrx_word' id='word_1_151' title='bbox 277 903 330 934; x_wconf 93' lang='lat' dir='ltr'><strong>Ad</strong></span> <span class='ocrx_word' id='word_1_152' title='bbox 355 903 443 933; x_wconf 91' lang='lat' dir='ltr'><strong>hunc</strong></span> <span class='ocrx_word' id='word_1_153' title='bbox 471 911 547 942; x_wconf 89' lang='lat' dir='ltr'><strong>ergo</strong></span> <span class='ocrx_word' id='word_1_154' title='bbox 579 901 741 932; x_wconf 91' lang='lat' dir='ltr'><strong>diversum</strong></span> <span class='ocrx_word' id='word_1_155' title='bbox 763 910 824 931; x_wconf 94' lang='lat' dir='ltr'><strong>nos</strong></span> <span class='ocrx_word' id='word_1_156' title='bbox 854 897 993 930; x_wconf 89' lang='lat' dir='ltr'><strong>habendi</strong></span> <span class='ocrx_word' id='word_1_157' title='bbox 1016 895 1154 928; x_wconf 90' lang='lat' dir='ltr'><strong>modum</strong></span> <span class='ocrx_word' id='word_1_158' title='bbox 1178 895 1262 926; x_wconf 89' lang='lat' dir='ltr'><strong>circa</strong></span> <span class='ocrx_word' id='word_1_159' title='bbox 1285 895 1345 925; x_wconf 90' lang='lat' dir='ltr'><strong>ista</strong></span> 
     </span>
     <span class='ocr_line' id='line_1_25' title="bbox 277 939 1344 988; baseline -0.008 -10"><span class='ocrx_word' id='word_1_160' title='bbox 277 946 504 988; x_wconf 91' lang='lat' dir='ltr'><strong>cognoscenda</strong></span> <span class='ocrx_word' id='word_1_161' title='bbox 519 945 759 982; x_wconf 90' lang='lat' dir='ltr'><strong>insinuandum,</strong></span> <span class='ocrx_word' id='word_1_162' title='bbox 777 944 854 975; x_wconf 86' lang='lat' dir='ltr'><strong>dixit</strong></span> <span class='ocrx_word' id='word_1_163' title='bbox 877 943 1013 974; x_wconf 90' lang='lat' dir='ltr'><strong>Sanctus</strong></span> <span class='ocrx_word' id='word_1_164' title='bbox 1031 941 1178 972; x_wconf 87' lang='lat' dir='ltr'><strong>Thomas</strong></span> <span class='ocrx_word' id='word_1_165' title='bbox 1193 939 1234 971; x_wconf 92' lang='lat' dir='ltr'><strong>de</strong></span> <span class='ocrx_word' id='word_1_166' title='bbox 1256 939 1344 980; x_wconf 89' lang='lat' dir='ltr'><strong>prin—</strong></span> 
     </span>
     <span class='ocr_line' id='line_1_26' title="bbox 277 983 1344 1032; baseline -0.007 -10"><span class='ocrx_word' id='word_1_167' title='bbox 277 992 368 1032; x_wconf 88' lang='lat' dir='ltr'><strong>cipiis</strong></span> <span class='ocrx_word' id='word_1_168' title='bbox 392 990 482 1031; x_wconf 92' lang='lat' dir='ltr'><strong>quod</strong></span> <span class='ocrx_word' id='word_1_169' title='bbox 504 991 558 1021; x_wconf 89' lang='lat' dir='ltr'><strong>illa</strong></span> <span class='ocrx_word' id='word_1_170' title='bbox 581 990 748 1021; x_wconf 81' lang='lat' dir='ltr'><strong>verissima</strong></span> <span class='ocrx_word' id='word_1_171' title='bbox 764 999 832 1020; x_wconf 84' lang='lat' dir='ltr'><strong>esse</strong></span> <span class='ocrx_word' id='word_1_172' title='bbox 847 991 991 1018; x_wconf 85' lang='lat' dir='ltr'><strong>constat:</strong></span> <span class='ocrx_word' id='word_1_173' title='bbox 1014 985 1055 1017; x_wconf 93' lang='lat' dir='ltr'><strong>de</strong></span> <span class='ocrx_word' id='word_1_174' title='bbox 1071 995 1111 1016; x_wconf 93' lang='lat' dir='ltr'><strong>eo</strong></span> <span class='ocrx_word' id='word_1_175' title='bbox 1128 990 1238 1016; x_wconf 89' lang='lat' dir='ltr'><strong>autem</strong></span> <span class='ocrx_word' id='word_1_176' title='bbox 1254 983 1344 1025; x_wconf 94' lang='lat' dir='ltr'><strong>quod</strong></span> 
     </span>
     <span class='ocr_line' id='line_1_27' title="bbox 276 1029 1342 1075; baseline -0.008 -8"><span class='ocrx_word' id='word_1_177' title='bbox 276 1035 340 1067; x_wconf 90' lang='lat' dir='ltr'><strong>fide</strong></span> <span class='ocrx_word' id='word_1_178' title='bbox 355 1041 491 1071; x_wconf 84' lang='lat' dir='ltr'><strong>tenetur,</strong></span> <span class='ocrx_word' id='word_1_179' title='bbox 508 1035 613 1075; x_wconf 92' lang='lat' dir='ltr'><strong>inquit</strong></span> <span class='ocrx_word' id='word_1_180' title='bbox 629 1034 719 1075; x_wconf 92' lang='lat' dir='ltr'><strong>quod</strong></span> <span class='ocrx_word' id='word_1_181' title='bbox 735 1044 800 1064; x_wconf 86' lang='lat' dir='ltr'><strong>non</strong></span> <span class='ocrx_word' id='word_1_182' title='bbox 817 1038 865 1063; x_wconf 84' lang='lat' dir='ltr'><strong>est</strong></span> <span class='ocrx_word' id='word_1_183' title='bbox 877 1032 940 1073; x_wconf 85' lang='lat' dir='ltr'><strong>sas</strong></span> <span class='ocrx_word' id='word_1_184' title='bbox 963 1029 1097 1061; x_wconf 82' lang='lat' dir='ltr'><strong>credere</strong></span> <span class='ocrx_word' id='word_1_185' title='bbox 1119 1039 1187 1061; x_wconf 84' lang='lat' dir='ltr'><strong>esse</strong></span> <span class='ocrx_word' id='word_1_186' title='bbox 1199 1029 1342 1071; x_wconf 82' lang='lat' dir='ltr'><strong>salsum.</strong></span> 
     </span>
    </p>

    <p class='ocr_par' dir='ltr' id='par_1_8' title="bbox 275 1073 1345 1300">
     <span class='ocr_line' id='line_1_28' title="bbox 333 1073 1344 1110; baseline -0.006 0"><span class='ocrx_word' id='word_1_187' title='bbox 333 1090 363 1110; x_wconf 90' lang='lat'><strong>2.</strong></span> <span class='ocrx_word' id='word_1_188' title='bbox 387 1080 435 1110; x_wconf 88' lang='lat' dir='ltr'><strong>Ex</strong></span> <span class='ocrx_word' id='word_1_189' title='bbox 458 1080 517 1110; x_wconf 91' lang='lat' dir='ltr'><strong>ista</strong></span> <span class='ocrx_word' id='word_1_190' title='bbox 539 1080 662 1109; x_wconf 91' lang='lat' dir='ltr'><strong>ratione</strong></span> <span class='ocrx_word' id='word_1_191' title='bbox 687 1078 794 1109; x_wconf 90' lang='lat' dir='ltr'><strong>Sancti</strong></span> <span class='ocrx_word' id='word_1_192' title='bbox 810 1077 958 1108; x_wconf 91' lang='lat' dir='ltr'><strong>Thomae</strong></span> <span class='ocrx_word' id='word_1_193' title='bbox 982 1074 1162 1106; x_wconf 86' lang='lat' dir='ltr'><strong>excluditur</strong></span> <span class='ocrx_word' id='word_1_194' title='bbox 1180 1074 1261 1105; x_wconf 90' lang='lat' dir='ltr'><strong>ratio</strong></span> <span class='ocrx_word' id='word_1_195' title='bbox 1277 1073 1344 1104; x_wconf 93' lang='lat' dir='ltr'><strong>Ro-</strong></span> 
     </span>
     <span class='ocr_line' id='line_1_29' title="bbox 275 1118 1345 1163; baseline -0.007 -8"><span class='ocrx_word' id='word_1_196' title='bbox 275 1125 356 1155; x_wconf 88' lang='lat' dir='ltr'><strong>berti</strong></span> <span class='ocrx_word' id='word_1_197' title='bbox 371 1123 504 1160; x_wconf 90' lang='lat' dir='ltr'><strong>Holcot‚</strong></span> <span class='ocrx_word' id='word_1_198' title='bbox 517 1124 549 1154; x_wconf 91' lang='lat' dir='ltr'><strong>in</strong></span> <span class='ocrx_word' id='word_1_199' title='bbox 562 1123 575 1154; x_wconf 92' lang='lat'>1</span> <span class='ocrx_word' id='word_1_200' title='bbox 588 1123 674 1153; x_wconf 88' lang='lat' dir='ltr'><strong>Sent.</strong></span> <span class='ocrx_word' id='word_1_201' title='bbox 688 1124 714 1158; x_wconf 79' lang='lat'><strong>*,</strong></span> <span class='ocrx_word' id='word_1_202' title='bbox 728 1121 889 1163; x_wconf 86' lang='lat' dir='ltr'><strong>arguentis</strong></span> <span class='ocrx_word' id='word_1_203' title='bbox 901 1130 938 1151; x_wconf 92' lang='lat' dir='ltr'><strong>ea</strong></span> <span class='ocrx_word' id='word_1_204' title='bbox 950 1129 1034 1160; x_wconf 91' lang='lat' dir='ltr'><strong>quae</strong></span> <span class='ocrx_word' id='word_1_205' title='bbox 1050 1124 1126 1150; x_wconf 91' lang='lat' dir='ltr'><strong>sunt</strong></span> <span class='ocrx_word' id='word_1_206' title='bbox 1140 1118 1217 1150; x_wconf 91' lang='lat' dir='ltr'><strong>fidei</strong></span> <span class='ocrx_word' id='word_1_207' title='bbox 1232 1122 1345 1149; x_wconf 90' lang='lat' dir='ltr'><strong>contra</strong></span> 
     </span>
     <span class='ocr_line' id='line_1_30' title="bbox 275 1163 1344 1208; baseline -0.007 -8"><span class='ocrx_word' id='word_1_208' title='bbox 275 1169 434 1200; x_wconf 85' lang='lat' dir='ltr'><strong>rationem</strong></span> <span class='ocrx_word' id='word_1_209' title='bbox 448 1167 627 1199; x_wconf 85' lang='lat' dir='ltr'><strong>naturalem</strong></span> <span class='ocrx_word' id='word_1_210' title='bbox 643 1176 721 1203; x_wconf 90' lang='lat' dir='ltr'><strong>esse,</strong></span> <span class='ocrx_word' id='word_1_211' title='bbox 746 1167 823 1208; x_wconf 92' lang='lat' dir='ltr'><strong>quia</strong></span> <span class='ocrx_word' id='word_1_212' title='bbox 843 1166 926 1197; x_wconf 89' lang='lat' dir='ltr'><strong>ratio</strong></span> <span class='ocrx_word' id='word_1_213' title='bbox 942 1164 1094 1195; x_wconf 83' lang='lat' dir='ltr'><strong>naturalis</strong></span> <span class='ocrx_word' id='word_1_214' title='bbox 1117 1163 1215 1195; x_wconf 88' lang='lat' dir='ltr'><strong>dictat</strong></span> <span class='ocrx_word' id='word_1_215' title='bbox 1237 1171 1344 1204; x_wconf 91' lang='lat' dir='ltr'><strong>oppo-</strong></span> 
     </span>
     <span class='ocr_line' id='line_1_31' title="bbox 275 1207 1345 1250; baseline -0.007 -6"><span class='ocrx_word' id='word_1_216' title='bbox 275 1214 372 1245; x_wconf 90' lang='lat' dir='ltr'><strong>situm</strong></span> <span class='ocrx_word' id='word_1_217' title='bbox 395 1222 464 1243; x_wconf 90' lang='lat' dir='ltr'><strong>esse</strong></span> <span class='ocrx_word' id='word_1_218' title='bbox 486 1221 609 1243; x_wconf 89' lang='lat' dir='ltr'><strong>verum.</strong></span> <span class='ocrx_word' id='word_1_219' title='bbox 625 1212 715 1243; x_wconf 90' lang='lat' dir='ltr'><strong>Patet</strong></span> <span class='ocrx_word' id='word_1_220' title='bbox 738 1212 825 1243; x_wconf 91' lang='lat' dir='ltr'><strong>enim</strong></span> <span class='ocrx_word' id='word_1_221' title='bbox 848 1220 887 1242; x_wconf 89' lang='lat' dir='ltr'><strong>ex</strong></span> <span class='ocrx_word' id='word_1_222' title='bbox 910 1208 1002 1241; x_wconf 82' lang='lat' dir='ltr'><strong>dictis</strong></span> <span class='ocrx_word' id='word_1_223' title='bbox 1026 1207 1117 1250; x_wconf 92' lang='lat' dir='ltr'><strong>quod</strong></span> <span class='ocrx_word' id='word_1_224' title='bbox 1134 1208 1199 1239; x_wconf 89' lang='lat' dir='ltr'><strong>hoc</strong></span> <span class='ocrx_word' id='word_1_225' title='bbox 1222 1216 1345 1238; x_wconf 86' lang='lat' dir='ltr'><strong>assum-</strong></span> 
     </span>
     <span class='ocr_line' id='line_1_32' title="bbox 276 1256 590 1300; baseline -0.01 -11"><span class='ocrx_word' id='word_1_226' title='bbox 276 1263 370 1300; x_wconf 86' lang='lat' dir='ltr'><strong>ptum</strong></span> <span class='ocrx_word' id='word_1_227' title='bbox 394 1262 441 1288; x_wconf 92' lang='lat' dir='ltr'><strong>est</strong></span> <span class='ocrx_word' id='word_1_228' title='bbox 464 1256 590 1287; x_wconf 85' lang='lat' dir='ltr'><strong>falsum.</strong></span> 
     </span>
    </p>

    <p class='ocr_par' dir='ltr' id='par_1_9' title="bbox 274 1296 1349 1879">
     <span class='ocr_line' id='line_1_33' title="bbox 330 1296 1345 1339; baseline -0.006 -7"><span class='ocrx_word' id='word_1_229' title='bbox 330 1302 420 1332; x_wconf 87' lang='lat' dir='ltr'><strong>Patet</strong></span> <span class='ocrx_word' id='word_1_230' title='bbox 443 1301 539 1331; x_wconf 89' lang='lat' dir='ltr'><strong>etiam</strong></span> <span class='ocrx_word' id='word_1_231' title='bbox 563 1310 602 1332; x_wconf 90' lang='lat' dir='ltr'><strong>ex</strong></span> <span class='ocrx_word' id='word_1_232' title='bbox 625 1300 718 1332; x_wconf 90' lang='lat' dir='ltr'><strong>dictis</strong></span> <span class='ocrx_word' id='word_1_233' title='bbox 741 1299 860 1331; x_wconf 82' lang='lat' dir='ltr'><strong>falsum</strong></span> <span class='ocrx_word' id='word_1_234' title='bbox 879 1308 948 1330; x_wconf 88' lang='lat' dir='ltr'><strong>esse</strong></span> <span class='ocrx_word' id='word_1_235' title='bbox 971 1297 1064 1339; x_wconf 87' lang='lat' dir='ltr'><strong>quod</strong></span> <span class='ocrx_word' id='word_1_236' title='bbox 1086 1297 1120 1328; x_wconf 93' lang='lat' dir='ltr'><strong>in</strong></span> <span class='ocrx_word' id='word_1_237' title='bbox 1143 1297 1204 1328; x_wconf 88' lang='lat' dir='ltr'><strong>alia</strong></span> <span class='ocrx_word' id='word_1_238' title='bbox 1220 1296 1345 1327; x_wconf 88' lang='lat' dir='ltr'><strong>ratione</strong></span> 
     </span>
     <span class='ocr_line' id='line_1_34' title="bbox 275 1341 1345 1386; baseline -0.005 -10"><span class='ocrx_word' id='word_1_239' title='bbox 275 1346 416 1381; x_wconf 89' lang='lat' dir='ltr'><strong>assumit,</strong></span> <span class='ocrx_word' id='word_1_240' title='bbox 441 1345 563 1376; x_wconf 90' lang='lat' dir='ltr'><strong>scilicet</strong></span> <span class='ocrx_word' id='word_1_241' title='bbox 585 1344 676 1386; x_wconf 93' lang='lat' dir='ltr'><strong>quod</strong></span> <span class='ocrx_word' id='word_1_242' title='bbox 699 1345 823 1376; x_wconf 87' lang='lat' dir='ltr'><strong>articuli</strong></span> <span class='ocrx_word' id='word_1_243' title='bbox 846 1343 923 1375; x_wconf 89' lang='lat' dir='ltr'><strong>fidei</strong></span> <span class='ocrx_word' id='word_1_244' title='bbox 945 1348 1020 1374; x_wconf 91' lang='lat' dir='ltr'><strong>sunt</strong></span> <span class='ocrx_word' id='word_1_245' title='bbox 1047 1347 1160 1374; x_wconf 87' lang='lat' dir='ltr'><strong>contra</strong></span> <span class='ocrx_word' id='word_1_246' title='bbox 1186 1341 1345 1372; x_wconf 89' lang='lat' dir='ltr'><strong>rationem</strong></span> 
     </span>
     <span class='ocr_line' id='line_1_35' title="bbox 274 1384 1346 1429; baseline -0.005 -8"><span class='ocrx_word' id='word_1_247' title='bbox 274 1400 342 1422; x_wconf 90' lang='lat' dir='ltr'><strong>non</strong></span> <span class='ocrx_word' id='word_1_248' title='bbox 365 1390 473 1421; x_wconf 92' lang='lat' dir='ltr'><strong>solum</strong></span> <span class='ocrx_word' id='word_1_249' title='bbox 495 1390 702 1426; x_wconf 87' lang='lat' dir='ltr'><strong>rusticorum,</strong></span> <span class='ocrx_word' id='word_1_250' title='bbox 727 1389 783 1420; x_wconf 92' lang='lat' dir='ltr'><strong>sed</strong></span> <span class='ocrx_word' id='word_1_251' title='bbox 807 1389 904 1420; x_wconf 89' lang='lat' dir='ltr'><strong>etiam</strong></span> <span class='ocrx_word' id='word_1_252' title='bbox 927 1388 1127 1429; x_wconf 86' lang='lat' dir='ltr'><strong>sapientum:</strong></span> <span class='ocrx_word' id='word_1_253' title='bbox 1153 1391 1233 1428; x_wconf 69' lang='lat' dir='ltr'><strong>pum</strong></span> <span class='ocrx_word' id='word_1_254' title='bbox 1255 1384 1346 1428; x_wconf 92' lang='lat' dir='ltr'><strong>quod</strong></span> 
     </span>
     <span class='ocr_line' id='line_1_36' title="bbox 274 1430 1346 1475; baseline -0.005 -9"><span class='ocrx_word' id='word_1_255' title='bbox 274 1435 391 1466; x_wconf 89' lang='lat' dir='ltr'><strong>mulier</strong></span> <span class='ocrx_word' id='word_1_256' title='bbox 405 1435 474 1465; x_wconf 91' lang='lat' dir='ltr'><strong>sine</strong></span> <span class='ocrx_word' id='word_1_257' title='bbox 497 1435 555 1465; x_wconf 92' lang='lat' dir='ltr'><strong>viri</strong></span> <span class='ocrx_word' id='word_1_258' title='bbox 571 1435 695 1465; x_wconf 89' lang='lat' dir='ltr'><strong>semine</strong></span> <span class='ocrx_word' id='word_1_259' title='bbox 718 1434 892 1475; x_wconf 89' lang='lat' dir='ltr'><strong>concipiat.</strong></span> <span class='ocrx_word' id='word_1_260' title='bbox 909 1433 1035 1464; x_wconf 85' lang='lat' dir='ltr'><strong>Dicitur</strong></span> <span class='ocrx_word' id='word_1_261' title='bbox 1051 1432 1139 1463; x_wconf 91' lang='lat' dir='ltr'><strong>enim</strong></span> <span class='ocrx_word' id='word_1_262' title='bbox 1162 1430 1254 1472; x_wconf 89' lang='lat' dir='ltr'><strong>quod</strong></span> <span class='ocrx_word' id='word_1_263' title='bbox 1276 1440 1346 1462; x_wconf 93' lang='lat' dir='ltr'><strong>non</strong></span> 
     </span>
     <span class='ocr_line' id='line_1_37' title="bbox 274 1475 1347 1520; baseline -0.005 -9"><span class='ocrx_word' id='word_1_264' title='bbox 274 1485 349 1511; x_wconf 91' lang='lat' dir='ltr'><strong>sunt</strong></span> <span class='ocrx_word' id='word_1_265' title='bbox 372 1484 486 1511; x_wconf 90' lang='lat' dir='ltr'><strong>contra</strong></span> <span class='ocrx_word' id='word_1_266' title='bbox 505 1479 665 1510; x_wconf 89' lang='lat' dir='ltr'><strong>rationem</strong></span> <span class='ocrx_word' id='word_1_267' title='bbox 679 1488 754 1510; x_wconf 89' lang='lat' dir='ltr'><strong>vere</strong></span> <span class='ocrx_word' id='word_1_268' title='bbox 770 1479 974 1520; x_wconf 67' lang='lat' dir='ltr'><strong>sapientum.⁴</strong></span> <span class='ocrx_word' id='word_1_269' title='bbox 988 1475 1042 1508; x_wconf 79' lang='lat' dir='ltr'><strong>l‘sti</strong></span> <span class='ocrx_word' id='word_1_270' title='bbox 1065 1476 1163 1513; x_wconf 90' lang='lat' dir='ltr'><strong>enim,</strong></span> <span class='ocrx_word' id='word_1_271' title='bbox 1187 1476 1214 1507; x_wconf 91' lang='lat' dir='ltr'><strong>si</strong></span> <span class='ocrx_word' id='word_1_272' title='bbox 1233 1475 1347 1506; x_wconf 90' lang='lat' dir='ltr'><strong>dicunt</strong></span> 
     </span>
     <span class='ocr_line' id='line_1_38' title="bbox 275 1520 1346 1566; baseline -0.004 -11"><span class='ocrx_word' id='word_1_273' title='bbox 275 1523 366 1566; x_wconf 92' lang='lat' dir='ltr'><strong>quod</strong></span> <span class='ocrx_word' id='word_1_274' title='bbox 383 1524 582 1565; x_wconf 88' lang='lat' dir='ltr'><strong>impossibile</strong></span> <span class='ocrx_word' id='word_1_275' title='bbox 598 1529 646 1555; x_wconf 89' lang='lat' dir='ltr'><strong>est</strong></span> <span class='ocrx_word' id='word_1_276' title='bbox 658 1524 816 1564; x_wconf 87' lang='lat' dir='ltr'><strong>virginem</strong></span> <span class='ocrx_word' id='word_1_277' title='bbox 830 1523 1014 1564; x_wconf 87' lang='lat' dir='ltr'><strong>concipere,</strong></span> <span class='ocrx_word' id='word_1_278' title='bbox 1031 1521 1144 1552; x_wconf 91' lang='lat' dir='ltr'><strong>dicunt</strong></span> <span class='ocrx_word' id='word_1_279' title='bbox 1158 1521 1223 1552; x_wconf 91' lang='lat' dir='ltr'><strong>hoc</strong></span> <span class='ocrx_word' id='word_1_280' title='bbox 1239 1520 1346 1552; x_wconf 91' lang='lat' dir='ltr'><strong>consi-</strong></span> 
     </span>
     <span class='ocr_line' id='line_1_39' title="bbox 275 1565 1346 1600; baseline -0.005 0"><span class='ocrx_word' id='word_1_281' title='bbox 275 1569 385 1600; x_wconf 91' lang='lat' dir='ltr'><strong>derato</strong></span> <span class='ocrx_word' id='word_1_282' title='bbox 409 1568 522 1600; x_wconf 85' lang='lat' dir='ltr'><strong>ordine</strong></span> <span class='ocrx_word' id='word_1_283' title='bbox 549 1578 719 1600; x_wconf 89' lang='lat' dir='ltr'><strong>causarum</strong></span> <span class='ocrx_word' id='word_1_284' title='bbox 744 1567 976 1600; x_wconf 87' lang='lat' dir='ltr'><strong>secundarum:</strong></span> <span class='ocrx_word' id='word_1_285' title='bbox 1008 1575 1077 1598; x_wconf 90' lang='lat' dir='ltr'><strong>non</strong></span> <span class='ocrx_word' id='word_1_286' title='bbox 1107 1570 1216 1596; x_wconf 88' lang='lat' dir='ltr'><strong>autem</strong></span> <span class='ocrx_word' id='word_1_287' title='bbox 1239 1565 1346 1596; x_wconf 90' lang='lat' dir='ltr'><strong>consi-</strong></span> 
     </span>
     <span class='ocr_line' id='line_1_40' title="bbox 275 1609 1347 1654; baseline -0.005 -9"><span class='ocrx_word' id='word_1_288' title='bbox 275 1614 386 1646; x_wconf 91' lang='lat' dir='ltr'><strong>derato</strong></span> <span class='ocrx_word' id='word_1_289' title='bbox 410 1613 523 1645; x_wconf 89' lang='lat' dir='ltr'><strong>ordine</strong></span> <span class='ocrx_word' id='word_1_290' title='bbox 546 1612 673 1644; x_wconf 91' lang='lat' dir='ltr'><strong>divinae</strong></span> <span class='ocrx_word' id='word_1_291' title='bbox 688 1614 864 1654; x_wconf 87' lang='lat' dir='ltr'><strong>potentiae.</strong></span> <span class='ocrx_word' id='word_1_292' title='bbox 883 1612 925 1643; x_wconf 91' lang='lat' dir='ltr'><strong>Et</strong></span> <span class='ocrx_word' id='word_1_293' title='bbox 946 1611 973 1642; x_wconf 94' lang='lat' dir='ltr'><strong>si</strong></span> <span class='ocrx_word' id='word_1_294' title='bbox 988 1611 1088 1651; x_wconf 90' lang='lat' dir='ltr'><strong>aliqui</strong></span> <span class='ocrx_word' id='word_1_295' title='bbox 1110 1610 1175 1641; x_wconf 92' lang='lat' dir='ltr'><strong>hoc</strong></span> <span class='ocrx_word' id='word_1_296' title='bbox 1198 1609 1347 1641; x_wconf 89' lang='lat' dir='ltr'><strong>dixerunt</strong></span> 
     </span>
     <span class='ocr_line' id='line_1_41' title="bbox 275 1655 1347 1698; baseline -0.005 -9"><span class='ocrx_word' id='word_1_297' title='bbox 275 1659 348 1690; x_wconf 91' lang='lat' dir='ltr'><strong>Deo</strong></span> <span class='ocrx_word' id='word_1_298' title='bbox 372 1667 441 1689; x_wconf 90' lang='lat' dir='ltr'><strong>esse</strong></span> <span class='ocrx_word' id='word_1_299' title='bbox 463 1658 673 1698; x_wconf 89' lang='lat' dir='ltr'><strong>impossibile,</strong></span> <span class='ocrx_word' id='word_1_300' title='bbox 696 1667 766 1689; x_wconf 91' lang='lat' dir='ltr'><strong>non</strong></span> <span class='ocrx_word' id='word_1_301' title='bbox 792 1657 925 1689; x_wconf 86' lang='lat' dir='ltr'><strong>fuerunt</strong></span> <span class='ocrx_word' id='word_1_302' title='bbox 950 1665 1025 1686; x_wconf 87' lang='lat' dir='ltr'><strong>vere</strong></span> <span class='ocrx_word' id='word_1_303' title='bbox 1051 1655 1212 1695; x_wconf 87' lang='lat' dir='ltr'><strong>sapientes</strong></span> <span class='ocrx_word' id='word_1_304' title='bbox 1238 1663 1347 1695; x_wconf 91' lang='lat' dir='ltr'><strong>neque</strong></span> 
     </span>
     <span class='ocr_line' id='line_1_42' title="bbox 275 1699 1346 1743; baseline -0.006 -9"><span class='ocrx_word' id='word_1_305' title='bbox 275 1713 350 1734; x_wconf 87' lang='lat' dir='ltr'><strong>vere</strong></span> <span class='ocrx_word' id='word_1_306' title='bbox 372 1702 570 1743; x_wconf 90' lang='lat' dir='ltr'><strong>philosophi.</strong></span> <span class='ocrx_word' id='word_1_307' title='bbox 587 1702 682 1734; x_wconf 87' lang='lat' dir='ltr'><strong>Unde</strong></span> <span class='ocrx_word' id='word_1_308' title='bbox 697 1702 834 1734; x_wconf 89' lang='lat' dir='ltr'><strong>Sanctus</strong></span> <span class='ocrx_word' id='word_1_309' title='bbox 845 1701 1001 1737; x_wconf 84' lang='lat' dir='ltr'><strong>Thomas,</strong></span> <span class='ocrx_word' id='word_1_310' title='bbox 1016 1704 1116 1740; x_wconf 83' lang='lat' dir='ltr'><strong>supe&#39;r</strong></span> <span class='ocrx_word' id='word_1_311' title='bbox 1129 1699 1222 1730; x_wconf 86' lang='lat' dir='ltr'><strong>Boet.</strong></span> <span class='ocrx_word' id='word_1_312' title='bbox 1243 1699 1346 1736; x_wconf 69' lang='lat' dir='ltr'><strong>Trin„</strong></span> 
     </span>
     <span class='ocr_line' id='line_1_43' title="bbox 276 1743 1347 1789; baseline -0.006 -10"><span class='ocrx_word' id='word_1_313' title='bbox 276 1758 308 1789; x_wconf 92' lang='lat' dir='ltr'><strong>q.</strong></span> <span class='ocrx_word' id='word_1_314' title='bbox 324 1757 358 1784; x_wconf 93' lang='lat'><strong>11,</strong></span> <span class='ocrx_word' id='word_1_315' title='bbox 381 1757 409 1778; x_wconf 92' lang='lat' dir='ltr'><strong>a.</strong></span> <span class='ocrx_word' id='word_1_316' title='bbox 427 1747 444 1778; x_wconf 87' lang='lat'><strong>3</strong></span> <span class='ocrx_word' id='word_1_317' title='bbox 459 1748 486 1784; x_wconf 72' lang='grc'><strong>“,</strong></span> <span class='ocrx_word' id='word_1_318' title='bbox 510 1747 616 1788; x_wconf 91' lang='lat' dir='ltr'><strong>inquit</strong></span> <span class='ocrx_word' id='word_1_319' title='bbox 639 1747 740 1788; x_wconf 88' lang='lat' dir='ltr'><strong>quod,</strong></span> <span class='ocrx_word' id='word_1_320' title='bbox 762 1747 792 1778; x_wconf 81' lang='lat' dir='ltr'><strong>si</strong></span> <span class='ocrx_word' id='word_1_321' title='bbox 813 1746 892 1787; x_wconf 82' lang='lat' dir='ltr'><strong>quid</strong></span> <span class='ocrx_word' id='word_1_322' title='bbox 914 1745 947 1775; x_wconf 87' lang='lat' dir='ltr'><strong>in</strong></span> <span class='ocrx_word' id='word_1_323' title='bbox 971 1744 1065 1775; x_wconf 79' lang='lat' dir='ltr'><strong>dictis</strong></span> <span class='ocrx_word' id='word_1_324' title='bbox 1075 1743 1347 1785; x_wconf 81' lang='lat' dir='ltr'><strong>philosophorum</strong></span> 
     </span>
     <span class='ocr_line' id='line_1_44' title="bbox 276 1788 1349 1834; baseline -0.005 -11"><span class='ocrx_word' id='word_1_325' title='bbox 276 1792 464 1823; x_wconf 81' lang='lat' dir='ltr'><strong>inveniatur</strong></span> <span class='ocrx_word' id='word_1_326' title='bbox 485 1792 690 1823; x_wconf 85' lang='lat' dir='ltr'><strong>contrarium</strong></span> <span class='ocrx_word' id='word_1_327' title='bbox 701 1791 799 1834; x_wconf 81' lang='lat' dir='ltr'><strong>fidei,</strong></span> <span class='ocrx_word' id='word_1_328' title='bbox 819 1791 882 1821; x_wconf 86' lang='lat' dir='ltr'><strong>hoc</strong></span> <span class='ocrx_word' id='word_1_329' title='bbox 898 1799 963 1820; x_wconf 84' lang='lat' dir='ltr'><strong>non</strong></span> <span class='ocrx_word' id='word_1_330' title='bbox 980 1794 1028 1820; x_wconf 84' lang='lat' dir='ltr'><strong>est</strong></span> <span class='ocrx_word' id='word_1_331' title='bbox 1036 1789 1275 1830; x_wconf 83' lang='lat' dir='ltr'><strong>philosophiae,</strong></span> <span class='ocrx_word' id='word_1_332' title='bbox 1291 1788 1349 1819; x_wconf 84' lang='lat' dir='ltr'><strong>sed</strong></span> 
     </span>
     <span class='ocr_line' id='line_1_45' title="bbox 277 1833 1157 1879; baseline -0.006 -11"><span class='ocrx_word' id='word_1_333' title='bbox 277 1837 384 1879; x_wconf 78' lang='lat' dir='ltr'><strong>magis</strong></span> <span class='ocrx_word' id='word_1_334' title='bbox 398 1836 624 1877; x_wconf 76' lang='lat' dir='ltr'><strong>philosophiae</strong></span> <span class='ocrx_word' id='word_1_335' title='bbox 646 1837 766 1868; x_wconf 86' lang='lat' dir='ltr'><strong>abusus</strong></span> <span class='ocrx_word' id='word_1_336' title='bbox 789 1845 832 1866; x_wconf 85' lang='lat' dir='ltr'><strong>ex</strong></span> <span class='ocrx_word' id='word_1_337' title='bbox 854 1834 982 1876; x_wconf 65' lang='lat' dir='ltr'><strong>defectu</strong></span> <span class='ocrx_word' id='word_1_338' title='bbox 1007 1833 1157 1864; x_wconf 79' lang='lat' dir='ltr'><strong>rationis.</strong></span> 
     </span>
    </p>

    <p class='ocr_par' dir='ltr' id='par_1_10' title="bbox 275 1876 1348 2100">
     <span class='ocr_line' id='line_1_46' title="bbox 333 1876 1347 1920; baseline -0.005 -8"><span class='ocrx_word' id='word_1_339' title='bbox 333 1881 370 1912; x_wconf 91' lang='lat'><strong>11.</strong></span> <span class='ocrx_word' id='word_1_340' title='bbox 387 1880 546 1912; x_wconf 83' lang='lat' dir='ltr'><strong>Secundo.</strong></span> <span class='ocrx_word' id='word_1_341' title='bbox 563 1880 664 1920; x_wconf 91' lang='lat' dir='ltr'><strong>Quod</strong></span> <span class='ocrx_word' id='word_1_342' title='bbox 676 1880 802 1912; x_wconf 88' lang='lat' dir='ltr'><strong>divinae</strong></span> <span class='ocrx_word' id='word_1_343' title='bbox 817 1878 992 1920; x_wconf 85' lang='lat' dir='ltr'><strong>sapientiae</strong></span> <span class='ocrx_word' id='word_1_344' title='bbox 1008 1877 1228 1914; x_wconf 86' lang='lat' dir='ltr'><strong>contrariatur,</strong></span> <span class='ocrx_word' id='word_1_345' title='bbox 1245 1887 1263 1907; x_wconf 94' lang='lat' dir='ltr'><strong>a</strong></span> <span class='ocrx_word' id='word_1_346' title='bbox 1274 1876 1347 1908; x_wconf 89' lang='lat' dir='ltr'><strong>Deo</strong></span> 
     </span>
     <span class='ocr_line' id='line_1_47' title="bbox 277 1920 1348 1966; baseline -0.006 -9"><span class='ocrx_word' id='word_1_347' title='bbox 277 1935 345 1957; x_wconf 90' lang='lat' dir='ltr'><strong>esse</strong></span> <span class='ocrx_word' id='word_1_348' title='bbox 361 1935 429 1956; x_wconf 92' lang='lat' dir='ltr'><strong>non</strong></span> <span class='ocrx_word' id='word_1_349' title='bbox 445 1931 561 1966; x_wconf 91' lang='lat' dir='ltr'><strong>potest.</strong></span> <span class='ocrx_word' id='word_1_350' title='bbox 574 1925 639 1957; x_wconf 88' lang='lat' dir='ltr'><strong>Sed</strong></span> <span class='ocrx_word' id='word_1_351' title='bbox 650 1924 740 1966; x_wconf 91' lang='lat' dir='ltr'><strong>quod</strong></span> <span class='ocrx_word' id='word_1_352' title='bbox 754 1925 866 1966; x_wconf 84' lang='lat' dir='ltr'><strong>primis</strong></span> <span class='ocrx_word' id='word_1_353' title='bbox 880 1923 1047 1964; x_wconf 86' lang='lat' dir='ltr'><strong>principiis</strong></span> <span class='ocrx_word' id='word_1_354' title='bbox 1063 1922 1284 1958; x_wconf 84' lang='lat' dir='ltr'><strong>contrariatur,</strong></span> <span class='ocrx_word' id='word_1_355' title='bbox 1301 1920 1348 1952; x_wconf 91' lang='lat' dir='ltr'><strong>di-</strong></span> 
     </span>
     <span class='ocr_line' id='line_1_48' title="bbox 275 1967 1346 2010; baseline -0.005 -9"><span class='ocrx_word' id='word_1_356' title='bbox 275 1971 369 2001; x_wconf 88' lang='lat' dir='ltr'><strong>vinae</strong></span> <span class='ocrx_word' id='word_1_357' title='bbox 386 1970 597 2001; x_wconf 81' lang='lat' dir='ltr'><strong>contrariatur</strong></span> <span class='ocrx_word' id='word_1_358' title='bbox 620 1969 806 2010; x_wconf 68' lang='lat' dir='ltr'><strong>sapientiae.</strong></span> <span class='ocrx_word' id='word_1_359' title='bbox 821 1968 908 2008; x_wconf 87' lang='lat' dir='ltr'><strong>Ergo</strong></span> <span class='ocrx_word' id='word_1_360' title='bbox 932 1977 950 1998; x_wconf 88' lang='lat' dir='ltr'><strong>a</strong></span> <span class='ocrx_word' id='word_1_361' title='bbox 973 1967 1046 1997; x_wconf 92' lang='lat' dir='ltr'><strong>Deo</strong></span> <span class='ocrx_word' id='word_1_362' title='bbox 1062 1976 1131 1998; x_wconf 90' lang='lat' dir='ltr'><strong>esse</strong></span> <span class='ocrx_word' id='word_1_363' title='bbox 1146 1975 1214 1997; x_wconf 91' lang='lat' dir='ltr'><strong>non</strong></span> <span class='ocrx_word' id='word_1_364' title='bbox 1230 1970 1346 2007; x_wconf 89' lang='lat' dir='ltr'><strong>potest.</strong></span> 
     </span>
     <span class='ocr_line' id='line_1_49' title="bbox 276 2009 1348 2056; baseline -0.006 -10"><span class='ocrx_word' id='word_1_365' title='bbox 276 2015 363 2056; x_wconf 90' lang='lat' dir='ltr'><strong>Ergo</strong></span> <span class='ocrx_word' id='word_1_366' title='bbox 383 2023 467 2055; x_wconf 90' lang='lat' dir='ltr'><strong>quae</strong></span> <span class='ocrx_word' id='word_1_367' title='bbox 490 2015 686 2046; x_wconf 88' lang='lat' dir='ltr'><strong>revelatione</strong></span> <span class='ocrx_word' id='word_1_368' title='bbox 707 2013 815 2044; x_wconf 88' lang='lat' dir='ltr'><strong>divina</strong></span> <span class='ocrx_word' id='word_1_369' title='bbox 838 2017 999 2047; x_wconf 88' lang='lat' dir='ltr'><strong>tenentur,</strong></span> <span class='ocrx_word' id='word_1_370' title='bbox 1015 2010 1150 2042; x_wconf 88' lang='lat' dir='ltr'><strong>naturali</strong></span> <span class='ocrx_word' id='word_1_371' title='bbox 1167 2009 1348 2051; x_wconf 80' lang='lat' dir='ltr'><strong>cognitioni</strong></span> 
     </span>
     <span class='ocr_line' id='line_1_50' title="bbox 277 2059 788 2100; baseline -0.004 -9"><span class='ocrx_word' id='word_1_372' title='bbox 277 2059 435 2091; x_wconf 90' lang='lat' dir='ltr'><strong>contraria</strong></span> <span class='ocrx_word' id='word_1_373' title='bbox 457 2068 526 2090; x_wconf 89' lang='lat' dir='ltr'><strong>esse</strong></span> <span class='ocrx_word' id='word_1_374' title='bbox 549 2069 617 2090; x_wconf 91' lang='lat' dir='ltr'><strong>non</strong></span> <span class='ocrx_word' id='word_1_375' title='bbox 640 2063 788 2100; x_wconf 90' lang='lat' dir='ltr'><strong>possunt.</strong></span> 
     </span>
    </p>

    <p class='ocr_par' dir='ltr' id='par_1_11' title="bbox 276 2099 1350 2366">
     <span class='ocr_line' id='line_1_51' title="bbox 331 2099 1348 2141; baseline -0.005 -7"><span class='ocrx_word' id='word_1_376' title='bbox 331 2103 488 2134; x_wconf 90' lang='lat' dir='ltr'><strong>Probatur</strong></span> <span class='ocrx_word' id='word_1_377' title='bbox 510 2104 628 2135; x_wconf 90' lang='lat' dir='ltr'><strong>minor.</strong></span> <span class='ocrx_word' id='word_1_378' title='bbox 656 2102 757 2141; x_wconf 91' lang='lat' dir='ltr'><strong>Quod</strong></span> <span class='ocrx_word' id='word_1_379' title='bbox 778 2100 942 2133; x_wconf 89' lang='lat' dir='ltr'><strong>inducitur</strong></span> <span class='ocrx_word' id='word_1_380' title='bbox 958 2110 977 2131; x_wconf 91' lang='lat' dir='ltr'><strong>a</strong></span> <span class='ocrx_word' id='word_1_381' title='bbox 991 2099 1130 2131; x_wconf 89' lang='lat' dir='ltr'><strong>docente</strong></span> <span class='ocrx_word' id='word_1_382' title='bbox 1151 2099 1186 2130; x_wconf 92' lang='lat' dir='ltr'><strong>in</strong></span> <span class='ocrx_word' id='word_1_383' title='bbox 1206 2099 1348 2130; x_wconf 86' lang='lat' dir='ltr'><strong>animam</strong></span> 
     </span>
     <span class='ocr_line' id='line_1_52' title="bbox 276 2142 1349 2189; baseline -0.005 -10"><span class='ocrx_word' id='word_1_384' title='bbox 276 2147 425 2189; x_wconf 92' lang='lat' dir='ltr'><strong>discipuli</strong></span> <span class='ocrx_word' id='word_1_385' title='bbox 449 2148 581 2179; x_wconf 89' lang='lat' dir='ltr'><strong>scientia</strong></span> <span class='ocrx_word' id='word_1_386' title='bbox 604 2147 747 2179; x_wconf 91' lang='lat' dir='ltr'><strong>doctoris</strong></span> <span class='ocrx_word' id='word_1_387' title='bbox 770 2146 925 2182; x_wconf 90' lang='lat' dir='ltr'><strong>continet,</strong></span> <span class='ocrx_word' id='word_1_388' title='bbox 952 2145 1014 2176; x_wconf 92' lang='lat' dir='ltr'><strong>nisi</strong></span> <span class='ocrx_word' id='word_1_389' title='bbox 1036 2143 1111 2175; x_wconf 88' lang='lat' dir='ltr'><strong>ficte</strong></span> <span class='ocrx_word' id='word_1_390' title='bbox 1134 2143 1260 2175; x_wconf 89' lang='lat' dir='ltr'><strong>doceat.</strong></span> <span class='ocrx_word' id='word_1_391' title='bbox 1284 2142 1349 2175; x_wconf 88' lang='lat' dir='ltr'><strong>Sed</strong></span> 
     </span>
     <span class='ocr_line' id='line_1_53' title="bbox 276 2187 1349 2234; baseline -0.006 -10"><span class='ocrx_word' id='word_1_392' title='bbox 276 2193 511 2234; x_wconf 88' lang='lat' dir='ltr'><strong>principiorum</strong></span> <span class='ocrx_word' id='word_1_393' title='bbox 533 2192 718 2224; x_wconf 83' lang='lat' dir='ltr'><strong>naturaliter</strong></span> <span class='ocrx_word' id='word_1_394' title='bbox 731 2196 887 2222; x_wconf 88' lang='lat' dir='ltr'><strong>notorum</strong></span> <span class='ocrx_word' id='word_1_395' title='bbox 911 2189 1055 2231; x_wconf 83' lang='lat' dir='ltr'><strong>cognitio</strong></span> <span class='ocrx_word' id='word_1_396' title='bbox 1078 2189 1173 2219; x_wconf 89' lang='lat' dir='ltr'><strong>nobis</strong></span> <span class='ocrx_word' id='word_1_397' title='bbox 1196 2187 1349 2219; x_wconf 87' lang='lat' dir='ltr'><strong>divinitus</strong></span> 
     </span>
     <span class='ocr_line' id='line_1_54' title="bbox 278 2233 1349 2274; baseline -0.005 -6"><span class='ocrx_word' id='word_1_398' title='bbox 278 2242 326 2268; x_wconf 92' lang='lat' dir='ltr'><strong>est</strong></span> <span class='ocrx_word' id='word_1_399' title='bbox 339 2236 453 2268; x_wconf 88' lang='lat' dir='ltr'><strong>indita:</strong></span> <span class='ocrx_word' id='word_1_400' title='bbox 471 2246 548 2268; x_wconf 87' lang='lat' dir='ltr'><strong>curn</strong></span> <span class='ocrx_word' id='word_1_401' title='bbox 566 2238 656 2268; x_wconf 88' lang='lat' dir='ltr'><strong>Deus</strong></span> <span class='ocrx_word' id='word_1_402' title='bbox 670 2241 799 2267; x_wconf 84' lang='lat' dir='ltr'><strong>nostrae</strong></span> <span class='ocrx_word' id='word_1_403' title='bbox 822 2239 955 2266; x_wconf 84' lang='lat' dir='ltr'><strong>naturae</strong></span> <span class='ocrx_word' id='word_1_404' title='bbox 970 2234 1011 2264; x_wconf 90' lang='lat' dir='ltr'><strong>sit</strong></span> <span class='ocrx_word' id='word_1_405' title='bbox 1026 2238 1149 2264; x_wconf 86' lang='lat' dir='ltr'><strong>auctor.</strong></span> <span class='ocrx_word' id='word_1_406' title='bbox 1165 2233 1252 2274; x_wconf 87' lang='lat' dir='ltr'><strong>Ergo</strong></span> <span class='ocrx_word' id='word_1_407' title='bbox 1268 2233 1349 2264; x_wconf 89' lang='lat' dir='ltr'><strong>haec</strong></span> 
     </span>
     <span class='ocr_line' id='line_1_55' title="bbox 277 2276 1350 2322; baseline -0.006 -9"><span class='ocrx_word' id='word_1_408' title='bbox 277 2282 436 2322; x_wconf 89' lang='lat' dir='ltr'><strong>principia</strong></span> <span class='ocrx_word' id='word_1_409' title='bbox 462 2281 569 2312; x_wconf 91' lang='lat' dir='ltr'><strong>divina</strong></span> <span class='ocrx_word' id='word_1_410' title='bbox 598 2281 754 2322; x_wconf 88' lang='lat' dir='ltr'><strong>sapientia</strong></span> <span class='ocrx_word' id='word_1_411' title='bbox 780 2279 936 2311; x_wconf 88' lang='lat' dir='ltr'><strong>continet.</strong></span> <span class='ocrx_word' id='word_1_412' title='bbox 967 2278 1054 2319; x_wconf 89' lang='lat' dir='ltr'><strong>Ergo</strong></span> <span class='ocrx_word' id='word_1_413' title='bbox 1082 2276 1174 2318; x_wconf 91' lang='lat' dir='ltr'><strong>quod</strong></span> <span class='ocrx_word' id='word_1_414' title='bbox 1198 2277 1276 2318; x_wconf 89' lang='lat' dir='ltr'><strong>ipsis</strong></span> <span class='ocrx_word' id='word_1_415' title='bbox 1302 2282 1350 2308; x_wconf 88' lang='lat' dir='ltr'><strong>est</strong></span> 
     </span>
     <span class='ocr_line' id='line_1_56' title="bbox 278 2323 1135 2366; baseline -0.006 -8"><span class='ocrx_word' id='word_1_416' title='bbox 278 2326 485 2363; x_wconf 89' lang='lat' dir='ltr'><strong>contrarium,</strong></span> <span class='ocrx_word' id='word_1_417' title='bbox 509 2325 636 2357; x_wconf 87' lang='lat' dir='ltr'><strong>divinae</strong></span> <span class='ocrx_word' id='word_1_418' title='bbox 659 2325 834 2366; x_wconf 84' lang='lat' dir='ltr'><strong>sapientiae</strong></span> <span class='ocrx_word' id='word_1_419' title='bbox 857 2328 904 2354; x_wconf 90' lang='lat' dir='ltr'><strong>est</strong></span> <span class='ocrx_word' id='word_1_420' title='bbox 927 2323 1135 2354; x_wconf 89' lang='lat' dir='ltr'><strong>contrarium.</strong></span> 
     </span>
    </p>

    <p class='ocr_par' dir='ltr' id='par_1_12' title="bbox 277 2366 1350 2946">
     <span class='ocr_line' id='line_1_57' title="bbox 334 2366 1349 2408; baseline -0.005 -6"><span class='ocrx_word' id='word_1_421' title='bbox 334 2370 429 2402; x_wconf 92' lang='lat' dir='ltr'><strong>Circa</strong></span> <span class='ocrx_word' id='word_1_422' title='bbox 461 2371 545 2402; x_wconf 89' lang='lat' dir='ltr'><strong>hanc</strong></span> <span class='ocrx_word' id='word_1_423' title='bbox 575 2371 736 2402; x_wconf 90' lang='lat' dir='ltr'><strong>rationem</strong></span> <span class='ocrx_word' id='word_1_424' title='bbox 765 2367 998 2400; x_wconf 91' lang='lat' dir='ltr'><strong>advertendum</strong></span> <span class='ocrx_word' id='word_1_425' title='bbox 1029 2366 1120 2408; x_wconf 92' lang='lat' dir='ltr'><strong>quod</strong></span> <span class='ocrx_word' id='word_1_426' title='bbox 1150 2366 1349 2398; x_wconf 71' lang='lat' dir='ltr'><strong>continenda</strong></span> 
     </span>
     <span class='ocr_line' id='line_1_58' title="bbox 279 2411 1349 2455; baseline -0.004 -10"><span class='ocrx_word' id='word_1_427' title='bbox 279 2424 344 2455; x_wconf 90' lang='lat' dir='ltr'><strong>qua</strong></span> <span class='ocrx_word' id='word_1_428' title='bbox 366 2415 418 2447; x_wconf 92' lang='lat' dir='ltr'><strong>hic</strong></span> <span class='ocrx_word' id='word_1_429' title='bbox 442 2414 558 2447; x_wconf 91' lang='lat' dir='ltr'><strong>dicitur</strong></span> <span class='ocrx_word' id='word_1_430' title='bbox 580 2415 747 2446; x_wconf 90' lang='lat' dir='ltr'><strong>scientiam</strong></span> <span class='ocrx_word' id='word_1_431' title='bbox 763 2413 906 2445; x_wconf 90' lang='lat' dir='ltr'><strong>doctoris</strong></span> <span class='ocrx_word' id='word_1_432' title='bbox 922 2411 1071 2453; x_wconf 90' lang='lat' dir='ltr'><strong>discipuli</strong></span> <span class='ocrx_word' id='word_1_433' title='bbox 1086 2411 1254 2443; x_wconf 90' lang='lat' dir='ltr'><strong>scientiam</strong></span> <span class='ocrx_word' id='word_1_434' title='bbox 1270 2420 1349 2442; x_wconf 89' lang='lat' dir='ltr'><strong>eon-</strong></span> 
     </span>
     <span class='ocr_line' id='line_1_59' title="bbox 277 2456 1349 2498; baseline -0.005 -7"><span class='ocrx_word' id='word_1_435' title='bbox 277 2460 390 2497; x_wconf 91' lang='lat' dir='ltr'><strong>tinere,</strong></span> <span class='ocrx_word' id='word_1_436' title='bbox 414 2469 482 2491; x_wconf 90' lang='lat' dir='ltr'><strong>non</strong></span> <span class='ocrx_word' id='word_1_437' title='bbox 506 2465 554 2491; x_wconf 89' lang='lat' dir='ltr'><strong>est</strong></span> <span class='ocrx_word' id='word_1_438' title='bbox 577 2459 776 2491; x_wconf 89' lang='lat' dir='ltr'><strong>continentia</strong></span> <span class='ocrx_word' id='word_1_439' title='bbox 798 2457 940 2488; x_wconf 82' lang='lat' dir='ltr'><strong>virtualis</strong></span> <span class='ocrx_word' id='word_1_440' title='bbox 963 2456 1113 2498; x_wconf 89' lang='lat' dir='ltr'><strong>principii</strong></span> <span class='ocrx_word' id='word_1_441' title='bbox 1132 2456 1240 2487; x_wconf 90' lang='lat' dir='ltr'><strong>activi:</strong></span> <span class='ocrx_word' id='word_1_442' title='bbox 1266 2464 1349 2497; x_wconf 89' lang='lat' dir='ltr'><strong>quo-</strong></span> 
     </span>
     <span class='ocr_line' id='line_1_60' title="bbox 278 2500 1349 2545; baseline -0.005 -9"><span class='ocrx_word' id='word_1_443' title='bbox 278 2504 377 2541; x_wconf 89' lang='lat' dir='ltr'><strong>niam,</strong></span> <span class='ocrx_word' id='word_1_444' title='bbox 401 2509 438 2535; x_wconf 91' lang='lat' dir='ltr'><strong>ut</strong></span> <span class='ocrx_word' id='word_1_445' title='bbox 459 2505 565 2545; x_wconf 92' lang='lat' dir='ltr'><strong>inquit</strong></span> <span class='ocrx_word' id='word_1_446' title='bbox 585 2504 721 2536; x_wconf 89' lang='lat' dir='ltr'><strong>Sanctus</strong></span> <span class='ocrx_word' id='word_1_447' title='bbox 733 2503 878 2534; x_wconf 87' lang='lat' dir='ltr'><strong>Thomas</strong></span> <span class='ocrx_word' id='word_1_448' title='bbox 894 2500 930 2538; x_wconf 78' lang='lat'><strong>1⁸,</strong></span> <span class='ocrx_word' id='word_1_449' title='bbox 950 2511 982 2542; x_wconf 91' lang='lat' dir='ltr'><strong>q.</strong></span> <span class='ocrx_word' id='word_1_450' title='bbox 996 2511 1079 2532; x_wconf 87' lang='lat' dir='ltr'><strong>cxvn</strong></span> <span class='ocrx_word' id='word_1_451' title='bbox 1088 2502 1116 2537; x_wconf 71' lang='lat'><strong>*,</strong></span> <span class='ocrx_word' id='word_1_452' title='bbox 1132 2501 1265 2532; x_wconf 86' lang='lat' dir='ltr'><strong>scientia</strong></span> <span class='ocrx_word' id='word_1_453' title='bbox 1280 2510 1349 2532; x_wconf 91' lang='lat' dir='ltr'><strong>non</strong></span> 
     </span>
     <span class='ocr_line' id='line_1_61' title="bbox 280 2545 1349 2589; baseline -0.003 -10"><span class='ocrx_word' id='word_1_454' title='bbox 280 2553 327 2579; x_wconf 90' lang='lat' dir='ltr'><strong>est</strong></span> <span class='ocrx_word' id='word_1_455' title='bbox 343 2548 479 2589; x_wconf 89' lang='lat' dir='ltr'><strong>qualitas</strong></span> <span class='ocrx_word' id='word_1_456' title='bbox 493 2549 605 2585; x_wconf 89' lang='lat' dir='ltr'><strong>activa,</strong></span> <span class='ocrx_word' id='word_1_457' title='bbox 629 2547 686 2580; x_wconf 91' lang='lat' dir='ltr'><strong>sed</strong></span> <span class='ocrx_word' id='word_1_458' title='bbox 700 2557 734 2579; x_wconf 88' lang='lat' dir='ltr'><strong>se</strong></span> <span class='ocrx_word' id='word_1_459' title='bbox 753 2547 850 2578; x_wconf 92' lang='lat' dir='ltr'><strong>habet</strong></span> <span class='ocrx_word' id='word_1_460' title='bbox 872 2551 999 2577; x_wconf 89' lang='lat' dir='ltr'><strong>tantum</strong></span> <span class='ocrx_word' id='word_1_461' title='bbox 1021 2555 1080 2587; x_wconf 87' lang='lat' dir='ltr'><strong>per</strong></span> <span class='ocrx_word' id='word_1_462' title='bbox 1101 2545 1239 2577; x_wconf 89' lang='lat' dir='ltr'><strong>modum</strong></span> <span class='ocrx_word' id='word_1_463' title='bbox 1261 2546 1349 2586; x_wconf 89' lang='lat' dir='ltr'><strong>prin-</strong></span> 
     </span>
     <span class='ocr_line' id='line_1_62' title="bbox 279 2590 1349 2634; baseline -0.003 -10"><span class='ocrx_word' id='word_1_464' title='bbox 279 2593 355 2634; x_wconf 89' lang='lat' dir='ltr'><strong>cipii</strong></span> <span class='ocrx_word' id='word_1_465' title='bbox 379 2592 522 2624; x_wconf 88' lang='lat' dir='ltr'><strong>directivi</strong></span> <span class='ocrx_word' id='word_1_466' title='bbox 539 2594 573 2624; x_wconf 92' lang='lat' dir='ltr'><strong>in</strong></span> <span class='ocrx_word' id='word_1_467' title='bbox 589 2592 766 2634; x_wconf 92' lang='lat' dir='ltr'><strong>operando.</strong></span> <span class='ocrx_word' id='word_1_468' title='bbox 791 2592 916 2623; x_wconf 91' lang='lat' dir='ltr'><strong>Dicitur</strong></span> <span class='ocrx_word' id='word_1_469' title='bbox 931 2596 1041 2622; x_wconf 89' lang='lat' dir='ltr'><strong>autem</strong></span> <span class='ocrx_word' id='word_1_470' title='bbox 1056 2590 1190 2622; x_wconf 88' lang='lat' dir='ltr'><strong>scientia</strong></span> <span class='ocrx_word' id='word_1_471' title='bbox 1206 2590 1349 2622; x_wconf 89' lang='lat' dir='ltr'><strong>doctoris</strong></span> 
     </span>
     <span class='ocr_line' id='line_1_63' title="bbox 279 2634 1350 2678; baseline -0.003 -10"><span class='ocrx_word' id='word_1_472' title='bbox 279 2637 428 2678; x_wconf 88' lang='lat' dir='ltr'><strong>discipuli</strong></span> <span class='ocrx_word' id='word_1_473' title='bbox 451 2638 618 2669; x_wconf 89' lang='lat' dir='ltr'><strong>scientiam</strong></span> <span class='ocrx_word' id='word_1_474' title='bbox 637 2638 802 2669; x_wconf 89' lang='lat' dir='ltr'><strong>continere</strong></span> <span class='ocrx_word' id='word_1_475' title='bbox 826 2637 1021 2676; x_wconf 88' lang='lat' dir='ltr'><strong>inquantum</strong></span> <span class='ocrx_word' id='word_1_476' title='bbox 1037 2634 1077 2666; x_wconf 91' lang='lat' dir='ltr'><strong>ad</strong></span> <span class='ocrx_word' id='word_1_477' title='bbox 1098 2634 1212 2666; x_wconf 88' lang='lat' dir='ltr'><strong>eadem</strong></span> <span class='ocrx_word' id='word_1_478' title='bbox 1227 2634 1350 2666; x_wconf 88' lang='lat' dir='ltr'><strong>scibilia</strong></span> 
     </span>
     <span class='ocr_line' id='line_1_64' title="bbox 279 2679 1347 2721; baseline -0.002 -8"><span class='ocrx_word' id='word_1_479' title='bbox 279 2688 311 2713; x_wconf 92' lang='lat' dir='ltr'><strong>et</strong></span> <span class='ocrx_word' id='word_1_480' title='bbox 327 2682 367 2713; x_wconf 93' lang='lat' dir='ltr'><strong>ad</strong></span> <span class='ocrx_word' id='word_1_481' title='bbox 383 2681 511 2713; x_wconf 90' lang='lat' dir='ltr'><strong>easdem</strong></span> <span class='ocrx_word' id='word_1_482' title='bbox 523 2683 670 2714; x_wconf 90' lang='lat' dir='ltr'><strong>veritates</strong></span> <span class='ocrx_word' id='word_1_483' title='bbox 686 2691 720 2713; x_wconf 89' lang='lat' dir='ltr'><strong>se</strong></span> <span class='ocrx_word' id='word_1_484' title='bbox 736 2680 878 2712; x_wconf 89' lang='lat' dir='ltr'><strong>extendit</strong></span> <span class='ocrx_word' id='word_1_485' title='bbox 893 2680 933 2711; x_wconf 92' lang='lat' dir='ltr'><strong>ad</strong></span> <span class='ocrx_word' id='word_1_486' title='bbox 948 2690 1028 2721; x_wconf 91' lang='lat' dir='ltr'><strong>quas</strong></span> <span class='ocrx_word' id='word_1_487' title='bbox 1040 2679 1190 2721; x_wconf 85' lang='lat' dir='ltr'><strong>discipuli</strong></span> <span class='ocrx_word' id='word_1_488' title='bbox 1201 2680 1347 2711; x_wconf 79' lang='lat' dir='ltr'><strong>scientia:</strong></span> 
     </span>
     <span class='ocr_line' id='line_1_65' title="bbox 280 2724 1348 2766; baseline -0.002 -9"><span class='ocrx_word' id='word_1_489' title='bbox 280 2726 393 2758; x_wconf 89' lang='lat' dir='ltr'><strong>eadem</strong></span> <span class='ocrx_word' id='word_1_490' title='bbox 417 2727 504 2758; x_wconf 90' lang='lat' dir='ltr'><strong>enim</strong></span> <span class='ocrx_word' id='word_1_491' title='bbox 520 2728 634 2758; x_wconf 90' lang='lat' dir='ltr'><strong>veritas</strong></span> <span class='ocrx_word' id='word_1_492' title='bbox 658 2732 706 2757; x_wconf 91' lang='lat' dir='ltr'><strong>est</strong></span> <span class='ocrx_word' id='word_1_493' title='bbox 729 2735 827 2766; x_wconf 90' lang='lat' dir='ltr'><strong>quarn</strong></span> <span class='ocrx_word' id='word_1_494' title='bbox 843 2724 1020 2766; x_wconf 89' lang='lat' dir='ltr'><strong>discipulus</strong></span> <span class='ocrx_word' id='word_1_495' title='bbox 1035 2724 1127 2756; x_wconf 92' lang='lat' dir='ltr'><strong>novit</strong></span> <span class='ocrx_word' id='word_1_496' title='bbox 1143 2730 1173 2755; x_wconf 89' lang='lat' dir='ltr'><strong>et</strong></span> <span class='ocrx_word' id='word_1_497' title='bbox 1188 2724 1348 2764; x_wconf 86' lang='lat' dir='ltr'><strong>magister,</strong></span> 
     </span>
     <span class='ocr_line' id='line_1_66' title="bbox 279 2768 1349 2812; baseline -0.002 -10"><span class='ocrx_word' id='word_1_498' title='bbox 279 2780 320 2802; x_wconf 93' lang='lat' dir='ltr'><strong>eo</strong></span> <span class='ocrx_word' id='word_1_499' title='bbox 347 2771 438 2812; x_wconf 91' lang='lat' dir='ltr'><strong>quod</strong></span> <span class='ocrx_word' id='word_1_500' title='bbox 464 2772 614 2812; x_wconf 89' lang='lat' dir='ltr'><strong>magister</strong></span> <span class='ocrx_word' id='word_1_501' title='bbox 639 2776 770 2802; x_wconf 90' lang='lat' dir='ltr'><strong>moveat</strong></span> <span class='ocrx_word' id='word_1_502' title='bbox 796 2769 994 2811; x_wconf 89' lang='lat' dir='ltr'><strong>discipulum</strong></span> <span class='ocrx_word' id='word_1_503' title='bbox 1019 2769 1061 2800; x_wconf 91' lang='lat' dir='ltr'><strong>ad</strong></span> <span class='ocrx_word' id='word_1_504' title='bbox 1085 2768 1199 2800; x_wconf 91' lang='lat' dir='ltr'><strong>eadem</strong></span> <span class='ocrx_word' id='word_1_505' title='bbox 1226 2778 1349 2809; x_wconf 89' lang='lat' dir='ltr'><strong>cogno-</strong></span> 
     </span>
     <span class='ocr_line' id='line_1_67' title="bbox 279 2814 1350 2856; baseline -0.003 -9"><span class='ocrx_word' id='word_1_506' title='bbox 279 2815 397 2847; x_wconf 92' lang='lat' dir='ltr'><strong>scenda</strong></span> <span class='ocrx_word' id='word_1_507' title='bbox 420 2825 504 2856; x_wconf 88' lang='lat' dir='ltr'><strong>quae</strong></span> <span class='ocrx_word' id='word_1_508' title='bbox 527 2816 597 2856; x_wconf 89' lang='lat' dir='ltr'><strong>ipse</strong></span> <span class='ocrx_word' id='word_1_509' title='bbox 620 2815 798 2856; x_wconf 85' lang='lat' dir='ltr'><strong>cognoscit.</strong></span> <span class='ocrx_word' id='word_1_510' title='bbox 823 2814 919 2846; x_wconf 87' lang='lat' dir='ltr'><strong>Unde</strong></span> <span class='ocrx_word' id='word_1_511' title='bbox 941 2819 1052 2855; x_wconf 87' lang='lat' dir='ltr'><strong>posset</strong></span> <span class='ocrx_word' id='word_1_512' title='bbox 1074 2814 1128 2845; x_wconf 89' lang='lat' dir='ltr'><strong>illa</strong></span> <span class='ocrx_word' id='word_1_513' title='bbox 1151 2814 1350 2846; x_wconf 90' lang='lat' dir='ltr'><strong>continentia</strong></span> 
     </span>
     <span class='ocr_line' id='line_1_68' title="bbox 279 2858 1350 2902; baseline -0.002 -11"><span class='ocrx_word' id='word_1_514' title='bbox 279 2859 343 2891; x_wconf 92' lang='lat' dir='ltr'><strong>dici</strong></span> <span class='ocrx_word' id='word_1_515' title='bbox 361 2860 611 2902; x_wconf 63' lang='lat' dir='ltr'><strong>perfectionalis</strong></span> <span class='ocrx_word' id='word_1_516' title='bbox 627 2866 658 2891; x_wconf 83' lang='lat' dir='ltr'><strong>et</strong></span> <span class='ocrx_word' id='word_1_517' title='bbox 673 2858 959 2890; x_wconf 80' lang='lat' dir='ltr'><strong>similitudinaria:</strong></span> <span class='ocrx_word' id='word_1_518' title='bbox 974 2868 1015 2890; x_wconf 92' lang='lat' dir='ltr'><strong>eo</strong></span> <span class='ocrx_word' id='word_1_519' title='bbox 1038 2858 1140 2890; x_wconf 92' lang='lat' dir='ltr'><strong>modo</strong></span> <span class='ocrx_word' id='word_1_520' title='bbox 1165 2868 1232 2899; x_wconf 91' lang='lat' dir='ltr'><strong>quo</strong></span> <span class='ocrx_word' id='word_1_521' title='bbox 1255 2863 1350 2889; x_wconf 87' lang='lat' dir='ltr'><strong>tetra-</strong></span> 
     </span>
     <span class='ocr_line' id='line_1_69' title="bbox 278 2902 1349 2946; baseline -0.002 -10"><span class='ocrx_word' id='word_1_522' title='bbox 278 2914 405 2946; x_wconf 88' lang='lat' dir='ltr'><strong>gonum</strong></span> <span class='ocrx_word' id='word_1_523' title='bbox 429 2905 574 2936; x_wconf 79' lang='lat' dir='ltr'><strong>continet</strong></span> <span class='ocrx_word' id='word_1_524' title='bbox 596 2905 771 2945; x_wconf 90' lang='lat' dir='ltr'><strong>trigonum,</strong></span> <span class='ocrx_word' id='word_1_525' title='bbox 796 2909 827 2934; x_wconf 90' lang='lat' dir='ltr'><strong>et</strong></span> <span class='ocrx_word' id='word_1_526' title='bbox 851 2913 954 2934; x_wconf 90' lang='lat' dir='ltr'><strong>unum</strong></span> <span class='ocrx_word' id='word_1_527' title='bbox 981 2903 1091 2934; x_wconf 90' lang='lat' dir='ltr'><strong>album</strong></span> <span class='ocrx_word' id='word_1_528' title='bbox 1115 2902 1202 2934; x_wconf 83' lang='lat' dir='ltr'><strong>aliud</strong></span> <span class='ocrx_word' id='word_1_529' title='bbox 1228 2902 1349 2934; x_wconf 86' lang='lat' dir='ltr'><strong>album.</strong></span> 
     </span>
    </p>

    <p class='ocr_par' dir='ltr' id='par_1_13' title="bbox 280 2947 1354 3470">
     <span class='ocr_line' id='line_1_70' title="bbox 337 2947 1348 2988; baseline -0.002 -8"><span class='ocrx_word' id='word_1_530' title='bbox 337 2959 367 2980; x_wconf 89' lang='lat'><strong>2.</strong></span> <span class='ocrx_word' id='word_1_531' title='bbox 384 2948 448 2980; x_wconf 86' lang='lat' dir='ltr'><strong>Sed</strong></span> <span class='ocrx_word' id='word_1_532' title='bbox 471 2949 611 2980; x_wconf 89' lang='lat' dir='ltr'><strong>occurrit</strong></span> <span class='ocrx_word' id='word_1_533' title='bbox 633 2948 771 2980; x_wconf 87' lang='lat' dir='ltr'><strong>dubium</strong></span> <span class='ocrx_word' id='word_1_534' title='bbox 795 2948 878 2979; x_wconf 86' lang='lat' dir='ltr'><strong>circa</strong></span> <span class='ocrx_word' id='word_1_535' title='bbox 901 2947 1048 2979; x_wconf 89' lang='lat' dir='ltr'><strong>ultimam</strong></span> <span class='ocrx_word' id='word_1_536' title='bbox 1070 2948 1348 2988; x_wconf 91' lang='lat' dir='ltr'><strong>consequentiam.</strong></span> 
     </span>
     <span class='ocr_line' id='line_1_71' title="bbox 281 2992 1350 3033; baseline -0.001 -9"><span class='ocrx_word' id='word_1_537' title='bbox 281 2993 358 3024; x_wconf 92' lang='lat' dir='ltr'><strong>Non</strong></span> <span class='ocrx_word' id='word_1_538' title='bbox 381 2994 468 3024; x_wconf 89' lang='lat' dir='ltr'><strong>enim</strong></span> <span class='ocrx_word' id='word_1_539' title='bbox 491 2993 617 3025; x_wconf 89' lang='lat' dir='ltr'><strong>videtur</strong></span> <span class='ocrx_word' id='word_1_540' title='bbox 639 2993 747 3033; x_wconf 88' lang='lat' dir='ltr'><strong>sequi:</strong></span> <span class='ocrx_word' id='word_1_541' title='bbox 772 2992 889 3023; x_wconf 90' lang='lat' dir='ltr'><strong>Divina</strong></span> <span class='ocrx_word' id='word_1_542' title='bbox 912 2993 1069 3033; x_wconf 86' lang='lat' dir='ltr'><strong>sapientia</strong></span> <span class='ocrx_word' id='word_1_543' title='bbox 1091 2993 1248 3033; x_wconf 88' lang='lat' dir='ltr'><strong>principia</strong></span> <span class='ocrx_word' id='word_1_544' title='bbox 1271 3001 1350 3023; x_wconf 94' lang='lat' dir='ltr'><strong>con-</strong></span> 
     </span>
     <span class='ocr_line' id='line_1_72' title="bbox 280 3036 1351 3079; baseline 0 -11"><span class='ocrx_word' id='word_1_545' title='bbox 280 3038 371 3074; x_wconf 90' lang='lat' dir='ltr'><strong>tinet,</strong></span> <span class='ocrx_word' id='word_1_546' title='bbox 395 3037 482 3079; x_wconf 88' lang='lat' dir='ltr'><strong>Ergo</strong></span> <span class='ocrx_word' id='word_1_547' title='bbox 506 3037 597 3079; x_wconf 92' lang='lat' dir='ltr'><strong>quod</strong></span> <span class='ocrx_word' id='word_1_548' title='bbox 619 3037 830 3069; x_wconf 87' lang='lat' dir='ltr'><strong>contrariatur</strong></span> <span class='ocrx_word' id='word_1_549' title='bbox 850 3037 1015 3078; x_wconf 87' lang='lat' dir='ltr'><strong>principiis</strong></span> <span class='ocrx_word' id='word_1_550' title='bbox 1034 3036 1161 3068; x_wconf 88' lang='lat' dir='ltr'><strong>divinae</strong></span> <span class='ocrx_word' id='word_1_551' title='bbox 1176 3037 1351 3078; x_wconf 77' lang='lat' dir='ltr'><strong>sapientiae</strong></span> 
     </span>
     <span class='ocr_line' id='line_1_73' title="bbox 281 3081 1351 3114; baseline 0 -1"><span class='ocrx_word' id='word_1_552' title='bbox 281 3083 502 3114; x_wconf 85' lang='lat' dir='ltr'><strong>contrariatur.</strong></span> <span class='ocrx_word' id='word_1_553' title='bbox 518 3082 594 3114; x_wconf 92' lang='lat' dir='ltr'><strong>Non</strong></span> <span class='ocrx_word' id='word_1_554' title='bbox 607 3082 691 3113; x_wconf 84' lang='lat' dir='ltr'><strong>valet</strong></span> <span class='ocrx_word' id='word_1_555' title='bbox 706 3082 807 3113; x_wconf 88' lang='lat' dir='ltr'><strong>enim:</strong></span> <span class='ocrx_word' id='word_1_556' title='bbox 834 3081 950 3112; x_wconf 91' lang='lat' dir='ltr'><strong>Divina</strong></span> <span class='ocrx_word' id='word_1_557' title='bbox 961 3082 1061 3112; x_wconf 90' lang='lat' dir='ltr'><strong>virtus</strong></span> <span class='ocrx_word' id='word_1_558' title='bbox 1080 3081 1226 3112; x_wconf 89' lang='lat' dir='ltr'><strong>continet</strong></span> <span class='ocrx_word' id='word_1_559' title='bbox 1241 3081 1351 3113; x_wconf 89' lang='lat' dir='ltr'><strong>album</strong></span> 
     </span>
     <span class='ocr_line' id='line_1_74' title="bbox 281 3125 1350 3168; baseline 0 -10"><span class='ocrx_word' id='word_1_560' title='bbox 281 3127 359 3167; x_wconf 86' lang='lat' dir='ltr'><strong>quia</strong></span> <span class='ocrx_word' id='word_1_561' title='bbox 373 3132 481 3167; x_wconf 90' lang='lat' dir='ltr'><strong>potest</strong></span> <span class='ocrx_word' id='word_1_562' title='bbox 496 3126 606 3158; x_wconf 90' lang='lat' dir='ltr'><strong>album</strong></span> <span class='ocrx_word' id='word_1_563' title='bbox 620 3126 811 3168; x_wconf 88' lang='lat' dir='ltr'><strong>producere,</strong></span> <span class='ocrx_word' id='word_1_564' title='bbox 827 3126 914 3166; x_wconf 88' lang='lat' dir='ltr'><strong>Ergo</strong></span> <span class='ocrx_word' id='word_1_565' title='bbox 937 3125 1027 3167; x_wconf 91' lang='lat' dir='ltr'><strong>quod</strong></span> <span class='ocrx_word' id='word_1_566' title='bbox 1050 3126 1261 3158; x_wconf 86' lang='lat' dir='ltr'><strong>contrariatur</strong></span> <span class='ocrx_word' id='word_1_567' title='bbox 1276 3126 1350 3158; x_wconf 92' lang='lat' dir='ltr'><strong>albo</strong></span> 
     </span>
     <span class='ocr_line' id='line_1_75' title="bbox 282 3169 1352 3212; baseline 0 -10"><span class='ocrx_word' id='word_1_568' title='bbox 282 3171 409 3202; x_wconf 89' lang='lat' dir='ltr'><strong>divinae</strong></span> <span class='ocrx_word' id='word_1_569' title='bbox 443 3172 551 3203; x_wconf 86' lang='lat' dir='ltr'><strong>virtuti</strong></span> <span class='ocrx_word' id='word_1_570' title='bbox 582 3171 802 3202; x_wconf 84' lang='lat' dir='ltr'><strong>contrariatur.</strong></span> <span class='ocrx_word' id='word_1_571' title='bbox 837 3170 970 3201; x_wconf 89' lang='lat' dir='ltr'><strong>Dicetur</strong></span> <span class='ocrx_word' id='word_1_572' title='bbox 999 3169 1104 3212; x_wconf 87' lang='lat' dir='ltr'><strong>quod.</strong></span> <span class='ocrx_word' id='word_1_573' title='bbox 1132 3171 1215 3202; x_wconf 90' lang='lat' dir='ltr'><strong>sicut</strong></span> <span class='ocrx_word' id='word_1_574' title='bbox 1245 3169 1352 3202; x_wconf 88' lang='lat' dir='ltr'><strong>divina</strong></span> 
     </span>
     <span class='ocr_line' id='line_1_76' title="bbox 283 3214 1352 3256; baseline 0.002 -11"><span class='ocrx_word' id='word_1_575' title='bbox 283 3216 381 3247; x_wconf 89' lang='lat' dir='ltr'><strong>virtus</strong></span> <span class='ocrx_word' id='word_1_576' title='bbox 405 3217 640 3247; x_wconf 88' lang='lat' dir='ltr'><strong>contrariorum</strong></span> <span class='ocrx_word' id='word_1_577' title='bbox 663 3225 732 3247; x_wconf 89' lang='lat' dir='ltr'><strong>esse</strong></span> <span class='ocrx_word' id='word_1_578' title='bbox 753 3224 849 3246; x_wconf 87' lang='lat' dir='ltr'><strong>causa</strong></span> <span class='ocrx_word' id='word_1_579' title='bbox 871 3220 988 3255; x_wconf 81' lang='lat' dir='ltr'><strong>potest,</strong></span> <span class='ocrx_word' id='word_1_580' title='bbox 1008 3224 1049 3246; x_wconf 93' lang='lat' dir='ltr'><strong>eo</strong></span> <span class='ocrx_word' id='word_1_581' title='bbox 1066 3214 1156 3256; x_wconf 92' lang='lat' dir='ltr'><strong>quod</strong></span> <span class='ocrx_word' id='word_1_582' title='bbox 1177 3221 1352 3256; x_wconf 90' lang='lat' dir='ltr'><strong>utrumque</strong></span> 
     </span>
     <span class='ocr_line' id='line_1_77' title="bbox 284 3259 1351 3300; baseline 0.003 -11"><span class='ocrx_word' id='word_1_583' title='bbox 284 3260 457 3291; x_wconf 86' lang='lat' dir='ltr'><strong>virtualiter</strong></span> <span class='ocrx_word' id='word_1_584' title='bbox 479 3261 661 3297; x_wconf 88' lang='lat' dir='ltr'><strong>contineat;</strong></span> <span class='ocrx_word' id='word_1_585' title='bbox 685 3261 729 3291; x_wconf 89' lang='lat' dir='ltr'><strong>ita</strong></span> <span class='ocrx_word' id='word_1_586' title='bbox 752 3259 859 3290; x_wconf 85' lang='lat' dir='ltr'><strong>divina</strong></span> <span class='ocrx_word' id='word_1_587' title='bbox 879 3260 1034 3300; x_wconf 85' lang='lat' dir='ltr'><strong>sapientia</strong></span> <span class='ocrx_word' id='word_1_588' title='bbox 1055 3260 1280 3300; x_wconf 85' lang='lat' dir='ltr'><strong>oppositarum</strong></span> <span class='ocrx_word' id='word_1_589' title='bbox 1296 3270 1351 3292; x_wconf 90' lang='lat' dir='ltr'><strong>co-</strong></span> 
     </span>
     <span class='ocr_line' id='line_1_78' title="bbox 284 3304 1353 3345; baseline 0.001 -10"><span class='ocrx_word' id='word_1_590' title='bbox 284 3304 467 3343; x_wconf 86' lang='lat' dir='ltr'><strong>gnitionum</strong></span> <span class='ocrx_word' id='word_1_591' title='bbox 483 3314 552 3336; x_wconf 88' lang='lat' dir='ltr'><strong>esse</strong></span> <span class='ocrx_word' id='word_1_592' title='bbox 569 3314 664 3336; x_wconf 86' lang='lat' dir='ltr'><strong>causa</strong></span> <span class='ocrx_word' id='word_1_593' title='bbox 679 3304 808 3345; x_wconf 88' lang='lat' dir='ltr'><strong>poterit,</strong></span> <span class='ocrx_word' id='word_1_594' title='bbox 820 3309 976 3345; x_wconf 84' lang='lat' dir='ltr'><strong>tanquam</strong></span> <span class='ocrx_word' id='word_1_595' title='bbox 992 3310 1164 3345; x_wconf 85' lang='lat' dir='ltr'><strong>utramque</strong></span> <span class='ocrx_word' id='word_1_596' title='bbox 1179 3305 1353 3336; x_wconf 81' lang='lat' dir='ltr'><strong>virtualiter</strong></span> 
     </span>
     <span class='ocr_line' id='line_1_79' title="bbox 285 3348 1352 3390; baseline 0.002 -11"><span class='ocrx_word' id='word_1_597' title='bbox 285 3350 625 3390; x_wconf 87' lang='lat' dir='ltr'><strong>supereminenterque</strong></span> <span class='ocrx_word' id='word_1_598' title='bbox 648 3349 827 3381; x_wconf 73' lang='lat' dir='ltr'><strong>continens.</strong></span> <span class='ocrx_word' id='word_1_599' title='bbox 852 3348 968 3389; x_wconf 86' lang='lat' dir='ltr'><strong>Neque</strong></span> <span class='ocrx_word' id='word_1_600' title='bbox 991 3349 1083 3390; x_wconf 89' lang='lat' dir='ltr'><strong>sequi</strong></span> <span class='ocrx_word' id='word_1_601' title='bbox 1106 3354 1237 3390; x_wconf 87' lang='lat' dir='ltr'><strong>oportet</strong></span> <span class='ocrx_word' id='word_1_602' title='bbox 1251 3349 1352 3390; x_wconf 91' lang='lat' dir='ltr'><strong>quod,</strong></span> 
     </span>
     <span class='ocr_line' id='line_1_80' title="bbox 286 3392 1354 3435; baseline 0.004 -13"><span class='ocrx_word' id='word_1_603' title='bbox 286 3393 313 3423; x_wconf 89' lang='lat' dir='ltr'><strong>si</strong></span> <span class='ocrx_word' id='word_1_604' title='bbox 335 3402 399 3424; x_wconf 86' lang='lat' dir='ltr'><strong>una</strong></span> <span class='ocrx_word' id='word_1_605' title='bbox 422 3393 511 3425; x_wconf 90' lang='lat' dir='ltr'><strong>alteri</strong></span> <span class='ocrx_word' id='word_1_606' title='bbox 534 3394 692 3425; x_wconf 87' lang='lat' dir='ltr'><strong>contraria</strong></span> <span class='ocrx_word' id='word_1_607' title='bbox 711 3394 762 3430; x_wconf 88' lang='lat' dir='ltr'><strong>sit,</strong></span> <span class='ocrx_word' id='word_1_608' title='bbox 779 3392 870 3434; x_wconf 89' lang='lat' dir='ltr'><strong>quod</strong></span> <span class='ocrx_word' id='word_1_609' title='bbox 885 3392 1012 3424; x_wconf 90' lang='lat' dir='ltr'><strong>divinae</strong></span> <span class='ocrx_word' id='word_1_610' title='bbox 1028 3402 1162 3434; x_wconf 89' lang='lat' dir='ltr'><strong>quoque</strong></span> <span class='ocrx_word' id='word_1_611' title='bbox 1177 3394 1354 3435; x_wconf 78' lang='lat' dir='ltr'><strong>sapientiae</strong></span> 
     </span>
     <span class='ocr_line' id='line_1_81' title="bbox 286 3438 505 3470; baseline 0.009 -3"><span class='ocrx_word' id='word_1_612' title='bbox 286 3438 505 3470; x_wconf 89' lang='lat' dir='ltr'><strong>contrarietur.</strong></span> 
     </span>
    </p>

    <p class='ocr_par' dir='ltr' id='par_1_14' title="bbox 289 3481 1356 3656">
     <span class='ocr_line' id='line_1_82' title="bbox 341 3481 1354 3523; baseline 0.002 -11"><span class='ocrx_word' id='word_1_613' title='bbox 341 3481 392 3512; x_wconf 85' lang='lat' dir='ltr'><strong>Ad</strong></span> <span class='ocrx_word' id='word_1_614' title='bbox 403 3481 595 3513; x_wconf 89' lang='lat' dir='ltr'><strong>evidentiam</strong></span> <span class='ocrx_word' id='word_1_615' title='bbox 607 3483 703 3514; x_wconf 91' lang='lat' dir='ltr'><strong>huius</strong></span> <span class='ocrx_word' id='word_1_616' title='bbox 713 3481 908 3514; x_wconf 84' lang='lat' dir='ltr'><strong>difficultatis</strong></span> <span class='ocrx_word' id='word_1_617' title='bbox 923 3481 1195 3514; x_wconf 85' lang='lat' dir='ltr'><strong>considerandum</strong></span> <span class='ocrx_word' id='word_1_618' title='bbox 1207 3487 1255 3514; x_wconf 87' lang='lat' dir='ltr'><strong>est</strong></span> <span class='ocrx_word' id='word_1_619' title='bbox 1264 3482 1354 3523; x_wconf 93' lang='lat' dir='ltr'><strong>quod</strong></span> 
     </span>
     <span class='ocr_line' id='line_1_83' title="bbox 289 3526 1354 3567; baseline 0.003 -12"><span class='ocrx_word' id='word_1_620' title='bbox 289 3526 485 3557; x_wconf 86' lang='lat' dir='ltr'><strong>continentia</strong></span> <span class='ocrx_word' id='word_1_621' title='bbox 505 3526 545 3557; x_wconf 93' lang='lat' dir='ltr'><strong>de</strong></span> <span class='ocrx_word' id='word_1_622' title='bbox 568 3536 633 3567; x_wconf 93' lang='lat' dir='ltr'><strong>qua</strong></span> <span class='ocrx_word' id='word_1_623' title='bbox 655 3527 708 3558; x_wconf 86' lang='lat' dir='ltr'><strong>hic</strong></span> <span class='ocrx_word' id='word_1_624' title='bbox 723 3527 900 3567; x_wconf 85' lang='lat' dir='ltr'><strong>loquimur,</strong></span> <span class='ocrx_word' id='word_1_625' title='bbox 917 3536 984 3558; x_wconf 89' lang='lat' dir='ltr'><strong>non</strong></span> <span class='ocrx_word' id='word_1_626' title='bbox 999 3531 1057 3563; x_wconf 84' lang='lat' dir='ltr'><strong>est,</strong></span> <span class='ocrx_word' id='word_1_627' title='bbox 1074 3532 1110 3558; x_wconf 90' lang='lat' dir='ltr'><strong>ut</strong></span> <span class='ocrx_word' id='word_1_628' title='bbox 1125 3527 1190 3558; x_wconf 88' lang='lat' dir='ltr'><strong>iam</strong></span> <span class='ocrx_word' id='word_1_629' title='bbox 1205 3526 1354 3564; x_wconf 84' lang='lat' dir='ltr'><strong>diximus,</strong></span> 
     </span>
     <span class='ocr_line' id='line_1_84' title="bbox 290 3570 1356 3611; baseline 0.004 -12"><span class='ocrx_word' id='word_1_630' title='bbox 290 3570 486 3601; x_wconf 88' lang='lat' dir='ltr'><strong>continentia</strong></span> <span class='ocrx_word' id='word_1_631' title='bbox 509 3571 656 3611; x_wconf 91' lang='lat' dir='ltr'><strong>principii</strong></span> <span class='ocrx_word' id='word_1_632' title='bbox 680 3571 785 3607; x_wconf 89' lang='lat' dir='ltr'><strong>activi,</strong></span> <span class='ocrx_word' id='word_1_633' title='bbox 813 3570 870 3602; x_wconf 89' lang='lat' dir='ltr'><strong>sed</strong></span> <span class='ocrx_word' id='word_1_634' title='bbox 893 3570 1061 3602; x_wconf 80' lang='lat' dir='ltr'><strong>cuiusdam</strong></span> <span class='ocrx_word' id='word_1_635' title='bbox 1085 3570 1300 3603; x_wconf 77' lang='lat' dir='ltr'><strong>similitudinis</strong></span> <span class='ocrx_word' id='word_1_636' title='bbox 1324 3577 1356 3602; x_wconf 90' lang='lat' dir='ltr'><strong>et</strong></span> 
     </span>
     <span class='ocr_line' id='line_1_85' title="bbox 290 3614 1354 3656; baseline 0.004 -13"><span class='ocrx_word' id='word_1_637' title='bbox 290 3614 542 3651; x_wconf 88' lang='lat' dir='ltr'><strong>convenientiae,</strong></span> <span class='ocrx_word' id='word_1_638' title='bbox 566 3615 746 3647; x_wconf 89' lang='lat' dir='ltr'><strong>secundum</strong></span> <span class='ocrx_word' id='word_1_639' title='bbox 770 3615 860 3656; x_wconf 91' lang='lat' dir='ltr'><strong>quod</strong></span> <span class='ocrx_word' id='word_1_640' title='bbox 875 3615 958 3647; x_wconf 88' lang='lat' dir='ltr'><strong>duae</strong></span> <span class='ocrx_word' id='word_1_641' title='bbox 974 3616 1177 3656; x_wconf 78' lang='lat' dir='ltr'><strong>cognitiones</strong></span> <span class='ocrx_word' id='word_1_642' title='bbox 1192 3616 1225 3647; x_wconf 90' lang='lat' dir='ltr'><strong>in</strong></span> <span class='ocrx_word' id='word_1_643' title='bbox 1242 3615 1354 3648; x_wconf 86' lang='lat' dir='ltr'><strong>eadem</strong></span> 
     </span>
    </p>
   </div>
   <div class='ocr_carea' id='block_1_8' title="bbox 880 236 1866 284">
    <p class='ocr_par' dir='ltr' id='par_1_15' title="bbox 880 236 1866 284">
     <span class='ocr_line' id='line_1_86' title="bbox 880 236 1866 284; baseline -0.006 -5"><span class='ocrx_word' id='word_1_644' title='bbox 880 240 1082 279; x_wconf 51' lang='lat' dir='ltr'><strong>SUMMA.</strong></span> <span class='ocrx_word' id='word_1_645' title='bbox 1098 237 1320 276; x_wconf 85' lang='lat' dir='ltr'>CONTRA</span> <span class='ocrx_word' id='word_1_646' title='bbox 1348 236 1625 284; x_wconf 88' lang='lat' dir='ltr'><strong>GENTILES,</strong></span> <span class='ocrx_word' id='word_1_647' title='bbox 1656 236 1768 274; x_wconf 72' lang='lat' dir='ltr'><strong>CAR.</strong></span> <span class='ocrx_word' id='word_1_648' title='bbox 1788 236 1866 273; x_wconf 93' lang='lat' dir='ltr'><strong>VII.</strong></span> 
     </span>
    </p>
   </div>
   <div class='ocr_carea' id='block_1_9' title="bbox 1399 311 2483 3658">
    <p class='ocr_par' dir='ltr' id='par_1_16' title="bbox 1399 311 2476 1023">
     <span class='ocr_line' id='line_1_87' title="bbox 1402 311 2475 355; baseline -0.002 -11"><span class='ocrx_word' id='word_1_649' title='bbox 1402 314 1543 345; x_wconf 90' lang='lat' dir='ltr'><strong>veritate.</strong></span> <span class='ocrx_word' id='word_1_650' title='bbox 1565 315 1694 355; x_wconf 87' lang='lat' dir='ltr'><strong>cognita</strong></span> <span class='ocrx_word' id='word_1_651' title='bbox 1724 315 1934 346; x_wconf 83' lang='lat' dir='ltr'><strong>conveniunt.</strong></span> <span class='ocrx_word' id='word_1_652' title='bbox 1958 313 2000 344; x_wconf 86' lang='lat' dir='ltr'><strong>Et</strong></span> <span class='ocrx_word' id='word_1_653' title='bbox 2026 313 2104 353; x_wconf 86' lang='lat' dir='ltr'><strong>quia</strong></span> <span class='ocrx_word' id='word_1_654' title='bbox 2126 321 2192 343; x_wconf 93' lang='lat' dir='ltr'><strong>una</strong></span> <span class='ocrx_word' id='word_1_655' title='bbox 2214 311 2358 352; x_wconf 82' lang='lat' dir='ltr'><strong>cognitio</strong></span> <span class='ocrx_word' id='word_1_656' title='bbox 2385 311 2475 343; x_wconf 85' lang='lat' dir='ltr'><strong>alteri</strong></span> 
     </span>
     <span class='ocr_line' id='line_1_88' title="bbox 1401 356 2476 400; baseline -0.002 -11"><span class='ocrx_word' id='word_1_657' title='bbox 1401 368 1471 390; x_wconf 92' lang='lat' dir='ltr'><strong>non</strong></span> <span class='ocrx_word' id='word_1_658' title='bbox 1490 360 1700 390; x_wconf 89' lang='lat' dir='ltr'><strong>contrariatur</strong></span> <span class='ocrx_word' id='word_1_659' title='bbox 1722 359 1784 390; x_wconf 87' lang='lat' dir='ltr'><strong>nisi</strong></span> <span class='ocrx_word' id='word_1_660' title='bbox 1807 359 1884 400; x_wconf 88' lang='lat' dir='ltr'><strong>quia</strong></span> <span class='ocrx_word' id='word_1_661' title='bbox 1906 357 1947 389; x_wconf 90' lang='lat' dir='ltr'><strong>ad</strong></span> <span class='ocrx_word' id='word_1_662' title='bbox 1969 358 2121 398; x_wconf 91' lang='lat' dir='ltr'><strong>opposita</strong></span> <span class='ocrx_word' id='word_1_663' title='bbox 2136 356 2346 389; x_wconf 77' lang='lat' dir='ltr'><strong>enuntiabilia</strong></span> <span class='ocrx_word' id='word_1_664' title='bbox 2366 357 2476 387; x_wconf 87' lang='lat' dir='ltr'><strong>termi-</strong></span> 
     </span>
     <span class='ocr_line' id='line_1_89' title="bbox 1401 401 2475 444; baseline -0.002 -11"><span class='ocrx_word' id='word_1_665' title='bbox 1401 408 1529 439; x_wconf 89' lang='lat' dir='ltr'><strong>nantur,</strong></span> <span class='ocrx_word' id='word_1_666' title='bbox 1553 404 1636 434; x_wconf 88' lang='lat' dir='ltr'><strong>sicut</strong></span> <span class='ocrx_word' id='word_1_667' title='bbox 1655 404 1800 444; x_wconf 90' lang='lat' dir='ltr'><strong>cognitio</strong></span> <span class='ocrx_word' id='word_1_668' title='bbox 1817 413 1882 444; x_wconf 88' lang='lat' dir='ltr'><strong>qua</strong></span> <span class='ocrx_word' id='word_1_669' title='bbox 1905 403 2102 434; x_wconf 87' lang='lat' dir='ltr'><strong>existimatur</strong></span> <span class='ocrx_word' id='word_1_670' title='bbox 2125 401 2296 432; x_wconf 86' lang='lat' dir='ltr'><strong>hominem</strong></span> <span class='ocrx_word' id='word_1_671' title='bbox 2319 410 2388 432; x_wconf 88' lang='lat' dir='ltr'><strong>esse</strong></span> <span class='ocrx_word' id='word_1_672' title='bbox 2405 401 2475 432; x_wconf 90' lang='lat' dir='ltr'><strong>risi-</strong></span> 
     </span>
     <span class='ocr_line' id='line_1_90' title="bbox 1402 445 2475 489; baseline -0.002 -11"><span class='ocrx_word' id='word_1_673' title='bbox 1402 448 1511 484; x_wconf 88' lang='lat' dir='ltr'><strong>bilem,</strong></span> <span class='ocrx_word' id='word_1_674' title='bbox 1529 448 1740 479; x_wconf 84' lang='lat' dir='ltr'><strong>contrariatur</strong></span> <span class='ocrx_word' id='word_1_675' title='bbox 1762 448 1793 479; x_wconf 87' lang='lat' dir='ltr'><strong>ei</strong></span> <span class='ocrx_word' id='word_1_676' title='bbox 1815 457 1880 489; x_wconf 91' lang='lat' dir='ltr'><strong>qua</strong></span> <span class='ocrx_word' id='word_1_677' title='bbox 1904 447 2102 478; x_wconf 86' lang='lat' dir='ltr'><strong>existimatur</strong></span> <span class='ocrx_word' id='word_1_678' title='bbox 2124 445 2295 478; x_wconf 83' lang='lat' dir='ltr'><strong>hominem</strong></span> <span class='ocrx_word' id='word_1_679' title='bbox 2317 454 2387 477; x_wconf 86' lang='lat' dir='ltr'><strong>non</strong></span> <span class='ocrx_word' id='word_1_680' title='bbox 2406 455 2475 476; x_wconf 85' lang='lat' dir='ltr'><strong>esse</strong></span> 
     </span>
     <span class='ocr_line' id='line_1_91' title="bbox 1401 490 2476 533; baseline -0.001 -11"><span class='ocrx_word' id='word_1_681' title='bbox 1401 492 1570 528; x_wconf 89' lang='lat' dir='ltr'><strong>risibilem;</strong></span> <span class='ocrx_word' id='word_1_682' title='bbox 1600 491 1687 529; x_wconf 91' lang='lat' dir='ltr'><strong>ideo,</strong></span> <span class='ocrx_word' id='word_1_683' title='bbox 1715 493 1742 524; x_wconf 88' lang='lat' dir='ltr'><strong>si</strong></span> <span class='ocrx_word' id='word_1_684' title='bbox 1770 501 1837 523; x_wconf 93' lang='lat' dir='ltr'><strong>una</strong></span> <span class='ocrx_word' id='word_1_685' title='bbox 1865 492 2009 533; x_wconf 86' lang='lat' dir='ltr'><strong>cognitio</strong></span> <span class='ocrx_word' id='word_1_686' title='bbox 2038 490 2128 522; x_wconf 90' lang='lat' dir='ltr'><strong>alteri</strong></span> <span class='ocrx_word' id='word_1_687' title='bbox 2158 490 2385 527; x_wconf 83' lang='lat' dir='ltr'><strong>contrariatur,</strong></span> <span class='ocrx_word' id='word_1_688' title='bbox 2416 491 2476 521; x_wconf 92' lang='lat' dir='ltr'><strong>erit</strong></span> 
     </span>
     <span class='ocr_line' id='line_1_92' title="bbox 1402 535 2476 577; baseline -0.002 -10"><span class='ocrx_word' id='word_1_689' title='bbox 1402 537 1499 567; x_wconf 90' lang='lat' dir='ltr'><strong>etiam</strong></span> <span class='ocrx_word' id='word_1_690' title='bbox 1522 537 1682 567; x_wconf 84' lang='lat' dir='ltr'><strong>contraria</strong></span> <span class='ocrx_word' id='word_1_691' title='bbox 1704 537 1734 567; x_wconf 92' lang='lat' dir='ltr'><strong>ei</strong></span> <span class='ocrx_word' id='word_1_692' title='bbox 1761 545 1845 577; x_wconf 91' lang='lat' dir='ltr'><strong>quae</strong></span> <span class='ocrx_word' id='word_1_693' title='bbox 1870 536 1917 568; x_wconf 92' lang='lat' dir='ltr'><strong>illi</strong></span> <span class='ocrx_word' id='word_1_694' title='bbox 1944 536 2056 568; x_wconf 86' lang='lat' dir='ltr'><strong>similis</strong></span> <span class='ocrx_word' id='word_1_695' title='bbox 2082 540 2140 571; x_wconf 89' lang='lat' dir='ltr'><strong>est,</strong></span> <span class='ocrx_word' id='word_1_696' title='bbox 2165 539 2280 575; x_wconf 88' lang='lat' dir='ltr'><strong>utpote</strong></span> <span class='ocrx_word' id='word_1_697' title='bbox 2303 544 2380 566; x_wconf 90' lang='lat' dir='ltr'><strong>cum</strong></span> <span class='ocrx_word' id='word_1_698' title='bbox 2405 535 2476 575; x_wconf 88' lang='lat' dir='ltr'><strong>ipsa</strong></span> 
     </span>
     <span class='ocr_line' id='line_1_93' title="bbox 1401 580 2476 621; baseline -0.001 -10"><span class='ocrx_word' id='word_1_699' title='bbox 1401 582 1435 611; x_wconf 95' lang='lat' dir='ltr'><strong>in</strong></span> <span class='ocrx_word' id='word_1_700' title='bbox 1451 581 1581 611; x_wconf 87' lang='lat' dir='ltr'><strong>obiecto</strong></span> <span class='ocrx_word' id='word_1_701' title='bbox 1598 581 1730 621; x_wconf 88' lang='lat' dir='ltr'><strong>cognito</strong></span> <span class='ocrx_word' id='word_1_702' title='bbox 1747 582 1955 612; x_wconf 84' lang='lat' dir='ltr'><strong>conveniens.</strong></span> <span class='ocrx_word' id='word_1_703' title='bbox 1980 581 2038 612; x_wconf 92' lang='lat' dir='ltr'><strong>Illa</strong></span> <span class='ocrx_word' id='word_1_704' title='bbox 2052 580 2141 612; x_wconf 83' lang='lat' dir='ltr'><strong>enim</strong></span> <span class='ocrx_word' id='word_1_705' title='bbox 2156 588 2241 620; x_wconf 85' lang='lat' dir='ltr'><strong>quae</strong></span> <span class='ocrx_word' id='word_1_706' title='bbox 2264 580 2476 610; x_wconf 88' lang='lat' dir='ltr'><strong>contrariatur</strong></span> 
     </span>
     <span class='ocr_line' id='line_1_94' title="bbox 1401 624 2476 667; baseline -0.001 -11"><span class='ocrx_word' id='word_1_707' title='bbox 1401 626 1478 656; x_wconf 88' lang='lat' dir='ltr'><strong>huic</strong></span> <span class='ocrx_word' id='word_1_708' title='bbox 1493 625 1655 656; x_wconf 90' lang='lat' dir='ltr'><strong>humanae</strong></span> <span class='ocrx_word' id='word_1_709' title='bbox 1678 626 1868 667; x_wconf 80' lang='lat' dir='ltr'><strong>cognitioni,</strong></span> <span class='ocrx_word' id='word_1_710' title='bbox 1892 625 2004 656; x_wconf 87' lang='lat' dir='ltr'><strong>Homo</strong></span> <span class='ocrx_word' id='word_1_711' title='bbox 2029 631 2076 656; x_wconf 86' lang='lat' dir='ltr'><strong>est</strong></span> <span class='ocrx_word' id='word_1_712' title='bbox 2099 625 2245 661; x_wconf 83' lang='lat' dir='ltr'><strong>risibilis,</strong></span> <span class='ocrx_word' id='word_1_713' title='bbox 2269 624 2362 655; x_wconf 90' lang='lat' dir='ltr'><strong>omni</strong></span> <span class='ocrx_word' id='word_1_714' title='bbox 2385 624 2476 655; x_wconf 90' lang='lat' dir='ltr'><strong>alteri</strong></span> 
     </span>
     <span class='ocr_line' id='line_1_95' title="bbox 1401 669 2476 710; baseline 0 -10"><span class='ocrx_word' id='word_1_715' title='bbox 1401 669 1582 710; x_wconf 87' lang='lat' dir='ltr'><strong>cognitioni</strong></span> <span class='ocrx_word' id='word_1_716' title='bbox 1608 670 1676 700; x_wconf 89' lang='lat' dir='ltr'><strong>sive</strong></span> <span class='ocrx_word' id='word_1_717' title='bbox 1698 670 1863 710; x_wconf 91' lang='lat' dir='ltr'><strong>angelicae</strong></span> <span class='ocrx_word' id='word_1_718' title='bbox 1889 671 1956 701; x_wconf 91' lang='lat' dir='ltr'><strong>sive</strong></span> <span class='ocrx_word' id='word_1_719' title='bbox 1982 671 2144 701; x_wconf 89' lang='lat' dir='ltr'><strong>humanae</strong></span> <span class='ocrx_word' id='word_1_720' title='bbox 2171 670 2383 700; x_wconf 89' lang='lat' dir='ltr'><strong>contrariatur</strong></span> <span class='ocrx_word' id='word_1_721' title='bbox 2410 679 2476 710; x_wconf 89' lang='lat' dir='ltr'><strong>qua</strong></span> 
     </span>
     <span class='ocr_line' id='line_1_96' title="bbox 1401 714 2476 755; baseline 0.001 -11"><span class='ocrx_word' id='word_1_722' title='bbox 1401 714 1609 754; x_wconf 87' lang='lat' dir='ltr'><strong>cognoscitur</strong></span> <span class='ocrx_word' id='word_1_723' title='bbox 1631 715 1734 745; x_wconf 88' lang='lat' dir='ltr'><strong>homo</strong></span> <span class='ocrx_word' id='word_1_724' title='bbox 1757 723 1826 745; x_wconf 91' lang='lat' dir='ltr'><strong>esse</strong></span> <span class='ocrx_word' id='word_1_725' title='bbox 1844 714 1981 745; x_wconf 87' lang='lat' dir='ltr'><strong>risibilis.</strong></span> <span class='ocrx_word' id='word_1_726' title='bbox 1998 714 2088 745; x_wconf 91' lang='lat' dir='ltr'><strong>Bene</strong></span> <span class='ocrx_word' id='word_1_727' title='bbox 2103 723 2181 755; x_wconf 89' lang='lat' dir='ltr'><strong>ergo</strong></span> <span class='ocrx_word' id='word_1_728' title='bbox 2200 714 2285 745; x_wconf 91' lang='lat' dir='ltr'><strong>valet</strong></span> <span class='ocrx_word' id='word_1_729' title='bbox 2299 714 2380 745; x_wconf 84' lang='lat' dir='ltr'><strong>haec</strong></span> <span class='ocrx_word' id='word_1_730' title='bbox 2396 723 2476 745; x_wconf 88' lang='lat' dir='ltr'><strong>con-</strong></span> 
     </span>
     <span class='ocr_line' id='line_1_97' title="bbox 1400 759 2475 800; baseline 0.001 -11"><span class='ocrx_word' id='word_1_731' title='bbox 1400 759 1583 799; x_wconf 81' lang='lat' dir='ltr'><strong>sequentia:</strong></span> <span class='ocrx_word' id='word_1_732' title='bbox 1600 759 1719 790; x_wconf 91' lang='lat' dir='ltr'><strong>Divina</strong></span> <span class='ocrx_word' id='word_1_733' title='bbox 1732 759 1889 800; x_wconf 87' lang='lat' dir='ltr'><strong>sapientia</strong></span> <span class='ocrx_word' id='word_1_734' title='bbox 1908 759 2143 800; x_wconf 89' lang='lat' dir='ltr'><strong>principiorum</strong></span> <span class='ocrx_word' id='word_1_735' title='bbox 2158 759 2382 800; x_wconf 83' lang='lat' dir='ltr'><strong>cognitionem</strong></span> <span class='ocrx_word' id='word_1_736' title='bbox 2397 768 2475 790; x_wconf 92' lang='lat' dir='ltr'><strong>con-</strong></span> 
     </span>
     <span class='ocr_line' id='line_1_98' title="bbox 1400 803 2474 844; baseline 0.001 -10"><span class='ocrx_word' id='word_1_737' title='bbox 1400 804 1491 840; x_wconf 87' lang='lat' dir='ltr'><strong>tinet,</strong></span> <span class='ocrx_word' id='word_1_738' title='bbox 1503 803 1591 844; x_wconf 89' lang='lat' dir='ltr'><strong>Ergo</strong></span> <span class='ocrx_word' id='word_1_739' title='bbox 1607 803 1763 844; x_wconf 89' lang='lat' dir='ltr'><strong>cognitio,</strong></span> <span class='ocrx_word' id='word_1_740' title='bbox 1776 812 1842 844; x_wconf 89' lang='lat' dir='ltr'><strong>qua</strong></span> <span class='ocrx_word' id='word_1_741' title='bbox 1857 803 2038 843; x_wconf 89' lang='lat' dir='ltr'><strong>cognitioni</strong></span> <span class='ocrx_word' id='word_1_742' title='bbox 2052 803 2289 844; x_wconf 88' lang='lat' dir='ltr'><strong>principiorum</strong></span> <span class='ocrx_word' id='word_1_743' title='bbox 2305 804 2474 840; x_wconf 86' lang='lat' dir='ltr'><strong>contraria,</strong></span> 
     </span>
     <span class='ocr_line' id='line_1_99' title="bbox 1400 847 2475 889; baseline 0.001 -11"><span class='ocrx_word' id='word_1_744' title='bbox 1400 847 1528 879; x_wconf 86' lang='lat' dir='ltr'><strong>divinae</strong></span> <span class='ocrx_word' id='word_1_745' title='bbox 1544 857 1680 889; x_wconf 93' lang='lat' dir='ltr'><strong>quoque</strong></span> <span class='ocrx_word' id='word_1_746' title='bbox 1695 848 1871 889; x_wconf 89' lang='lat' dir='ltr'><strong>sapientiae</strong></span> <span class='ocrx_word' id='word_1_747' title='bbox 1887 847 2047 878; x_wconf 87' lang='lat' dir='ltr'><strong>contraria</strong></span> <span class='ocrx_word' id='word_1_748' title='bbox 2065 853 2130 884; x_wconf 87' lang='lat' dir='ltr'><strong>est;</strong></span> <span class='ocrx_word' id='word_1_749' title='bbox 2155 857 2196 879; x_wconf 91' lang='lat' dir='ltr'><strong>eo</strong></span> <span class='ocrx_word' id='word_1_750' title='bbox 2212 847 2304 889; x_wconf 90' lang='lat' dir='ltr'><strong>quod</strong></span> <span class='ocrx_word' id='word_1_751' title='bbox 2317 858 2377 889; x_wconf 92' lang='lat' dir='ltr'><strong>per</strong></span> <span class='ocrx_word' id='word_1_752' title='bbox 2391 848 2475 879; x_wconf 88' lang='lat' dir='ltr'><strong>hanc</strong></span> 
     </span>
     <span class='ocr_line' id='line_1_100' title="bbox 1401 892 2476 933; baseline 0 -9"><span class='ocrx_word' id='word_1_753' title='bbox 1401 893 1636 924; x_wconf 88' lang='lat' dir='ltr'><strong>continentiam</strong></span> <span class='ocrx_word' id='word_1_754' title='bbox 1658 893 1740 924; x_wconf 92' lang='lat' dir='ltr'><strong>nihil</strong></span> <span class='ocrx_word' id='word_1_755' title='bbox 1762 892 1851 924; x_wconf 90' lang='lat' dir='ltr'><strong>aliud</strong></span> <span class='ocrx_word' id='word_1_756' title='bbox 1875 892 2072 933; x_wconf 86' lang='lat' dir='ltr'><strong>intelligatur</strong></span> <span class='ocrx_word' id='word_1_757' title='bbox 2098 892 2161 923; x_wconf 92' lang='lat' dir='ltr'><strong>nisi</strong></span> <span class='ocrx_word' id='word_1_758' title='bbox 2188 893 2416 924; x_wconf 90' lang='lat' dir='ltr'><strong>convenientia</strong></span> <span class='ocrx_word' id='word_1_759' title='bbox 2441 894 2476 924; x_wconf 92' lang='lat' dir='ltr'><strong>in</strong></span> 
     </span>
     <span class='ocr_line' id='line_1_101' title="bbox 1401 937 2476 979; baseline 0 -11"><span class='ocrx_word' id='word_1_760' title='bbox 1401 947 1439 968; x_wconf 87' lang='lat' dir='ltr'><strong>ea</strong></span> <span class='ocrx_word' id='word_1_761' title='bbox 1468 938 1600 968; x_wconf 90' lang='lat' dir='ltr'><strong>veritate</strong></span> <span class='ocrx_word' id='word_1_762' title='bbox 1629 938 1763 978; x_wconf 84' lang='lat' dir='ltr'><strong>cognita</strong></span> <span class='ocrx_word' id='word_1_763' title='bbox 1786 947 1846 979; x_wconf 89' lang='lat' dir='ltr'><strong>per</strong></span> <span class='ocrx_word' id='word_1_764' title='bbox 1876 937 2018 968; x_wconf 88' lang='lat' dir='ltr'><strong>divinam</strong></span> <span class='ocrx_word' id='word_1_765' title='bbox 2048 937 2239 978; x_wconf 89' lang='lat' dir='ltr'><strong>sapientiam</strong></span> <span class='ocrx_word' id='word_1_766' title='bbox 2269 943 2300 968; x_wconf 91' lang='lat' dir='ltr'><strong>et</strong></span> <span class='ocrx_word' id='word_1_767' title='bbox 2326 938 2476 968; x_wconf 89' lang='lat' dir='ltr'><strong>notitiam</strong></span> 
     </span>
     <span class='ocr_line' id='line_1_102' title="bbox 1399 982 1647 1023; baseline 0.004 -10"><span class='ocrx_word' id='word_1_768' title='bbox 1399 982 1647 1023; x_wconf 90' lang='lat' dir='ltr'><strong>principiorum.</strong></span> 
     </span>
    </p>

    <p class='ocr_par' dir='ltr' id='par_1_17' title="bbox 1399 1025 2478 1650">
     <span class='ocr_line' id='line_1_103' title="bbox 1455 1025 2475 1067; baseline -0.002 -9"><span class='ocrx_word' id='word_1_769' title='bbox 1455 1026 1508 1058; x_wconf 90' lang='lat' dir='ltr'><strong>Ad</strong></span> <span class='ocrx_word' id='word_1_770' title='bbox 1531 1027 1716 1058; x_wconf 87' lang='lat' dir='ltr'><strong>instantiam</strong></span> <span class='ocrx_word' id='word_1_771' title='bbox 1739 1031 1849 1058; x_wconf 89' lang='lat' dir='ltr'><strong>autem</strong></span> <span class='ocrx_word' id='word_1_772' title='bbox 1871 1025 1988 1057; x_wconf 90' lang='lat' dir='ltr'><strong>dicitur</strong></span> <span class='ocrx_word' id='word_1_773' title='bbox 2012 1025 2104 1067; x_wconf 93' lang='lat' dir='ltr'><strong>quod</strong></span> <span class='ocrx_word' id='word_1_774' title='bbox 2126 1034 2196 1056; x_wconf 92' lang='lat' dir='ltr'><strong>non</strong></span> <span class='ocrx_word' id='word_1_775' title='bbox 2219 1030 2267 1056; x_wconf 89' lang='lat' dir='ltr'><strong>est</strong></span> <span class='ocrx_word' id='word_1_776' title='bbox 2288 1025 2409 1056; x_wconf 89' lang='lat' dir='ltr'><strong>simile:</strong></span> <span class='ocrx_word' id='word_1_777' title='bbox 2434 1034 2475 1056; x_wconf 91' lang='lat' dir='ltr'><strong>eo</strong></span> 
     </span>
     <span class='ocr_line' id='line_1_104' title="bbox 1400 1070 2476 1113; baseline 0 -12"><span class='ocrx_word' id='word_1_778' title='bbox 1400 1071 1491 1112; x_wconf 93' lang='lat' dir='ltr'><strong>quod</strong></span> <span class='ocrx_word' id='word_1_779' title='bbox 1513 1072 1558 1102; x_wconf 94' lang='lat' dir='ltr'><strong>ibi</strong></span> <span class='ocrx_word' id='word_1_780' title='bbox 1577 1077 1728 1113; x_wconf 88' lang='lat' dir='ltr'><strong>arguatur</strong></span> <span class='ocrx_word' id='word_1_781' title='bbox 1750 1072 1785 1102; x_wconf 93' lang='lat' dir='ltr'><strong>in</strong></span> <span class='ocrx_word' id='word_1_782' title='bbox 1804 1071 2005 1102; x_wconf 81' lang='lat' dir='ltr'><strong>continenn&#39;a</strong></span> <span class='ocrx_word' id='word_1_783' title='bbox 2026 1070 2153 1102; x_wconf 87' lang='lat' dir='ltr'><strong>virtuali</strong></span> <span class='ocrx_word' id='word_1_784' title='bbox 2176 1075 2303 1101; x_wconf 84' lang='lat' dir='ltr'><strong>tantum</strong></span> <span class='ocrx_word' id='word_1_785' title='bbox 2325 1070 2476 1111; x_wconf 88' lang='lat' dir='ltr'><strong>principii</strong></span> 
     </span>
     <span class='ocr_line' id='line_1_105' title="bbox 1400 1114 2476 1157; baseline 0 -11"><span class='ocrx_word' id='word_1_786' title='bbox 1400 1116 1506 1152; x_wconf 84' lang='lat' dir='ltr'><strong>activi,</strong></span> <span class='ocrx_word' id='word_1_787' title='bbox 1523 1116 1705 1148; x_wconf 90' lang='lat' dir='ltr'><strong>secundum</strong></span> <span class='ocrx_word' id='word_1_788' title='bbox 1723 1125 1824 1157; x_wconf 89' lang='lat' dir='ltr'><strong>quam</strong></span> <span class='ocrx_word' id='word_1_789' title='bbox 1838 1115 1926 1147; x_wconf 89' lang='lat' dir='ltr'><strong>idem</strong></span> <span class='ocrx_word' id='word_1_790' title='bbox 1942 1115 2101 1147; x_wconf 88' lang='lat' dir='ltr'><strong>contraria</strong></span> <span class='ocrx_word' id='word_1_791' title='bbox 2116 1114 2297 1146; x_wconf 88' lang='lat' dir='ltr'><strong>eminenter</strong></span> <span class='ocrx_word' id='word_1_792' title='bbox 2307 1114 2476 1146; x_wconf 88' lang='lat' dir='ltr'><strong>continere</strong></span> 
     </span>
     <span class='ocr_line' id='line_1_106' title="bbox 1399 1159 2478 1202; baseline -0.002 -10"><span class='ocrx_word' id='word_1_793' title='bbox 1399 1166 1522 1202; x_wconf 81' lang='lat' dir='ltr'><strong>potest3</strong></span> <span class='ocrx_word' id='word_1_794' title='bbox 1545 1161 1599 1192; x_wconf 90' lang='lat' dir='ltr'><strong>hic</strong></span> <span class='ocrx_word' id='word_1_795' title='bbox 1622 1166 1732 1192; x_wconf 90' lang='lat' dir='ltr'><strong>autem</strong></span> <span class='ocrx_word' id='word_1_796' title='bbox 1753 1161 1923 1201; x_wconf 89' lang='lat' dir='ltr'><strong>loquimur</strong></span> <span class='ocrx_word' id='word_1_797' title='bbox 1945 1159 1986 1191; x_wconf 90' lang='lat' dir='ltr'><strong>de</strong></span> <span class='ocrx_word' id='word_1_798' title='bbox 2010 1160 2210 1191; x_wconf 86' lang='lat' dir='ltr'><strong>continentia</strong></span> <span class='ocrx_word' id='word_1_799' title='bbox 2233 1159 2331 1191; x_wconf 86' lang='lat' dir='ltr'><strong>etiam</strong></span> <span class='ocrx_word' id='word_1_800' title='bbox 2344 1159 2478 1201; x_wconf 77' lang='lat' dir='ltr'><strong>propria</strong></span> 
     </span>
     <span class='ocr_line' id='line_1_107' title="bbox 1401 1203 2476 1247; baseline -0.001 -10"><span class='ocrx_word' id='word_1_801' title='bbox 1401 1206 1563 1242; x_wconf 89' lang='lat' dir='ltr'><strong>scientiae,</strong></span> <span class='ocrx_word' id='word_1_802' title='bbox 1580 1215 1663 1247; x_wconf 87' lang='lat' dir='ltr'><strong>quae</strong></span> <span class='ocrx_word' id='word_1_803' title='bbox 1677 1211 1726 1237; x_wconf 90' lang='lat' dir='ltr'><strong>est</strong></span> <span class='ocrx_word' id='word_1_804' title='bbox 1747 1203 1988 1247; x_wconf 83' lang='lat' dir='ltr'><strong>perfectionalis</strong></span> <span class='ocrx_word' id='word_1_805' title='bbox 2011 1210 2044 1236; x_wconf 94' lang='lat' dir='ltr'><strong>et</strong></span> <span class='ocrx_word' id='word_1_806' title='bbox 2066 1203 2237 1236; x_wconf 88' lang='lat' dir='ltr'><strong>cuiusdam</strong></span> <span class='ocrx_word' id='word_1_807' title='bbox 2258 1203 2476 1236; x_wconf 77' lang='lat' dir='ltr'><strong>similitudinis</strong></span> 
     </span>
     <span class='ocr_line' id='line_1_108' title="bbox 1400 1247 2477 1287; baseline -0.001 -5"><span class='ocrx_word' id='word_1_808' title='bbox 1400 1260 1438 1282; x_wconf 91' lang='lat' dir='ltr'><strong>ac</strong></span> <span class='ocrx_word' id='word_1_809' title='bbox 1461 1251 1593 1282; x_wconf 88' lang='lat' dir='ltr'><strong>unitatis</strong></span> <span class='ocrx_word' id='word_1_810' title='bbox 1615 1256 1648 1281; x_wconf 90' lang='lat' dir='ltr'><strong>et</strong></span> <span class='ocrx_word' id='word_1_811' title='bbox 1669 1250 1915 1282; x_wconf 87' lang='lat' dir='ltr'><strong>convenientiae</strong></span> <span class='ocrx_word' id='word_1_812' title='bbox 1930 1250 1965 1281; x_wconf 89' lang='lat' dir='ltr'><strong>in</strong></span> <span class='ocrx_word' id='word_1_813' title='bbox 1984 1249 2103 1281; x_wconf 92' lang='lat' dir='ltr'><strong>eodem</strong></span> <span class='ocrx_word' id='word_1_814' title='bbox 2125 1249 2268 1287; x_wconf 86' lang='lat' dir='ltr'><strong>obiecto,</strong></span> <span class='ocrx_word' id='word_1_815' title='bbox 2294 1247 2477 1286; x_wconf 85' lang='lat' dir='ltr'><strong>secundum</strong></span> 
     </span>
     <span class='ocr_line' id='line_1_109' title="bbox 1401 1295 2476 1337; baseline -0.001 -11"><span class='ocrx_word' id='word_1_816' title='bbox 1401 1305 1501 1337; x_wconf 92' lang='lat' dir='ltr'><strong>quam</strong></span> <span class='ocrx_word' id='word_1_817' title='bbox 1523 1305 1590 1326; x_wconf 87' lang='lat' dir='ltr'><strong>una</strong></span> <span class='ocrx_word' id='word_1_818' title='bbox 1611 1296 1727 1327; x_wconf 88' lang='lat' dir='ltr'><strong>notitia</strong></span> <span class='ocrx_word' id='word_1_819' title='bbox 1750 1295 1917 1336; x_wconf 89' lang='lat' dir='ltr'><strong>oppositas</strong></span> <span class='ocrx_word' id='word_1_820' title='bbox 1939 1295 2070 1327; x_wconf 84' lang='lat' dir='ltr'><strong>notitias</strong></span> <span class='ocrx_word' id='word_1_821' title='bbox 2086 1295 2254 1326; x_wconf 90' lang='lat' dir='ltr'><strong>continere</strong></span> <span class='ocrx_word' id='word_1_822' title='bbox 2268 1303 2338 1326; x_wconf 91' lang='lat' dir='ltr'><strong>non</strong></span> <span class='ocrx_word' id='word_1_823' title='bbox 2352 1297 2476 1336; x_wconf 81' lang='lat' dir='ltr'><strong>potest;</strong></span> 
     </span>
     <span class='ocr_line' id='line_1_110' title="bbox 1400 1337 2477 1382; baseline -0.002 -10"><span class='ocrx_word' id='word_1_824' title='bbox 1400 1341 1476 1372; x_wconf 90' lang='lat' dir='ltr'><strong>licet</strong></span> <span class='ocrx_word' id='word_1_825' title='bbox 1505 1341 1604 1371; x_wconf 88' lang='lat' dir='ltr'><strong>etiam</strong></span> <span class='ocrx_word' id='word_1_826' title='bbox 1630 1339 1738 1372; x_wconf 87' lang='lat' dir='ltr'><strong>divina</strong></span> <span class='ocrx_word' id='word_1_827' title='bbox 1764 1339 1920 1382; x_wconf 88' lang='lat' dir='ltr'><strong>sapientia</strong></span> <span class='ocrx_word' id='word_1_828' title='bbox 1946 1345 2076 1371; x_wconf 88' lang='lat' dir='ltr'><strong>nostrae</strong></span> <span class='ocrx_word' id='word_1_829' title='bbox 2102 1339 2299 1380; x_wconf 89' lang='lat' dir='ltr'><strong>cognitionis</strong></span> <span class='ocrx_word' id='word_1_830' title='bbox 2324 1337 2477 1370; x_wconf 82' lang='lat' dir='ltr'><strong>naturalis</strong></span> 
     </span>
     <span class='ocr_line' id='line_1_111' title="bbox 1402 1383 2477 1424; baseline -0.001 -8"><span class='ocrx_word' id='word_1_831' title='bbox 1402 1395 1498 1417; x_wconf 89' lang='lat' dir='ltr'><strong>causa</strong></span> <span class='ocrx_word' id='word_1_832' title='bbox 1521 1385 1571 1416; x_wconf 86' lang='lat' dir='ltr'><strong>sit.</strong></span> <span class='ocrx_word' id='word_1_833' title='bbox 1592 1403 1615 1408; x_wconf 92' lang='lat'>-</span> <span class='ocrx_word' id='word_1_834' title='bbox 1638 1384 1740 1424; x_wconf 90' lang='lat' dir='ltr'><strong>Quod</strong></span> <span class='ocrx_word' id='word_1_835' title='bbox 1763 1390 1873 1420; x_wconf 86' lang='lat' dir='ltr'><strong>autem</strong></span> <span class='ocrx_word' id='word_1_836' title='bbox 1897 1383 2014 1416; x_wconf 90' lang='lat' dir='ltr'><strong>dicitur</strong></span> <span class='ocrx_word' id='word_1_837' title='bbox 2043 1384 2178 1416; x_wconf 84' lang='lat' dir='ltr'><strong>eandem</strong></span> <span class='ocrx_word' id='word_1_838' title='bbox 2207 1393 2277 1415; x_wconf 84' lang='lat' dir='ltr'><strong>esse</strong></span> <span class='ocrx_word' id='word_1_839' title='bbox 2307 1383 2477 1415; x_wconf 77' lang='lat' dir='ltr'><strong>scientiam</strong></span> 
     </span>
     <span class='ocr_line' id='line_1_112' title="bbox 1402 1426 2478 1472; baseline -0.001 -11"><span class='ocrx_word' id='word_1_840' title='bbox 1402 1430 1625 1472; x_wconf 78' lang='lat' dir='ltr'><strong>oppositorum</strong></span> <span class='ocrx_word' id='word_1_841' title='bbox 1637 1431 1665 1466; x_wconf 72' lang='lat'><strong>*,</strong></span> <span class='ocrx_word' id='word_1_842' title='bbox 1689 1429 1888 1471; x_wconf 87' lang='lat' dir='ltr'><strong>intelligitur,</strong></span> <span class='ocrx_word' id='word_1_843' title='bbox 1905 1435 2066 1471; x_wconf 88' lang='lat' dir='ltr'><strong>quantum</strong></span> <span class='ocrx_word' id='word_1_844' title='bbox 2089 1428 2130 1461; x_wconf 92' lang='lat' dir='ltr'><strong>ad</strong></span> <span class='ocrx_word' id='word_1_845' title='bbox 2151 1429 2368 1470; x_wconf 76' lang='lat' dir='ltr'><strong>incomplen,</strong></span> <span class='ocrx_word' id='word_1_846' title='bbox 2385 1426 2478 1470; x_wconf 88' lang='lat' dir='ltr'><strong>quod</strong></span> 
     </span>
     <span class='ocr_line' id='line_1_113' title="bbox 1402 1473 2477 1516; baseline 0 -10"><span class='ocrx_word' id='word_1_847' title='bbox 1402 1475 1442 1507; x_wconf 92' lang='lat' dir='ltr'><strong>ad</strong></span> <span class='ocrx_word' id='word_1_848' title='bbox 1465 1474 1602 1506; x_wconf 86' lang='lat' dir='ltr'><strong>eandem</strong></span> <span class='ocrx_word' id='word_1_849' title='bbox 1625 1475 1792 1506; x_wconf 87' lang='lat' dir='ltr'><strong>scientiam</strong></span> <span class='ocrx_word' id='word_1_850' title='bbox 1814 1475 1985 1516; x_wconf 76' lang='lat' dir='ltr'><strong>utriusque</strong></span> <span class='ocrx_word' id='word_1_851' title='bbox 2008 1475 2238 1516; x_wconf 88' lang='lat' dir='ltr'><strong>oppositorum</strong></span> <span class='ocrx_word' id='word_1_852' title='bbox 2260 1473 2477 1506; x_wconf 74' lang='lat' dir='ltr'><strong>consideratio</strong></span> 
     </span>
     <span class='ocr_line' id='line_1_114' title="bbox 1401 1519 2478 1562; baseline 0 -11"><span class='ocrx_word' id='word_1_853' title='bbox 1401 1525 1535 1562; x_wconf 89' lang='lat' dir='ltr'><strong>spectat,</strong></span> <span class='ocrx_word' id='word_1_854' title='bbox 1562 1519 1646 1550; x_wconf 90' lang='lat' dir='ltr'><strong>sicut</strong></span> <span class='ocrx_word' id='word_1_855' title='bbox 1670 1519 1785 1551; x_wconf 89' lang='lat' dir='ltr'><strong>eadem</strong></span> <span class='ocrx_word' id='word_1_856' title='bbox 1807 1525 1856 1551; x_wconf 89' lang='lat' dir='ltr'><strong>est</strong></span> <span class='ocrx_word' id='word_1_857' title='bbox 1878 1520 2013 1551; x_wconf 90' lang='lat' dir='ltr'><strong>scientia</strong></span> <span class='ocrx_word' id='word_1_858' title='bbox 2035 1519 2105 1550; x_wconf 90' lang='lat' dir='ltr'><strong>sani</strong></span> <span class='ocrx_word' id='word_1_859' title='bbox 2132 1524 2166 1551; x_wconf 90' lang='lat' dir='ltr'><strong>et</strong></span> <span class='ocrx_word' id='word_1_860' title='bbox 2190 1519 2292 1560; x_wconf 85' lang='lat' dir='ltr'><strong>aegri:</strong></span> <span class='ocrx_word' id='word_1_861' title='bbox 2316 1524 2478 1560; x_wconf 80' lang='lat' dir='ltr'><strong>quantum</strong></span> 
     </span>
     <span class='ocr_line' id='line_1_115' title="bbox 1401 1563 2478 1606; baseline 0.002 -11"><span class='ocrx_word' id='word_1_862' title='bbox 1401 1574 1479 1596; x_wconf 90' lang='lat' dir='ltr'><strong>vero</strong></span> <span class='ocrx_word' id='word_1_863' title='bbox 1503 1563 1544 1596; x_wconf 92' lang='lat' dir='ltr'><strong>ad</strong></span> <span class='ocrx_word' id='word_1_864' title='bbox 1565 1564 1746 1605; x_wconf 87' lang='lat' dir='ltr'><strong>complexa,</strong></span> <span class='ocrx_word' id='word_1_865' title='bbox 1765 1564 1856 1606; x_wconf 91' lang='lat' dir='ltr'><strong>quod</strong></span> <span class='ocrx_word' id='word_1_866' title='bbox 1871 1563 1986 1596; x_wconf 89' lang='lat' dir='ltr'><strong>eadem</strong></span> <span class='ocrx_word' id='word_1_867' title='bbox 2001 1564 2135 1596; x_wconf 87' lang='lat' dir='ltr'><strong>scientia</strong></span> <span class='ocrx_word' id='word_1_868' title='bbox 2151 1564 2362 1606; x_wconf 86' lang='lat' dir='ltr'><strong>cognoscitur</strong></span> <span class='ocrx_word' id='word_1_869' title='bbox 2377 1573 2478 1597; x_wconf 80' lang='lat' dir='ltr'><strong>unam</strong></span> 
     </span>
     <span class='ocr_line' id='line_1_116' title="bbox 1402 1608 2432 1650; baseline -0.001 -9"><span class='ocrx_word' id='word_1_870' title='bbox 1402 1608 1667 1645; x_wconf 86' lang='lat' dir='ltr'><strong>contradictionis</strong></span> <span class='ocrx_word' id='word_1_871' title='bbox 1689 1614 1813 1650; x_wconf 88' lang='lat' dir='ltr'><strong>partem</strong></span> <span class='ocrx_word' id='word_1_872' title='bbox 1833 1618 1903 1641; x_wconf 89' lang='lat' dir='ltr'><strong>esse</strong></span> <span class='ocrx_word' id='word_1_873' title='bbox 1918 1618 2038 1646; x_wconf 92' lang='lat' dir='ltr'><strong>veram,</strong></span> <span class='ocrx_word' id='word_1_874' title='bbox 2062 1608 2194 1640; x_wconf 89' lang='lat' dir='ltr'><strong>alteram</strong></span> <span class='ocrx_word' id='word_1_875' title='bbox 2211 1618 2290 1640; x_wconf 84' lang='lat' dir='ltr'><strong>vero</strong></span> <span class='ocrx_word' id='word_1_876' title='bbox 2310 1608 2432 1640; x_wconf 83' lang='lat' dir='ltr'><strong>falsam.</strong></span> 
     </span>
    </p>

    <p class='ocr_par' dir='ltr' id='par_1_18' title="bbox 1402 1653 2478 1918">
     <span class='ocr_line' id='line_1_117' title="bbox 1459 1653 2477 1695; baseline 0.002 -11"><span class='ocrx_word' id='word_1_877' title='bbox 1459 1653 1511 1684; x_wconf 89' lang='lat'><strong>111.</strong></span> <span class='ocrx_word' id='word_1_878' title='bbox 1539 1653 1660 1684; x_wconf 83' lang='lat' dir='ltr'><strong>Tertio.</strong></span> <span class='ocrx_word' id='word_1_879' title='bbox 1684 1653 1718 1685; x_wconf 90' lang='lat' dir='ltr'><strong>Si</strong></span> <span class='ocrx_word' id='word_1_880' title='bbox 1741 1659 1825 1685; x_wconf 87' lang='lat' dir='ltr'><strong>esset</strong></span> <span class='ocrx_word' id='word_1_881' title='bbox 1847 1654 1907 1686; x_wconf 89' lang='lat' dir='ltr'><strong>ista</strong></span> <span class='ocrx_word' id='word_1_882' title='bbox 1929 1654 2147 1690; x_wconf 84' lang='lat' dir='ltr'><strong>contrarietas,</strong></span> <span class='ocrx_word' id='word_1_883' title='bbox 2171 1663 2190 1685; x_wconf 86' lang='lat' dir='ltr'><strong>a</strong></span> <span class='ocrx_word' id='word_1_884' title='bbox 2207 1654 2349 1685; x_wconf 87' lang='lat' dir='ltr'><strong>veritatis</strong></span> <span class='ocrx_word' id='word_1_885' title='bbox 2364 1653 2477 1695; x_wconf 90' lang='lat' dir='ltr'><strong>cogni-</strong></span> 
     </span>
     <span class='ocr_line' id='line_1_118' title="bbox 1402 1697 2477 1741; baseline 0.001 -12"><span class='ocrx_word' id='word_1_886' title='bbox 1402 1699 1492 1730; x_wconf 90' lang='lat' dir='ltr'><strong>tione</strong></span> <span class='ocrx_word' id='word_1_887' title='bbox 1515 1698 1698 1729; x_wconf 84' lang='lat' dir='ltr'><strong>intellectus</strong></span> <span class='ocrx_word' id='word_1_888' title='bbox 1719 1704 1830 1741; x_wconf 81' lang='lat' dir='ltr'><strong>noster</strong></span> <span class='ocrx_word' id='word_1_889' title='bbox 1851 1697 2072 1739; x_wconf 86' lang='lat' dir='ltr'><strong>impediretur.</strong></span> <span class='ocrx_word' id='word_1_890' title='bbox 2096 1697 2161 1730; x_wconf 91' lang='lat' dir='ltr'><strong>Sed</strong></span> <span class='ocrx_word' id='word_1_891' title='bbox 2183 1697 2248 1730; x_wconf 87' lang='lat' dir='ltr'><strong>hoc</strong></span> <span class='ocrx_word' id='word_1_892' title='bbox 2271 1708 2290 1730; x_wconf 87' lang='lat' dir='ltr'><strong>a</strong></span> <span class='ocrx_word' id='word_1_893' title='bbox 2312 1698 2386 1730; x_wconf 88' lang='lat' dir='ltr'><strong>Deo</strong></span> <span class='ocrx_word' id='word_1_894' title='bbox 2408 1707 2477 1730; x_wconf 85' lang='lat' dir='ltr'><strong>esse</strong></span> 
     </span>
     <span class='ocr_line' id='line_1_119' title="bbox 1402 1742 2478 1784; baseline 0.001 -10"><span class='ocrx_word' id='word_1_895' title='bbox 1402 1752 1472 1774; x_wconf 91' lang='lat' dir='ltr'><strong>non</strong></span> <span class='ocrx_word' id='word_1_896' title='bbox 1494 1748 1612 1783; x_wconf 89' lang='lat' dir='ltr'><strong>potest.</strong></span> <span class='ocrx_word' id='word_1_897' title='bbox 1636 1742 1724 1783; x_wconf 89' lang='lat' dir='ltr'><strong>Ergo</strong></span> <span class='ocrx_word' id='word_1_898' title='bbox 1743 1748 1805 1774; x_wconf 90' lang='lat' dir='ltr'><strong>etc.</strong></span> <span class='ocrx_word' id='word_1_899' title='bbox 1821 1761 1843 1766; x_wconf 91' lang='lat'><em>-</em></span> <span class='ocrx_word' id='word_1_900' title='bbox 1858 1743 2017 1775; x_wconf 86' lang='lat' dir='ltr'><strong>Probatur</strong></span> <span class='ocrx_word' id='word_1_901' title='bbox 2031 1744 2275 1784; x_wconf 85' lang='lat' dir='ltr'><strong>consequentia.</strong></span> <span class='ocrx_word' id='word_1_902' title='bbox 2300 1742 2478 1775; x_wconf 74' lang='lat' dir='ltr'><strong>Coun-ariis</strong></span> 
     </span>
     <span class='ocr_line' id='line_1_120' title="bbox 1403 1786 2477 1830; baseline 0.002 -12"><span class='ocrx_word' id='word_1_903' title='bbox 1403 1788 1581 1819; x_wconf 89' lang='lat' dir='ltr'><strong>rationibus</strong></span> <span class='ocrx_word' id='word_1_904' title='bbox 1607 1786 1782 1828; x_wconf 90' lang='lat' dir='ltr'><strong>impeditur</strong></span> <span class='ocrx_word' id='word_1_905' title='bbox 1807 1788 1989 1819; x_wconf 88' lang='lat' dir='ltr'><strong>intellectus</strong></span> <span class='ocrx_word' id='word_1_906' title='bbox 2015 1798 2034 1819; x_wconf 89' lang='lat' dir='ltr'><strong>a</strong></span> <span class='ocrx_word' id='word_1_907' title='bbox 2058 1788 2125 1820; x_wconf 90' lang='lat' dir='ltr'><strong>veri</strong></span> <span class='ocrx_word' id='word_1_908' title='bbox 2148 1788 2347 1829; x_wconf 89' lang='lat' dir='ltr'><strong>cognitione.</strong></span> <span class='ocrx_word' id='word_1_909' title='bbox 2378 1787 2477 1830; x_wconf 64' lang='lat' dir='ltr'><strong>Engo,</strong></span> 
     </span>
     <span class='ocr_line' id='line_1_121' title="bbox 1403 1832 2478 1872; baseline 0.001 -9"><span class='ocrx_word' id='word_1_910' title='bbox 1403 1833 1430 1864; x_wconf 91' lang='lat' dir='ltr'><strong>si</strong></span> <span class='ocrx_word' id='word_1_911' title='bbox 1453 1833 1631 1863; x_wconf 89' lang='lat' dir='ltr'><strong>contrariae</strong></span> <span class='ocrx_word' id='word_1_912' title='bbox 1647 1832 1851 1872; x_wconf 88' lang='lat' dir='ltr'><strong>cognitiones</strong></span> <span class='ocrx_word' id='word_1_913' title='bbox 1866 1833 1961 1864; x_wconf 88' lang='lat' dir='ltr'><strong>nobis</strong></span> <span class='ocrx_word' id='word_1_914' title='bbox 1977 1842 1996 1863; x_wconf 89' lang='lat' dir='ltr'><strong>a</strong></span> <span class='ocrx_word' id='word_1_915' title='bbox 2011 1832 2083 1864; x_wconf 92' lang='lat' dir='ltr'><strong>Deo</strong></span> <span class='ocrx_word' id='word_1_916' title='bbox 2102 1832 2363 1871; x_wconf 87' lang='lat' dir='ltr'><strong>immitterentur,</strong></span> <span class='ocrx_word' id='word_1_917' title='bbox 2384 1832 2478 1864; x_wconf 88' lang='lat' dir='ltr'><strong>intel-</strong></span> 
     </span>
     <span class='ocr_line' id='line_1_122' title="bbox 1403 1876 2226 1918; baseline 0 -10"><span class='ocrx_word' id='word_1_918' title='bbox 1403 1877 1506 1908; x_wconf 90' lang='lat' dir='ltr'><strong>lectus</strong></span> <span class='ocrx_word' id='word_1_919' title='bbox 1529 1882 1639 1908; x_wconf 90' lang='lat' dir='ltr'><strong>noster</strong></span> <span class='ocrx_word' id='word_1_920' title='bbox 1661 1876 1872 1918; x_wconf 88' lang='lat' dir='ltr'><strong>impediretur</strong></span> <span class='ocrx_word' id='word_1_921' title='bbox 1895 1887 1914 1908; x_wconf 88' lang='lat' dir='ltr'><strong>a</strong></span> <span class='ocrx_word' id='word_1_922' title='bbox 1936 1878 2003 1908; x_wconf 90' lang='lat' dir='ltr'><strong>veri</strong></span> <span class='ocrx_word' id='word_1_923' title='bbox 2027 1877 2226 1918; x_wconf 88' lang='lat' dir='ltr'><strong>cognitione.</strong></span> 
     </span>
    </p>

    <p class='ocr_par' dir='ltr' id='par_1_19' title="bbox 1403 1920 2480 2723">
     <span class='ocr_line' id='line_1_123' title="bbox 1459 1920 2479 1963; baseline 0.001 -11"><span class='ocrx_word' id='word_1_924' title='bbox 1459 1921 1522 1952; x_wconf 91' lang='lat' dir='ltr'><strong>Pro</strong></span> <span class='ocrx_word' id='word_1_925' title='bbox 1557 1921 1809 1962; x_wconf 88' lang='lat' dir='ltr'><strong>consequentiae</strong></span> <span class='ocrx_word' id='word_1_926' title='bbox 1843 1922 2046 1962; x_wconf 88' lang='lat' dir='ltr'><strong>probatione,</strong></span> <span class='ocrx_word' id='word_1_927' title='bbox 2079 1920 2352 1953; x_wconf 88' lang='lat' dir='ltr'><strong>considerandum</strong></span> <span class='ocrx_word' id='word_1_928' title='bbox 2386 1920 2479 1963; x_wconf 85' lang='lat' dir='ltr'><strong>quod</strong></span> 
     </span>
     <span class='ocr_line' id='line_1_124' title="bbox 1404 1962 2480 2007; baseline 0.002 -11"><span class='ocrx_word' id='word_1_929' title='bbox 1404 1965 1610 1996; x_wconf 89' lang='lat' dir='ltr'><strong>contrarietas</strong></span> <span class='ocrx_word' id='word_1_930' title='bbox 1640 1967 1960 2006; x_wconf 88' lang='lat' dir='ltr'><strong>argumentationum</strong></span> <span class='ocrx_word' id='word_1_931' title='bbox 1987 1966 2027 1997; x_wconf 90' lang='lat' dir='ltr'><strong>ab</strong></span> <span class='ocrx_word' id='word_1_932' title='bbox 2052 1966 2264 2007; x_wconf 89' lang='lat' dir='ltr'><strong>oppositione</strong></span> <span class='ocrx_word' id='word_1_933' title='bbox 2293 1962 2480 2007; x_wconf 75' lang='lat' dir='ltr'><strong>conclusio·</strong></span> 
     </span>
     <span class='ocr_line' id='line_1_125' title="bbox 1403 2009 2479 2052; baseline 0.002 -11"><span class='ocrx_word' id='word_1_934' title='bbox 1403 2019 1485 2041; x_wconf 90' lang='lat' dir='ltr'><strong>num</strong></span> <span class='ocrx_word' id='word_1_935' title='bbox 1507 2010 1646 2041; x_wconf 85' lang='lat' dir='ltr'><strong>sumitur</strong></span> <span class='ocrx_word' id='word_1_936' title='bbox 1665 2009 1706 2041; x_wconf 91' lang='lat' dir='ltr'><strong>ad</strong></span> <span class='ocrx_word' id='word_1_937' title='bbox 1721 2019 1802 2051; x_wconf 85' lang='lat' dir='ltr'><strong>quas</strong></span> <span class='ocrx_word' id='word_1_938' title='bbox 1824 2012 2053 2043; x_wconf 89' lang='lat' dir='ltr'><strong>terminantur:</strong></span> <span class='ocrx_word' id='word_1_939' title='bbox 2078 2020 2120 2042; x_wconf 91' lang='lat' dir='ltr'><strong>eo</strong></span> <span class='ocrx_word' id='word_1_940' title='bbox 2136 2010 2227 2052; x_wconf 91' lang='lat' dir='ltr'><strong>quod</strong></span> <span class='ocrx_word' id='word_1_941' title='bbox 2242 2010 2479 2052; x_wconf 76' lang='lat' dir='ltr'><strong>argumentatio</strong></span> 
     </span>
     <span class='ocr_line' id='line_1_126' title="bbox 1404 2054 2480 2095; baseline 0.003 -9"><span class='ocrx_word' id='word_1_942' title='bbox 1404 2054 1538 2095; x_wconf 78' lang='lat' dir='ltr'><strong>quidam</strong></span> <span class='ocrx_word' id='word_1_943' title='bbox 1552 2055 1686 2086; x_wconf 88' lang='lat' dir='ltr'><strong>rationis</strong></span> <span class='ocrx_word' id='word_1_944' title='bbox 1700 2060 1811 2086; x_wconf 88' lang='lat' dir='ltr'><strong>motus</strong></span> <span class='ocrx_word' id='word_1_945' title='bbox 1826 2056 1877 2093; x_wconf 89' lang='lat' dir='ltr'><strong>sit,</strong></span> <span class='ocrx_word' id='word_1_946' title='bbox 1901 2060 2012 2088; x_wconf 90' lang='lat' dir='ltr'><strong>motus</strong></span> <span class='ocrx_word' id='word_1_947' title='bbox 2030 2061 2140 2087; x_wconf 86' lang='lat' dir='ltr'><strong>autem</strong></span> <span class='ocrx_word' id='word_1_948' title='bbox 2165 2055 2317 2087; x_wconf 89' lang='lat' dir='ltr'><strong>contrarii</strong></span> <span class='ocrx_word' id='word_1_949' title='bbox 2338 2055 2380 2087; x_wconf 90' lang='lat' dir='ltr'><strong>ad</strong></span> <span class='ocrx_word' id='word_1_950' title='bbox 2399 2065 2480 2089; x_wconf 83' lang='lat' dir='ltr'><strong>con·</strong></span> 
     </span>
     <span class='ocr_line' id='line_1_127' title="bbox 1403 2099 2479 2142; baseline 0.004 -13"><span class='ocrx_word' id='word_1_951' title='bbox 1403 2099 1517 2130; x_wconf 90' lang='lat' dir='ltr'><strong>trarios</strong></span> <span class='ocrx_word' id='word_1_952' title='bbox 1532 2100 1689 2130; x_wconf 89' lang='lat' dir='ltr'><strong>terminos</strong></span> <span class='ocrx_word' id='word_1_953' title='bbox 1712 2100 1935 2132; x_wconf 88' lang='lat' dir='ltr'><strong>terminentur.</strong></span> <span class='ocrx_word' id='word_1_954' title='bbox 1959 2099 2049 2132; x_wconf 88' lang='lat' dir='ltr'><strong>Idem</strong></span> <span class='ocrx_word' id='word_1_955' title='bbox 2072 2106 2121 2132; x_wconf 84' lang='lat' dir='ltr'><strong>est</strong></span> <span class='ocrx_word' id='word_1_956' title='bbox 2138 2109 2216 2142; x_wconf 90' lang='lat' dir='ltr'><strong>ergo</strong></span> <span class='ocrx_word' id='word_1_957' title='bbox 2237 2100 2380 2133; x_wconf 85' lang='lat' dir='ltr'><strong>rationes</strong></span> <span class='ocrx_word' id='word_1_958' title='bbox 2398 2110 2479 2133; x_wconf 82' lang='lat' dir='ltr'><strong>con-</strong></span> 
     </span>
     <span class='ocr_line' id='line_1_128' title="bbox 1403 2143 2479 2186; baseline 0.003 -11"><span class='ocrx_word' id='word_1_959' title='bbox 1403 2143 1513 2175; x_wconf 86' lang='lat' dir='ltr'><strong>trarias</strong></span> <span class='ocrx_word' id='word_1_960' title='bbox 1528 2153 1608 2181; x_wconf 87' lang='lat' dir='ltr'><strong>esse,</strong></span> <span class='ocrx_word' id='word_1_961' title='bbox 1628 2143 1720 2185; x_wconf 91' lang='lat' dir='ltr'><strong>quod</strong></span> <span class='ocrx_word' id='word_1_962' title='bbox 1742 2153 1800 2185; x_wconf 86' lang='lat' dir='ltr'><strong>per</strong></span> <span class='ocrx_word' id='word_1_963' title='bbox 1823 2145 1908 2186; x_wconf 89' lang='lat' dir='ltr'><strong>ipsas</strong></span> <span class='ocrx_word' id='word_1_964' title='bbox 1931 2145 2106 2177; x_wconf 86' lang='lat' dir='ltr'><strong>contrarias</strong></span> <span class='ocrx_word' id='word_1_965' title='bbox 2120 2145 2325 2186; x_wconf 89' lang='lat' dir='ltr'><strong>cognitiones</strong></span> <span class='ocrx_word' id='word_1_966' title='bbox 2345 2145 2479 2179; x_wconf 79' lang='lat' dir='ltr'><strong>causari.</strong></span> 
     </span>
     <span class='ocr_line' id='line_1_129' title="bbox 1404 2188 2479 2233; baseline 0.003 -14"><span class='ocrx_word' id='word_1_967' title='bbox 1404 2188 1447 2220; x_wconf 90' lang='lat' dir='ltr'><strong>Et</strong></span> <span class='ocrx_word' id='word_1_968' title='bbox 1465 2188 1553 2220; x_wconf 90' lang='lat' dir='ltr'><strong>idem</strong></span> <span class='ocrx_word' id='word_1_969' title='bbox 1569 2193 1616 2220; x_wconf 89' lang='lat' dir='ltr'><strong>est</strong></span> <span class='ocrx_word' id='word_1_970' title='bbox 1638 2197 1696 2230; x_wconf 92' lang='lat' dir='ltr'><strong>per</strong></span> <span class='ocrx_word' id='word_1_971' title='bbox 1719 2190 1894 2221; x_wconf 87' lang='lat' dir='ltr'><strong>contrarias</strong></span> <span class='ocrx_word' id='word_1_972' title='bbox 1916 2190 2057 2222; x_wconf 89' lang='lat' dir='ltr'><strong>rationes</strong></span> <span class='ocrx_word' id='word_1_973' title='bbox 2079 2189 2230 2231; x_wconf 86' lang='lat' dir='ltr'><strong>impediri</strong></span> <span class='ocrx_word' id='word_1_974' title='bbox 2254 2189 2479 2233; x_wconf 79' lang='lat' dir='ltr'><strong>confundique</strong></span> 
     </span>
     <span class='ocr_line' id='line_1_130' title="bbox 1404 2231 2478 2276; baseline 0.003 -12"><span class='ocrx_word' id='word_1_975' title='bbox 1404 2233 1616 2270; x_wconf 86' lang='lat' dir='ltr'><strong>intellectum,</strong></span> <span class='ocrx_word' id='word_1_976' title='bbox 1629 2231 1721 2274; x_wconf 93' lang='lat' dir='ltr'><strong>quod</strong></span> <span class='ocrx_word' id='word_1_977' title='bbox 1733 2234 1841 2275; x_wconf 90' lang='lat' dir='ltr'><strong>ipsum</strong></span> <span class='ocrx_word' id='word_1_978' title='bbox 1852 2243 1911 2276; x_wconf 88' lang='lat' dir='ltr'><strong>per</strong></span> <span class='ocrx_word' id='word_1_979' title='bbox 1922 2234 2097 2266; x_wconf 80' lang='lat' dir='ltr'><strong>contrarias</strong></span> <span class='ocrx_word' id='word_1_980' title='bbox 2109 2233 2314 2276; x_wconf 82' lang='lat' dir='ltr'><strong>cognitiones</strong></span> <span class='ocrx_word' id='word_1_981' title='bbox 2325 2235 2365 2266; x_wconf 87' lang='lat' dir='ltr'><strong>ab</strong></span> <span class='ocrx_word' id='word_1_982' title='bbox 2377 2235 2478 2268; x_wconf 85' lang='lat' dir='ltr'><strong>altero</strong></span> 
     </span>
     <span class='ocr_line' id='line_1_131' title="bbox 1404 2277 2479 2321; baseline 0.003 -13"><span class='ocrx_word' id='word_1_983' title='bbox 1404 2283 1549 2309; x_wconf 73' lang='lat' dir='ltr'><strong>causatus</strong></span> <span class='ocrx_word' id='word_1_984' title='bbox 1571 2277 1732 2319; x_wconf 89' lang='lat' dir='ltr'><strong>impediri.</strong></span> <span class='ocrx_word' id='word_1_985' title='bbox 1759 2277 2029 2320; x_wconf 66' lang='lat' dir='ltr'><strong>Propon-donatur</strong></span> <span class='ocrx_word' id='word_1_986' title='bbox 2052 2284 2163 2311; x_wconf 84' lang='lat' dir='ltr'><strong>autem</strong></span> <span class='ocrx_word' id='word_1_987' title='bbox 2190 2278 2299 2311; x_wconf 81' lang='lat' dir='ltr'><strong>divina</strong></span> <span class='ocrx_word' id='word_1_988' title='bbox 2321 2279 2479 2321; x_wconf 79' lang='lat' dir='ltr'><strong>sapientia</strong></span> 
     </span>
     <span class='ocr_line' id='line_1_132' title="bbox 1405 2321 2478 2365; baseline 0.003 -12"><span class='ocrx_word' id='word_1_989' title='bbox 1405 2321 1675 2354; x_wconf 88' lang='lat' dir='ltr'><strong>demonstrationi</strong></span> <span class='ocrx_word' id='word_1_990' title='bbox 1705 2329 1867 2364; x_wconf 81' lang='lat' dir='ltr'><strong>quantum</strong></span> <span class='ocrx_word' id='word_1_991' title='bbox 1898 2323 1940 2355; x_wconf 91' lang='lat' dir='ltr'><strong>ad</strong></span> <span class='ocrx_word' id='word_1_992' title='bbox 1971 2324 2036 2356; x_wconf 86' lang='lat' dir='ltr'><strong>hoc</strong></span> <span class='ocrx_word' id='word_1_993' title='bbox 2066 2323 2158 2365; x_wconf 86' lang='lat' dir='ltr'><strong>quod</strong></span> <span class='ocrx_word' id='word_1_994' title='bbox 2189 2324 2414 2365; x_wconf 85' lang='lat' dir='ltr'><strong>cognitionem</strong></span> <span class='ocrx_word' id='word_1_995' title='bbox 2443 2325 2478 2357; x_wconf 88' lang='lat' dir='ltr'><strong>in</strong></span> 
     </span>
     <span class='ocr_line' id='line_1_133' title="bbox 1404 2367 2479 2411; baseline 0.003 -14"><span class='ocrx_word' id='word_1_996' title='bbox 1404 2367 1500 2398; x_wconf 88' lang='lat' dir='ltr'><strong>nobis</strong></span> <span class='ocrx_word' id='word_1_997' title='bbox 1523 2372 1642 2398; x_wconf 86' lang='lat' dir='ltr'><strong>causat.</strong></span> <span class='ocrx_word' id='word_1_998' title='bbox 1666 2367 1803 2409; x_wconf 92' lang='lat' dir='ltr'><strong>Propter</strong></span> <span class='ocrx_word' id='word_1_999' title='bbox 1822 2369 1897 2405; x_wconf 89' lang='lat' dir='ltr'><strong>hoc,</strong></span> <span class='ocrx_word' id='word_1_1000' title='bbox 1913 2369 1997 2400; x_wconf 83' lang='lat' dir='ltr'><strong>sicut</strong></span> <span class='ocrx_word' id='word_1_1001' title='bbox 2019 2369 2198 2400; x_wconf 85' lang='lat' dir='ltr'><strong>contrariae</strong></span> <span class='ocrx_word' id='word_1_1002' title='bbox 2215 2370 2357 2400; x_wconf 84' lang='lat' dir='ltr'><strong>rationes</strong></span> <span class='ocrx_word' id='word_1_1003' title='bbox 2374 2369 2479 2411; x_wconf 84' lang='lat' dir='ltr'><strong>impe-</strong></span> 
     </span>
     <span class='ocr_line' id='line_1_134' title="bbox 1404 2411 2478 2454; baseline 0.005 -12"><span class='ocrx_word' id='word_1_1004' title='bbox 1404 2411 1498 2443; x_wconf 90' lang='lat' dir='ltr'><strong>diunt</strong></span> <span class='ocrx_word' id='word_1_1005' title='bbox 1520 2411 1721 2443; x_wconf 90' lang='lat' dir='ltr'><strong>intellectum</strong></span> <span class='ocrx_word' id='word_1_1006' title='bbox 1740 2421 1780 2444; x_wconf 91' lang='lat' dir='ltr'><strong>eo</strong></span> <span class='ocrx_word' id='word_1_1007' title='bbox 1802 2412 1893 2453; x_wconf 93' lang='lat' dir='ltr'><strong>quod</strong></span> <span class='ocrx_word' id='word_1_1008' title='bbox 1915 2413 2090 2444; x_wconf 87' lang='lat' dir='ltr'><strong>contrarias</strong></span> <span class='ocrx_word' id='word_1_1009' title='bbox 2105 2414 2309 2454; x_wconf 87' lang='lat' dir='ltr'><strong>cognitiones</strong></span> <span class='ocrx_word' id='word_1_1010' title='bbox 2332 2419 2478 2452; x_wconf 76' lang='lat' dir='ltr'><strong>causant3</strong></span> 
     </span>
     <span class='ocr_line' id='line_1_135' title="bbox 1405 2456 2478 2500; baseline 0.002 -12"><span class='ocrx_word' id='word_1_1011' title='bbox 1405 2457 1458 2494; x_wconf 91' lang='lat' dir='ltr'><strong>ita,</strong></span> <span class='ocrx_word' id='word_1_1012' title='bbox 1482 2457 1509 2487; x_wconf 92' lang='lat' dir='ltr'><strong>si</strong></span> <span class='ocrx_word' id='word_1_1013' title='bbox 1532 2456 1640 2488; x_wconf 86' lang='lat' dir='ltr'><strong>divina</strong></span> <span class='ocrx_word' id='word_1_1014' title='bbox 1666 2457 1823 2498; x_wconf 87' lang='lat' dir='ltr'><strong>sapientia</strong></span> <span class='ocrx_word' id='word_1_1015' title='bbox 1846 2458 2021 2489; x_wconf 84' lang='lat' dir='ltr'><strong>contrarias</strong></span> <span class='ocrx_word' id='word_1_1016' title='bbox 2048 2458 2082 2489; x_wconf 92' lang='lat' dir='ltr'><strong>in</strong></span> <span class='ocrx_word' id='word_1_1017' title='bbox 2109 2458 2205 2490; x_wconf 90' lang='lat' dir='ltr'><strong>nobis</strong></span> <span class='ocrx_word' id='word_1_1018' title='bbox 2233 2463 2343 2490; x_wconf 85' lang='lat' dir='ltr'><strong>causat</strong></span> <span class='ocrx_word' id='word_1_1019' title='bbox 2366 2459 2478 2500; x_wconf 89' lang='lat' dir='ltr'><strong>cogni-</strong></span> 
     </span>
     <span class='ocr_line' id='line_1_136' title="bbox 1404 2501 2480 2543; baseline 0.003 -11"><span class='ocrx_word' id='word_1_1020' title='bbox 1404 2502 1521 2538; x_wconf 88' lang='lat' dir='ltr'><strong>tiones,</strong></span> <span class='ocrx_word' id='word_1_1021' title='bbox 1545 2502 1615 2542; x_wconf 88' lang='lat' dir='ltr'><strong>ipsa</strong></span> <span class='ocrx_word' id='word_1_1022' title='bbox 1630 2511 1648 2532; x_wconf 89' lang='lat' dir='ltr'><strong>a</strong></span> <span class='ocrx_word' id='word_1_1023' title='bbox 1663 2501 1731 2532; x_wconf 86' lang='lat' dir='ltr'><strong>veri</strong></span> <span class='ocrx_word' id='word_1_1024' title='bbox 1754 2502 1942 2542; x_wconf 88' lang='lat' dir='ltr'><strong>cognitione</strong></span> <span class='ocrx_word' id='word_1_1025' title='bbox 1964 2502 2121 2543; x_wconf 89' lang='lat' dir='ltr'><strong>impediet</strong></span> <span class='ocrx_word' id='word_1_1026' title='bbox 2143 2502 2354 2535; x_wconf 89' lang='lat' dir='ltr'><strong>intellectum.</strong></span> <span class='ocrx_word' id='word_1_1027' title='bbox 2378 2502 2480 2543; x_wconf 88' lang='lat' dir='ltr'><strong>Quod</strong></span> 
     </span>
     <span class='ocr_line' id='line_1_137' title="bbox 1405 2546 2480 2590; baseline 0.004 -14"><span class='ocrx_word' id='word_1_1028' title='bbox 1405 2556 1423 2577; x_wconf 91' lang='lat' dir='ltr'><strong>a</strong></span> <span class='ocrx_word' id='word_1_1029' title='bbox 1439 2546 1511 2577; x_wconf 92' lang='lat' dir='ltr'><strong>Deo</strong></span> <span class='ocrx_word' id='word_1_1030' title='bbox 1527 2555 1596 2577; x_wconf 92' lang='lat' dir='ltr'><strong>non</strong></span> <span class='ocrx_word' id='word_1_1031' title='bbox 1615 2551 1804 2586; x_wconf 67' lang='lat' dir='ltr'><strong>potestesse</strong></span> <span class='ocrx_word' id='word_1_1032' title='bbox 1820 2546 1947 2588; x_wconf 87' lang='lat' dir='ltr'><strong>agendo</strong></span> <span class='ocrx_word' id='word_1_1033' title='bbox 1964 2547 2039 2587; x_wconf 87' lang='lat' dir='ltr'><strong>(nisi</strong></span> <span class='ocrx_word' id='word_1_1034' title='bbox 2055 2546 2196 2579; x_wconf 86' lang='lat' dir='ltr'><strong>fortassis</strong></span> <span class='ocrx_word' id='word_1_1035' title='bbox 2211 2553 2346 2590; x_wconf 88' lang='lat' dir='ltr'><strong>propter</strong></span> <span class='ocrx_word' id='word_1_1036' title='bbox 2359 2553 2480 2590; x_wconf 86' lang='lat' dir='ltr'><strong>myste-</strong></span> 
     </span>
     <span class='ocr_line' id='line_1_138' title="bbox 1404 2590 2480 2632; baseline 0.004 -10"><span class='ocrx_word' id='word_1_1037' title='bbox 1404 2591 1490 2622; x_wconf 89' lang='lat' dir='ltr'><strong>rium</strong></span> <span class='ocrx_word' id='word_1_1038' title='bbox 1501 2590 1553 2622; x_wconf 93' lang='lat' dir='ltr'><strong>vel</strong></span> <span class='ocrx_word' id='word_1_1039' title='bbox 1569 2590 1764 2632; x_wconf 86' lang='lat' dir='ltr'><strong>utilitatem),</strong></span> <span class='ocrx_word' id='word_1_1040' title='bbox 1777 2590 1833 2622; x_wconf 89' lang='lat' dir='ltr'><strong>sed</strong></span> <span class='ocrx_word' id='word_1_1041' title='bbox 1849 2592 1933 2624; x_wconf 89' lang='lat' dir='ltr'><strong>bene</strong></span> <span class='ocrx_word' id='word_1_1042' title='bbox 1948 2601 2017 2623; x_wconf 92' lang='lat' dir='ltr'><strong>non</strong></span> <span class='ocrx_word' id='word_1_1043' title='bbox 2029 2591 2167 2632; x_wconf 88' lang='lat' dir='ltr'><strong>agendo,</strong></span> <span class='ocrx_word' id='word_1_1044' title='bbox 2184 2591 2266 2624; x_wconf 87' lang='lat' dir='ltr'><strong>idest</strong></span> <span class='ocrx_word' id='word_1_1045' title='bbox 2287 2602 2354 2625; x_wconf 90' lang='lat' dir='ltr'><strong>non</strong></span> <span class='ocrx_word' id='word_1_1046' title='bbox 2370 2591 2480 2626; x_wconf 71' lang='lat' dir='ltr'><strong>infun·</strong></span> 
     </span>
     <span class='ocr_line' id='line_1_139' title="bbox 1405 2634 2480 2678; baseline 0.004 -12"><span class='ocrx_word' id='word_1_1047' title='bbox 1405 2634 1514 2667; x_wconf 89' lang='lat' dir='ltr'><strong>dendo</strong></span> <span class='ocrx_word' id='word_1_1048' title='bbox 1537 2635 1650 2666; x_wconf 89' lang='lat' dir='ltr'><strong>lumen</strong></span> <span class='ocrx_word' id='word_1_1049' title='bbox 1665 2644 1734 2676; x_wconf 89' lang='lat' dir='ltr'><strong>quo</strong></span> <span class='ocrx_word' id='word_1_1050' title='bbox 1749 2635 1872 2677; x_wconf 90' lang='lat' dir='ltr'><strong>aliquid</strong></span> <span class='ocrx_word' id='word_1_1051' title='bbox 1894 2636 2104 2677; x_wconf 85' lang='lat' dir='ltr'><strong>intelligatur:</strong></span> <span class='ocrx_word' id='word_1_1052' title='bbox 2121 2637 2205 2668; x_wconf 89' lang='lat' dir='ltr'><strong>sicut</strong></span> <span class='ocrx_word' id='word_1_1053' title='bbox 2226 2646 2335 2678; x_wconf 90' lang='lat' dir='ltr'><strong>neque</strong></span> <span class='ocrx_word' id='word_1_1054' title='bbox 2355 2637 2480 2670; x_wconf 86' lang='lat' dir='ltr'><strong>malum</strong></span> 
     </span>
     <span class='ocr_line' id='line_1_140' title="bbox 1405 2679 2299 2723; baseline 0.002 -12"><span class='ocrx_word' id='word_1_1055' title='bbox 1405 2680 1520 2721; x_wconf 89' lang='lat' dir='ltr'><strong>culpae</strong></span> <span class='ocrx_word' id='word_1_1056' title='bbox 1544 2685 1592 2711; x_wconf 91' lang='lat' dir='ltr'><strong>est</strong></span> <span class='ocrx_word' id='word_1_1057' title='bbox 1613 2690 1633 2711; x_wconf 91' lang='lat' dir='ltr'><strong>a</strong></span> <span class='ocrx_word' id='word_1_1058' title='bbox 1655 2679 1728 2712; x_wconf 92' lang='lat' dir='ltr'><strong>Deo</strong></span> <span class='ocrx_word' id='word_1_1059' title='bbox 1751 2681 1813 2712; x_wconf 91' lang='lat' dir='ltr'><strong>nisi</strong></span> <span class='ocrx_word' id='word_1_1060' title='bbox 1836 2691 1904 2712; x_wconf 92' lang='lat' dir='ltr'><strong>non</strong></span> <span class='ocrx_word' id='word_1_1061' title='bbox 1927 2680 2131 2713; x_wconf 85' lang='lat' dir='ltr'><strong>infundendo</strong></span> <span class='ocrx_word' id='word_1_1062' title='bbox 2154 2682 2299 2723; x_wconf 89' lang='lat' dir='ltr'><strong>gratiam.</strong></span> 
     </span>
    </p>

    <p class='ocr_par' dir='ltr' id='par_1_20' title="bbox 1404 2722 2480 3034">
     <span class='ocr_line' id='line_1_141' title="bbox 1461 2722 2479 2767; baseline 0.003 -12"><span class='ocrx_word' id='word_1_1063' title='bbox 1461 2724 1514 2755; x_wconf 89' lang='lat' dir='ltr'><strong>IV.</strong></span> <span class='ocrx_word' id='word_1_1064' title='bbox 1542 2722 1681 2762; x_wconf 82' lang='lat' dir='ltr'><strong>Quarto.</strong></span> <span class='ocrx_word' id='word_1_1065' title='bbox 1705 2725 1773 2756; x_wconf 89' lang='lat' dir='ltr'><strong>Aut</strong></span> <span class='ocrx_word' id='word_1_1066' title='bbox 1790 2726 1870 2757; x_wconf 87' lang='lat' dir='ltr'><strong>istae</strong></span> <span class='ocrx_word' id='word_1_1067' title='bbox 1893 2726 2097 2767; x_wconf 90' lang='lat' dir='ltr'><strong>cognitiones</strong></span> <span class='ocrx_word' id='word_1_1068' title='bbox 2116 2726 2214 2758; x_wconf 87' lang='lat' dir='ltr'><strong>simul</strong></span> <span class='ocrx_word' id='word_1_1069' title='bbox 2229 2732 2323 2758; x_wconf 88' lang='lat' dir='ltr'><strong>erunt</strong></span> <span class='ocrx_word' id='word_1_1070' title='bbox 2337 2727 2371 2758; x_wconf 89' lang='lat' dir='ltr'><strong>in</strong></span> <span class='ocrx_word' id='word_1_1071' title='bbox 2386 2725 2479 2758; x_wconf 89' lang='lat' dir='ltr'><strong>intel-</strong></span> 
     </span>
     <span class='ocr_line' id='line_1_142' title="bbox 1404 2769 2477 2812; baseline 0.003 -12"><span class='ocrx_word' id='word_1_1072' title='bbox 1404 2769 1506 2801; x_wconf 89' lang='lat' dir='ltr'><strong>lectu:</strong></span> <span class='ocrx_word' id='word_1_1073' title='bbox 1530 2775 1596 2806; x_wconf 88' lang='lat' dir='ltr'><strong>aut,</strong></span> <span class='ocrx_word' id='word_1_1074' title='bbox 1621 2779 1687 2801; x_wconf 88' lang='lat' dir='ltr'><strong>una</strong></span> <span class='ocrx_word' id='word_1_1075' title='bbox 1708 2769 1911 2807; x_wconf 89' lang='lat' dir='ltr'><strong>adveniente,</strong></span> <span class='ocrx_word' id='word_1_1076' title='bbox 1935 2771 2034 2802; x_wconf 87' lang='lat' dir='ltr'><strong>altera</strong></span> <span class='ocrx_word' id='word_1_1077' title='bbox 2055 2770 2187 2803; x_wconf 87' lang='lat' dir='ltr'><strong>recedit.</strong></span> <span class='ocrx_word' id='word_1_1078' title='bbox 2214 2770 2292 2803; x_wconf 90' lang='lat' dir='ltr'><strong>Non</strong></span> <span class='ocrx_word' id='word_1_1079' title='bbox 2316 2771 2477 2812; x_wconf 83' lang='lat' dir='ltr'><strong>primum:</strong></span> 
     </span>
     <span class='ocr_line' id='line_1_143' title="bbox 1405 2814 2480 2857; baseline 0.004 -13"><span class='ocrx_word' id='word_1_1080' title='bbox 1405 2814 1483 2855; x_wconf 88' lang='lat' dir='ltr'><strong>quia</strong></span> <span class='ocrx_word' id='word_1_1081' title='bbox 1506 2814 1665 2845; x_wconf 86' lang='lat' dir='ltr'><strong>contraria</strong></span> <span class='ocrx_word' id='word_1_1082' title='bbox 1687 2814 1722 2845; x_wconf 90' lang='lat' dir='ltr'><strong>in</strong></span> <span class='ocrx_word' id='word_1_1083' title='bbox 1745 2814 1862 2847; x_wconf 91' lang='lat' dir='ltr'><strong>eodem</strong></span> <span class='ocrx_word' id='word_1_1084' title='bbox 1885 2815 1982 2847; x_wconf 91' lang='lat' dir='ltr'><strong>simul</strong></span> <span class='ocrx_word' id='word_1_1085' title='bbox 2005 2825 2075 2848; x_wconf 84' lang='lat' dir='ltr'><strong>esse</strong></span> <span class='ocrx_word' id='word_1_1086' title='bbox 2090 2825 2161 2848; x_wconf 90' lang='lat' dir='ltr'><strong>non</strong></span> <span class='ocrx_word' id='word_1_1087' title='bbox 2174 2821 2322 2857; x_wconf 76' lang='lat' dir='ltr'><strong>possunt.</strong></span> <span class='ocrx_word' id='word_1_1088' title='bbox 2345 2815 2416 2848; x_wconf 91' lang='lat' dir='ltr'><strong>Nec</strong></span> <span class='ocrx_word' id='word_1_1089' title='bbox 2430 2825 2480 2848; x_wconf 85' lang='lat' dir='ltr'><strong>se-</strong></span> 
     </span>
     <span class='ocr_line' id='line_1_144' title="bbox 1405 2857 2480 2902; baseline 0.002 -12"><span class='ocrx_word' id='word_1_1090' title='bbox 1405 2857 1567 2890; x_wconf 89' lang='lat' dir='ltr'><strong>cundum:</strong></span> <span class='ocrx_word' id='word_1_1091' title='bbox 1588 2859 1666 2900; x_wconf 87' lang='lat' dir='ltr'><strong>quia</strong></span> <span class='ocrx_word' id='word_1_1092' title='bbox 1680 2860 1824 2899; x_wconf 86' lang='lat' dir='ltr'><strong>cognitio</strong></span> <span class='ocrx_word' id='word_1_1093' title='bbox 1840 2860 1992 2892; x_wconf 88' lang='lat' dir='ltr'><strong>naturalis</strong></span> <span class='ocrx_word' id='word_1_1094' title='bbox 2007 2869 2136 2902; x_wconf 71' lang='lat' dir='ltr'><strong>semper</strong></span> <span class='ocrx_word' id='word_1_1095' title='bbox 2149 2866 2274 2898; x_wconf 60' lang='lat' dir='ltr'><strong>manen</strong></span> <span class='ocrx_word' id='word_1_1096' title='bbox 2291 2869 2375 2901; x_wconf 88' lang='lat' dir='ltr'><strong>quae</strong></span> <span class='ocrx_word' id='word_1_1097' title='bbox 2391 2861 2480 2892; x_wconf 86' lang='lat' dir='ltr'><strong>enim</strong></span> 
     </span>
     <span class='ocr_line' id='line_1_145' title="bbox 1405 2903 2479 2947; baseline 0.003 -13"><span class='ocrx_word' id='word_1_1098' title='bbox 1405 2903 1561 2935; x_wconf 86' lang='lat' dir='ltr'><strong>naturalia</strong></span> <span class='ocrx_word' id='word_1_1099' title='bbox 1585 2909 1670 2940; x_wconf 86' lang='lat' dir='ltr'><strong>sunt,</strong></span> <span class='ocrx_word' id='word_1_1100' title='bbox 1694 2910 1846 2936; x_wconf 86' lang='lat' dir='ltr'><strong>manente</strong></span> <span class='ocrx_word' id='word_1_1101' title='bbox 1861 2910 1985 2942; x_wconf 89' lang='lat' dir='ltr'><strong>natura,</strong></span> <span class='ocrx_word' id='word_1_1102' title='bbox 2008 2906 2127 2937; x_wconf 88' lang='lat' dir='ltr'><strong>mutari</strong></span> <span class='ocrx_word' id='word_1_1103' title='bbox 2140 2914 2210 2937; x_wconf 88' lang='lat' dir='ltr'><strong>non</strong></span> <span class='ocrx_word' id='word_1_1104' title='bbox 2225 2910 2373 2946; x_wconf 87' lang='lat' dir='ltr'><strong>possunt.</strong></span> <span class='ocrx_word' id='word_1_1105' title='bbox 2392 2905 2479 2947; x_wconf 81' lang='lat' dir='ltr'><strong>Ergo</strong></span> 
     </span>
     <span class='ocr_line' id='line_1_146' title="bbox 1405 2948 2480 2992; baseline 0.003 -13"><span class='ocrx_word' id='word_1_1106' title='bbox 1405 2958 1475 2980; x_wconf 88' lang='lat' dir='ltr'><strong>non</strong></span> <span class='ocrx_word' id='word_1_1107' title='bbox 1489 2953 1565 2979; x_wconf 91' lang='lat' dir='ltr'><strong>sunt</strong></span> <span class='ocrx_word' id='word_1_1108' title='bbox 1589 2948 1777 2980; x_wconf 87' lang='lat' dir='ltr'><strong>contrariae.</strong></span> <span class='ocrx_word' id='word_1_1109' title='bbox 1794 2967 1817 2972; x_wconf 98' lang='lat'>-</span> <span class='ocrx_word' id='word_1_1110' title='bbox 1832 2948 2054 2982; x_wconf 80' lang='lat' dir='ltr'><strong>Confirmatur</strong></span> <span class='ocrx_word' id='word_1_1111' title='bbox 2069 2950 2259 2982; x_wconf 85' lang='lat' dir='ltr'><strong>auctoritate</strong></span> <span class='ocrx_word' id='word_1_1112' title='bbox 2274 2949 2427 2992; x_wconf 84' lang='lat' dir='ltr'><strong>Apostoli</strong></span> <span class='ocrx_word' id='word_1_1113' title='bbox 2442 2958 2480 2982; x_wconf 78' lang='lat' dir='ltr'><strong>sc</strong></span> 
     </span>
     <span class='ocr_line' id='line_1_147' title="bbox 1406 2993 1590 3034; baseline -0.005 -10"><span class='ocrx_word' id='word_1_1114' title='bbox 1406 2993 1590 3034; x_wconf 86' lang='lat' dir='ltr'><strong>Augustini.</strong></span> 
     </span>
    </p>

    <p class='ocr_par' dir='ltr' id='par_1_21' title="bbox 1405 3037 2480 3212">
     <span class='ocr_line' id='line_1_148' title="bbox 1463 3037 2480 3080; baseline 0.001 -12"><span class='ocrx_word' id='word_1_1115' title='bbox 1463 3047 1492 3068; x_wconf 86' lang='lat'><strong>2.</strong></span> <span class='ocrx_word' id='word_1_1116' title='bbox 1517 3037 1581 3069; x_wconf 86' lang='lat' dir='ltr'><strong>Sed</strong></span> <span class='ocrx_word' id='word_1_1117' title='bbox 1607 3038 1748 3069; x_wconf 90' lang='lat' dir='ltr'><strong>occurrit</strong></span> <span class='ocrx_word' id='word_1_1118' title='bbox 1771 3037 1918 3070; x_wconf 91' lang='lat' dir='ltr'><strong>dubium.</strong></span> <span class='ocrx_word' id='word_1_1119' title='bbox 1945 3038 2113 3077; x_wconf 87' lang='lat' dir='ltr'><strong>Quoniam</strong></span> <span class='ocrx_word' id='word_1_1120' title='bbox 2136 3047 2240 3080; x_wconf 83' lang='lat' dir='ltr'><strong>aquae</strong></span> <span class='ocrx_word' id='word_1_1121' title='bbox 2263 3038 2409 3071; x_wconf 81' lang='lat' dir='ltr'><strong>naturale</strong></span> <span class='ocrx_word' id='word_1_1122' title='bbox 2432 3043 2480 3070; x_wconf 79' lang='lat' dir='ltr'><strong>est</strong></span> 
     </span>
     <span class='ocr_line' id='line_1_149' title="bbox 1407 3081 2480 3124; baseline 0.001 -11"><span class='ocrx_word' id='word_1_1123' title='bbox 1407 3091 1476 3113; x_wconf 88' lang='lat' dir='ltr'><strong>esse</strong></span> <span class='ocrx_word' id='word_1_1124' title='bbox 1491 3081 1619 3122; x_wconf 84' lang='lat' dir='ltr'><strong>frigida:</strong></span> <span class='ocrx_word' id='word_1_1125' title='bbox 1644 3087 1676 3114; x_wconf 89' lang='lat' dir='ltr'><strong>et</strong></span> <span class='ocrx_word' id='word_1_1126' title='bbox 1694 3087 1803 3114; x_wconf 85' lang='lat' dir='ltr'><strong>tamen</strong></span> <span class='ocrx_word' id='word_1_1127' title='bbox 1818 3083 1858 3114; x_wconf 91' lang='lat' dir='ltr'><strong>ab</strong></span> <span class='ocrx_word' id='word_1_1128' title='bbox 1874 3092 1922 3120; x_wconf 87' lang='lat' dir='ltr'><strong>ea,</strong></span> <span class='ocrx_word' id='word_1_1129' title='bbox 1938 3088 2090 3115; x_wconf 89' lang='lat' dir='ltr'><strong>manente</strong></span> <span class='ocrx_word' id='word_1_1130' title='bbox 2113 3092 2208 3124; x_wconf 84' lang='lat' dir='ltr'><strong>aqua,</strong></span> <span class='ocrx_word' id='word_1_1131' title='bbox 2224 3088 2410 3115; x_wconf 85' lang='lat' dir='ltr'><strong>removetur</strong></span> <span class='ocrx_word' id='word_1_1132' title='bbox 2426 3081 2480 3114; x_wconf 75' lang='lat' dir='ltr'><strong>fri-</strong></span> 
     </span>
     <span class='ocr_line' id='line_1_150' title="bbox 1405 3125 2480 3168; baseline 0.002 -11"><span class='ocrx_word' id='word_1_1133' title='bbox 1405 3125 1530 3168; x_wconf 82' lang='lat' dir='ltr'><strong>giditas,</strong></span> <span class='ocrx_word' id='word_1_1134' title='bbox 1558 3136 1635 3158; x_wconf 89' lang='lat' dir='ltr'><strong>cum</strong></span> <span class='ocrx_word' id='word_1_1135' title='bbox 1661 3126 1782 3159; x_wconf 88' lang='lat' dir='ltr'><strong>scilicet</strong></span> <span class='ocrx_word' id='word_1_1136' title='bbox 1808 3126 1924 3159; x_wconf 84' lang='lat' dir='ltr'><strong>calefit.</strong></span> <span class='ocrx_word' id='word_1_1137' title='bbox 1952 3127 2039 3168; x_wconf 89' lang='lat' dir='ltr'><strong>Ergo</strong></span> <span class='ocrx_word' id='word_1_1138' title='bbox 2062 3126 2180 3160; x_wconf 84' lang='lat' dir='ltr'><strong>falsum</strong></span> <span class='ocrx_word' id='word_1_1139' title='bbox 2207 3132 2255 3159; x_wconf 87' lang='lat' dir='ltr'><strong>est</strong></span> <span class='ocrx_word' id='word_1_1140' title='bbox 2277 3125 2369 3168; x_wconf 84' lang='lat' dir='ltr'><strong>quod</strong></span> <span class='ocrx_word' id='word_1_1141' title='bbox 2395 3135 2480 3168; x_wconf 74' lang='lat' dir='ltr'><strong>quae</strong></span> 
     </span>
     <span class='ocr_line' id='line_1_151' title="bbox 1406 3171 2371 3212; baseline 0 -10"><span class='ocrx_word' id='word_1_1142' title='bbox 1406 3171 1563 3203; x_wconf 87' lang='lat' dir='ltr'><strong>naturalia</strong></span> <span class='ocrx_word' id='word_1_1143' title='bbox 1585 3176 1671 3207; x_wconf 86' lang='lat' dir='ltr'><strong>sunt,</strong></span> <span class='ocrx_word' id='word_1_1144' title='bbox 1694 3178 1846 3204; x_wconf 87' lang='lat' dir='ltr'><strong>manente</strong></span> <span class='ocrx_word' id='word_1_1145' title='bbox 1869 3177 1983 3204; x_wconf 87' lang='lat' dir='ltr'><strong>natura</strong></span> <span class='ocrx_word' id='word_1_1146' title='bbox 2005 3172 2123 3204; x_wconf 76' lang='lat' dir='ltr'><strong>mutari</strong></span> <span class='ocrx_word' id='word_1_1147' title='bbox 2145 3181 2215 3204; x_wconf 90' lang='lat' dir='ltr'><strong>non</strong></span> <span class='ocrx_word' id='word_1_1148' title='bbox 2236 3171 2371 3212; x_wconf 85' lang='lat' dir='ltr'><strong>possint.</strong></span> 
     </span>
    </p>

    <p class='ocr_par' dir='ltr' id='par_1_22' title="bbox 1408 3214 2482 3435">
     <span class='ocr_line' id='line_1_152' title="bbox 1463 3214 2479 3258; baseline -0.001 -11"><span class='ocrx_word' id='word_1_1149' title='bbox 1463 3215 1694 3247; x_wconf 83' lang='lat' dir='ltr'><strong>Confirmatur.</strong></span> <span class='ocrx_word' id='word_1_1150' title='bbox 1727 3215 1814 3255; x_wconf 86' lang='lat' dir='ltr'><strong>Quia</strong></span> <span class='ocrx_word' id='word_1_1151' title='bbox 1840 3217 1978 3258; x_wconf 86' lang='lat' dir='ltr'><strong>ipsemet</strong></span> <span class='ocrx_word' id='word_1_1152' title='bbox 2006 3216 2144 3248; x_wconf 85' lang='lat' dir='ltr'><strong>Sanctus</strong></span> <span class='ocrx_word' id='word_1_1153' title='bbox 2175 3216 2330 3252; x_wconf 84' lang='lat' dir='ltr'><strong>Thomas,</strong></span> <span class='ocrx_word' id='word_1_1154' title='bbox 2355 3214 2479 3252; x_wconf 79' lang='lat'><strong>11⁸11··,</strong></span> 
     </span>
     <span class='ocr_line' id='line_1_153' title="bbox 1408 3260 2480 3302; baseline 0.001 -11"><span class='ocrx_word' id='word_1_1155' title='bbox 1408 3269 1440 3301; x_wconf 94' lang='lat' dir='ltr'><strong>q.</strong></span> <span class='ocrx_word' id='word_1_1156' title='bbox 1453 3270 1526 3297; x_wconf 67' lang='lat' dir='ltr'><strong>nvn,</strong></span> <span class='ocrx_word' id='word_1_1157' title='bbox 1543 3270 1571 3292; x_wconf 90' lang='lat' dir='ltr'><strong>a.</strong></span> <span class='ocrx_word' id='word_1_1158' title='bbox 1590 3270 1620 3297; x_wconf 85' lang='lat'><strong>2,</strong></span> <span class='ocrx_word' id='word_1_1159' title='bbox 1637 3260 1678 3292; x_wconf 91' lang='lat' dir='ltr'><strong>ad</strong></span> <span class='ocrx_word' id='word_1_1160' title='bbox 1701 3268 1728 3297; x_wconf 87' lang='grc' dir='ltr'><strong>ι.</strong></span> <span class='ocrx_word' id='word_1_1161' title='bbox 1753 3261 1859 3302; x_wconf 89' lang='lat' dir='ltr'><strong>inquit</strong></span> <span class='ocrx_word' id='word_1_1162' title='bbox 1876 3260 1969 3302; x_wconf 89' lang='lat' dir='ltr'><strong>quod</strong></span> <span class='ocrx_word' id='word_1_1163' title='bbox 1990 3260 2148 3292; x_wconf 81' lang='lat' dir='ltr'><strong>naturalia</strong></span> <span class='ocrx_word' id='word_1_1164' title='bbox 2169 3269 2299 3301; x_wconf 84' lang='lat' dir='ltr'><strong>semper</strong></span> <span class='ocrx_word' id='word_1_1165' title='bbox 2319 3260 2431 3292; x_wconf 82' lang='lat' dir='ltr'><strong>insunt</strong></span> <span class='ocrx_word' id='word_1_1166' title='bbox 2445 3260 2480 3292; x_wconf 89' lang='lat' dir='ltr'><strong>in</strong></span> 
     </span>
     <span class='ocr_line' id='line_1_154' title="bbox 1408 3304 2481 3342; baseline 0 -6"><span class='ocrx_word' id='word_1_1167' title='bbox 1408 3305 1504 3336; x_wconf 91' lang='lat' dir='ltr'><strong>rebus</strong></span> <span class='ocrx_word' id='word_1_1168' title='bbox 1527 3305 1758 3342; x_wconf 80' lang='lat' dir='ltr'><strong>immobilibus,</strong></span> <span class='ocrx_word' id='word_1_1169' title='bbox 1782 3315 1851 3337; x_wconf 88' lang='lat' dir='ltr'><strong>non</strong></span> <span class='ocrx_word' id='word_1_1170' title='bbox 1874 3311 1984 3337; x_wconf 82' lang='lat' dir='ltr'><strong>autem</strong></span> <span class='ocrx_word' id='word_1_1171' title='bbox 2003 3305 2039 3336; x_wconf 90' lang='lat' dir='ltr'><strong>in</strong></span> <span class='ocrx_word' id='word_1_1172' title='bbox 2053 3305 2149 3336; x_wconf 86' lang='lat' dir='ltr'><strong>rebus</strong></span> <span class='ocrx_word' id='word_1_1173' title='bbox 2163 3304 2349 3341; x_wconf 86' lang='lat' dir='ltr'><strong>mobilibus,</strong></span> <span class='ocrx_word' id='word_1_1174' title='bbox 2373 3305 2481 3336; x_wconf 88' lang='lat' dir='ltr'><strong>cuius·</strong></span> 
     </span>
     <span class='ocr_line' id='line_1_155' title="bbox 1409 3349 2482 3391; baseline -0.001 -10"><span class='ocrx_word' id='word_1_1175' title='bbox 1409 3349 1499 3381; x_wconf 87' lang='lat' dir='ltr'><strong>modi</strong></span> <span class='ocrx_word' id='word_1_1176' title='bbox 1515 3355 1563 3381; x_wconf 88' lang='lat' dir='ltr'><strong>est</strong></span> <span class='ocrx_word' id='word_1_1177' title='bbox 1577 3350 1719 3381; x_wconf 87' lang='lat' dir='ltr'><strong>hominis</strong></span> <span class='ocrx_word' id='word_1_1178' title='bbox 1734 3355 1857 3382; x_wconf 85' lang='lat' dir='ltr'><strong>natura.</strong></span> <span class='ocrx_word' id='word_1_1179' title='bbox 1881 3350 1978 3391; x_wconf 87' lang='lat' dir='ltr'><strong>Ergo,</strong></span> <span class='ocrx_word' id='word_1_1180' title='bbox 1995 3349 2142 3390; x_wconf 72' lang='lat' dir='ltr'><strong>quamvis</strong></span> <span class='ocrx_word' id='word_1_1181' title='bbox 2157 3349 2266 3390; x_wconf 90' lang='lat' dir='ltr'><strong>aliqua</strong></span> <span class='ocrx_word' id='word_1_1182' title='bbox 2281 3349 2426 3390; x_wconf 88' lang='lat' dir='ltr'><strong>cognitio</strong></span> <span class='ocrx_word' id='word_1_1183' title='bbox 2441 3349 2482 3380; x_wconf 90' lang='lat' dir='ltr'><strong>sit</strong></span> 
     </span>
     <span class='ocr_line' id='line_1_156' title="bbox 1409 3394 2480 3435; baseline -0.001 -9"><span class='ocrx_word' id='word_1_1184' title='bbox 1409 3394 1535 3426; x_wconf 89' lang='lat' dir='ltr'><strong>homini</strong></span> <span class='ocrx_word' id='word_1_1185' title='bbox 1546 3394 1709 3431; x_wconf 84' lang='lat' dir='ltr'><strong>naturalis,</strong></span> <span class='ocrx_word' id='word_1_1186' title='bbox 1725 3399 1833 3435; x_wconf 84' lang='lat' dir='ltr'><strong>potest</strong></span> <span class='ocrx_word' id='word_1_1187' title='bbox 1847 3399 1956 3426; x_wconf 86' lang='lat' dir='ltr'><strong>tamen</strong></span> <span class='ocrx_word' id='word_1_1188' title='bbox 1971 3394 2010 3425; x_wconf 88' lang='lat' dir='ltr'><strong>ab</strong></span> <span class='ocrx_word' id='word_1_1189' title='bbox 2022 3394 2156 3425; x_wconf 87' lang='lat' dir='ltr'><strong>homine</strong></span> <span class='ocrx_word' id='word_1_1190' title='bbox 2167 3399 2319 3426; x_wconf 89' lang='lat' dir='ltr'><strong>manente</strong></span> <span class='ocrx_word' id='word_1_1191' title='bbox 2331 3394 2480 3435; x_wconf 88' lang='lat' dir='ltr'><strong>separari.</strong></span> 
     </span>
    </p>

    <p class='ocr_par' dir='ltr' id='par_1_23' title="bbox 1410 3437 2483 3658">
     <span class='ocr_line' id='line_1_157' title="bbox 1467 3437 2480 3480; baseline 0 -10"><span class='ocrx_word' id='word_1_1192' title='bbox 1467 3439 1497 3470; x_wconf 90' lang='lat'><strong>3.</strong></span> <span class='ocrx_word' id='word_1_1193' title='bbox 1521 3438 1573 3470; x_wconf 88' lang='lat' dir='ltr'><strong>Ad</strong></span> <span class='ocrx_word' id='word_1_1194' title='bbox 1599 3439 1679 3471; x_wconf 87' lang='lat' dir='ltr'><strong>haec</strong></span> <span class='ocrx_word' id='word_1_1195' title='bbox 1706 3438 1804 3471; x_wconf 87' lang='lat' dir='ltr'><strong>dubia</strong></span> <span class='ocrx_word' id='word_1_1196' title='bbox 1829 3438 1926 3470; x_wconf 80' lang='lat' dir='ltr'><strong>simul</strong></span> <span class='ocrx_word' id='word_1_1197' title='bbox 1951 3437 2192 3479; x_wconf 84' lang='lat' dir='ltr'><strong>respondendo,</strong></span> <span class='ocrx_word' id='word_1_1198' title='bbox 2219 3437 2336 3470; x_wconf 86' lang='lat' dir='ltr'><strong>dicitur</strong></span> <span class='ocrx_word' id='word_1_1199' title='bbox 2361 3439 2480 3480; x_wconf 85' lang='lat' dir='ltr'><strong>primo.</strong></span> 
     </span>
     <span class='ocr_line' id='line_1_158' title="bbox 1411 3482 2481 3523; baseline 0 -9"><span class='ocrx_word' id='word_1_1200' title='bbox 1411 3483 1501 3523; x_wconf 91' lang='lat' dir='ltr'><strong>quod</strong></span> <span class='ocrx_word' id='word_1_1201' title='bbox 1525 3483 1678 3520; x_wconf 86' lang='lat' dir='ltr'><strong>naturale,</strong></span> <span class='ocrx_word' id='word_1_1202' title='bbox 1695 3488 1731 3514; x_wconf 90' lang='lat' dir='ltr'><strong>ut</strong></span> <span class='ocrx_word' id='word_1_1203' title='bbox 1752 3483 1849 3514; x_wconf 88' lang='lat' dir='ltr'><strong>habet</strong></span> <span class='ocrx_word' id='word_1_1204' title='bbox 1872 3482 2008 3514; x_wconf 86' lang='lat' dir='ltr'><strong>Sanctus</strong></span> <span class='ocrx_word' id='word_1_1205' title='bbox 2024 3482 2180 3519; x_wconf 82' lang='lat' dir='ltr'><strong>Thomas,</strong></span> <span class='ocrx_word' id='word_1_1206' title='bbox 2196 3482 2333 3522; x_wconf 88' lang='lat' dir='ltr'><strong>Quarto,</strong></span> <span class='ocrx_word' id='word_1_1207' title='bbox 2349 3482 2380 3514; x_wconf 84' lang='lat' dir='ltr'><strong>d.</strong></span> <span class='ocrx_word' id='word_1_1208' title='bbox 2397 3492 2481 3519; x_wconf 67' lang='lat' dir='ltr'><strong>xxvi,</strong></span> 
     </span>
     <span class='ocr_line' id='line_1_159' title="bbox 1410 3526 2482 3569; baseline 0.001 -11"><span class='ocrx_word' id='word_1_1209' title='bbox 1410 3537 1442 3568; x_wconf 90' lang='lat' dir='ltr'><strong>q.</strong></span> <span class='ocrx_word' id='word_1_1210' title='bbox 1465 3535 1491 3564; x_wconf 85' lang='lat'><strong>1,</strong></span> <span class='ocrx_word' id='word_1_1211' title='bbox 1508 3537 1536 3558; x_wconf 86' lang='lat' dir='ltr'><strong>a.</strong></span> <span class='ocrx_word' id='word_1_1212' title='bbox 1558 3535 1586 3564; x_wconf 81' lang='grc' dir='ltr'><strong>ι,</strong></span> <span class='ocrx_word' id='word_1_1213' title='bbox 1607 3527 1778 3569; x_wconf 86' lang='lat' dir='ltr'><strong>dupliciter</strong></span> <span class='ocrx_word' id='word_1_1214' title='bbox 1801 3526 1929 3558; x_wconf 89' lang='lat' dir='ltr'><strong>dicitur:</strong></span> <span class='ocrx_word' id='word_1_1215' title='bbox 1954 3526 2076 3559; x_wconf 86' lang='lat' dir='ltr'><strong>scilicet</strong></span> <span class='ocrx_word' id='word_1_1216' title='bbox 2097 3532 2154 3559; x_wconf 88' lang='lat' dir='ltr'><strong>aut</strong></span> <span class='ocrx_word' id='word_1_1217' title='bbox 2177 3527 2268 3568; x_wconf 89' lang='lat' dir='ltr'><strong>quod</strong></span> <span class='ocrx_word' id='word_1_1218' title='bbox 2283 3537 2302 3558; x_wconf 88' lang='lat' dir='ltr'><strong>a</strong></span> <span class='ocrx_word' id='word_1_1219' title='bbox 2316 3527 2482 3569; x_wconf 87' lang='lat' dir='ltr'><strong>principiis</strong></span> 
     </span>
     <span class='ocr_line' id='line_1_160' title="bbox 1410 3571 2482 3613; baseline 0 -10"><span class='ocrx_word' id='word_1_1220' title='bbox 1410 3578 1542 3603; x_wconf 89' lang='lat' dir='ltr'><strong>naturae</strong></span> <span class='ocrx_word' id='word_1_1221' title='bbox 1569 3571 1609 3603; x_wconf 88' lang='lat' dir='ltr'><strong>de</strong></span> <span class='ocrx_word' id='word_1_1222' title='bbox 1636 3571 1824 3604; x_wconf 84' lang='lat' dir='ltr'><strong>necessitate</strong></span> <span class='ocrx_word' id='word_1_1223' title='bbox 1847 3576 2012 3608; x_wconf 63' lang='lat' dir='ltr'><strong>causamn</strong></span> <span class='ocrx_word' id='word_1_1224' title='bbox 2036 3576 2092 3603; x_wconf 87' lang='lat' dir='ltr'><strong>aut</strong></span> <span class='ocrx_word' id='word_1_1225' title='bbox 2118 3571 2158 3603; x_wconf 83' lang='lat' dir='ltr'><strong>ad</strong></span> <span class='ocrx_word' id='word_1_1226' title='bbox 2181 3571 2272 3613; x_wconf 90' lang='lat' dir='ltr'><strong>quod</strong></span> <span class='ocrx_word' id='word_1_1227' title='bbox 2298 3578 2411 3604; x_wconf 87' lang='lat' dir='ltr'><strong>natura</strong></span> <span class='ocrx_word' id='word_1_1228' title='bbox 2433 3572 2482 3603; x_wconf 90' lang='lat' dir='ltr'><strong>in·</strong></span> 
     </span>
     <span class='ocr_line' id='line_1_161' title="bbox 1411 3615 2483 3658; baseline -0.001 -10"><span class='ocrx_word' id='word_1_1229' title='bbox 1411 3616 1517 3648; x_wconf 86' lang='lat' dir='ltr'><strong>clinat.</strong></span> <span class='ocrx_word' id='word_1_1230' title='bbox 1530 3617 1714 3658; x_wconf 89' lang='lat' dir='ltr'><strong>Propositio</strong></span> <span class='ocrx_word' id='word_1_1231' title='bbox 1726 3625 1803 3657; x_wconf 88' lang='lat' dir='ltr'><strong>ergo</strong></span> <span class='ocrx_word' id='word_1_1232' title='bbox 1815 3615 1905 3652; x_wconf 87' lang='lat' dir='ltr'><strong>haec,</strong></span> <span class='ocrx_word' id='word_1_1233' title='bbox 1917 3615 2009 3657; x_wconf 90' lang='lat' dir='ltr'><strong>quod</strong></span> <span class='ocrx_word' id='word_1_1234' title='bbox 2020 3616 2189 3648; x_wconf 79' lang='lat' dir='ltr'><strong>naturalia</strong></span> <span class='ocrx_word' id='word_1_1235' title='bbox 2201 3621 2351 3648; x_wconf 82' lang='lat' dir='ltr'><strong>manente</strong></span> <span class='ocrx_word' id='word_1_1236' title='bbox 2362 3621 2483 3648; x_wconf 80' lang='lat' dir='ltr'><strong>natura</strong></span> 
     </span>
    </p>
   </div>
   <div class='ocr_carea' id='block_1_10' title="bbox 2503 1421 2717 1499">
    <p class='ocr_par' dir='ltr' id='par_1_24' title="bbox 2503 1421 2717 1499">
     <span class='ocr_line' id='line_1_162' title="bbox 2505 1421 2717 1451; baseline -0.005 -7"><span class='ocrx_word' id='word_1_1237' title='bbox 2505 1423 2514 1434; x_wconf 90' lang='lat'>·</span> <span class='ocrx_word' id='word_1_1238' title='bbox 2530 1421 2638 1451; x_wconf 66' lang='lat' dir='ltr'><strong>Metapa.</strong></span> <span class='ocrx_word' id='word_1_1239' title='bbox 2654 1421 2717 1449; x_wconf 80' lang='lat' dir='ltr'><strong>vm,</strong></span> 
     </span>
     <span class='ocr_line' id='line_1_163' title="bbox 2503 1448 2717 1499; baseline -0.009 -27"><span class='ocrx_word' id='word_1_1240' title='bbox 2503 1454 2568 1499; x_wconf 42' lang='lat' dir='ltr'><strong>fag:</strong></span> <span class='ocrx_word' id='word_1_1241' title='bbox 2582 1455 2602 1472; x_wconf 81' lang='lat' dir='ltr'><strong>s.</strong></span> <span class='ocrx_word' id='word_1_1242' title='bbox 2615 1448 2661 1471; x_wconf 73' lang='lat' dir='ltr'><strong>Th.</strong></span> <span class='ocrx_word' id='word_1_1243' title='bbox 2676 1448 2717 1473; x_wconf 84' lang='lat' dir='ltr'><strong>lx.</strong></span> 
     </span>
    </p>
   </div>
  </div>
 </body>
</html>
