2768 4134
0 1740 6 1864 .,„.,-„⁷.
0 1646 7 1726 —,.‘-.
0 1619 3 1622 .
0 1528 13 1576 5'‘'.,

0 3984 2 3989 ·
7 3970 10 3972 ⁴
0 3162 14 3959 uveam—N-:WWrW-v'
0 3117 3 3144 *⁷*

820 277 1009 315 SUMMA
1039 280 1260 319 CONTRA
1289 283 1564 331 GENTILES,
1593 286 1687 323 LIB.
1709 288 1749 332 ΙΙ,
1781 288 1891 325 CAP.
1913 290 1973 326 lV.

300 355 470 393 niuntur.
502 353 616 390 Fides
645 362 776 391 autem
806 355 1023 394 Christiana
1051 371 1115 395 eas
1143 361 1370 407 considerat,

300 421 381 446 non
397 408 631 458 inquantum
651 408 890 454 huiusmodi,
907 418 1039 458 utpote
1060 412 1187 460 ignem
1208 414 1371 464 inquan-

299 470 384 500 tum
404 460 501 511 ignis
521 468 587 507 est,
604 461 672 498 sed
692 460 926 511 inquantum
944 464 1116 502 divinam
1131 467 1371 506 altitudinem

298 522 569 566 repraesentat,
599 522 635 551 et
667 513 707 551 in
740 515 871 564 ipsum
899 516 1030 555 Deum
1058 531 1220 569 quoquo
1250 523 1370 560 modo

298 569 511 607 ordinatur.
542 569 591 606 Ut
620 567 726 605 enim
754 570 869 606 Eccli.
890 569 1039 607 XL11¹⁶¹'7
1063 572 1210 619 dicitur,
1240 576 1371 613 Gloria
1394 588 1402 607 ⁵

298 625 458 660 Domini
469 623 626 672 plenum
646 627 697 659 est
716 634 809 671 opus
824 624 912 659 eius.
930 625 1071 661 Nonne
1085 627 1268 664 Dominus
1277 630 1371 677 jecit

298 689 484 714 enarrare
510 681 659 712 sanctos
687 678 816 712 omnia
845 678 1033 714 mirabilia
1062 680 1158 716 sua?

352 731 401 767 Et
419 736 579 779 propter
594 730 670 766 hoc
690 728 807 766 etiam
822 730 895 767 alia
910 729 1010 767 circa
1024 740 1216 769 creaturas
1231 742 1267 771 et
1282 735 1370 772 Phi-

297 784 487 833 losophus
506 790 543 820 et
563 781 705 820 Fidelis
723 782 953 821 considerat.
982 784 1243 835 Philosophus
1263 801 1370 826 nam-

297 849 374 887 que
402 837 621 874 considerat
650 836 712 874 illa
740 849 842 886 quae
872 837 926 874 eis
955 839 1173 876 secundum
1193 849 1370 879 naturam
1388 859 1412 872 ιο

295 891 496 941 propriam
515 891 771 928 conveniunt:
793 891 890 928 sicut
910 891 986 940 igni
1006 891 1093 928 ferri
1113 905 1280 931 sursum.
1311 895 1370 931 Fi-

295 944 390 982 delis
419 952 551 982 autern
580 957 626 983 ea
654 946 783 982 solum
810 945 1029 982 considerat
1054 945 1153 983 circa
1179 956 1370 985 creaturas

296 1011 398 1049 quae
434 999 488 1036 eis
523 998 764 1036 conveniunt
799 999 1018 1036 secundum
1055 1001 1162 1049 quod
1198 1010 1287 1038 sunt
1322 1003 1370 1039 ad

297 1053 428 1091 Deum
462 1053 595 1090 relata:
630 1061 781 1102 utpote,
811 1053 919 1102 quod
948 1060 1037 1090 sunt
1069 1066 1091 1090 a
1120 1055 1204 1091 Deo
1233 1064 1369 1102 creata,

296 1107 406 1156 quod
435 1114 525 1144 sunt
553 1107 639 1144 Deo
669 1105 852 1152 subiecta,
881 1114 918 1144 et
947 1106 1186 1144 huiusmodi.

352 1160 465 1198 Unde
480 1172 562 1198 non
577 1168 633 1198 est
647 1161 697 1197 ad
717 1160 1051 1209 imperfectionem
1067 1161 1263 1198 doctrinae
1279 1162 1369 1199 fidei

296 1213 574 1264 imputandum
603 1213 634 1251 si
663 1214 804 1251 multas
833 1226 963 1252 rerum
990 1214 1242 1264 proprietates
1262 1228 1369 1265 prae-

294 1266 492 1307 termittat:
522 1274 565 1305 ut
593 1267 687 1305 caeli
715 1266 895 1316 figuram,
916 1276 952 1305 et
976 1276 1107 1306 motus
1133 1269 1367 1319 qualitatem.

271 1319 498 1369 &Qicenim
523 1320 597 1359 nec
625 1321 821 1360 Naturalis
856 1321 957 1359 circa
992 1322 1133 1360 lineam
1169 1322 1250 1360 illas
1284 1336 1369 1372 pas-

293 1374 425 1413 siones
453 1375 671 1414 considerat
699 1388 797 1426 quas
816 1376 1041 1414 Geometra:
1072 1377 1139 1414 sed
1169 1378 1297 1414 solum
1324 1390 1370 1415 ea
1385 1395 1410 1409 20

293 1440 398 1479 quae
425 1428 607 1468 accidunt
635 1429 707 1468 sibi
737 1429 970 1480 inquantum
997 1438 1054 1467 est
1078 1430 1266 1468 terminus
1286 1444 1369 1469 cor-

294 1481 402 1533 poris
429 1483 625 1522 naturalis.

350 1535 391 1575 Si
410 1549 489 1588 qua
507 1550 603 1576 vero
623 1537 724 1576 circa
743 1546 938 1576 creaturas
958 1538 1221 1576 communiter
1239 1551 1261 1576 a
1281 1538 1368 1576 Phi-

294 1590 463 1640 losopho
492 1600 528 1629 et
557 1591 678 1630 Fideli
707 1592 1012 1638 considerantur,
1041 1605 1112 1642 per
1139 1592 1212 1630 alia
1237 1600 1272 1629 et
1296 1592 1369 1630 alia

2416 305 2491 341 279

1426 372 1558 401 autem
1586 377 1633 402 ex
1661 378 1777 404 causa
1803 367 1945 416 prima,
1975 376 2018 405 ut
2045 378 2153 419 puta,
2183 371 2275 420 quia
2306 372 2360 410 sic
2397 373 2492 410 divi-

1426 417 1529 454 nitus
1558 426 1614 455 est
1640 420 1839 466 traditum;
1869 422 1931 457 vel
1959 422 2050 471 quia
2078 423 2154 461 hoc
2178 423 2216 462 in
2239 426 2400 474 gloriam
2420 427 2490 464 Dei

1426 471 1543 518 cedit;
1573 473 1634 508 vel
1663 473 1754 522 quia
1782 473 1854 511 Dei
1881 482 2050 523 potestas
2069 485 2125 514 est
2143 477 2302 516 infinita.
2322 480 2434 517 Unde
2455 488 2491 517 et

1427 523 1509 572 ipsa
1538 524 1708 563 maxima
1741 527 1926 576 sapientia
1954 528 2028 565 dici
2056 529 2179 576 debet,
2213 540 2346 581 utpote
2374 546 2491 583 super

1426 577 1650 616 altissimam
1669 592 1828 617 causam
1847 580 2095 619 considerans
2109 583 2144 620 *ε
2165 586 2381 623 secundum
2397 586 2489 624 illud

1429 631 1533 668 Deut.
1555 629 1629 669 ivs':
1659 634 1771 670 Haec
1798 639 1849 670 est
1875 636 2055 683 sapientia
2083 643 2203 674 vestra
2231 644 2265 675 et
2292 640 2490 677 intellectus

1426 696 1556 721 coram
1580 686 1739 735 populis.
1771 687 1818 723 Et
1845 694 2004 736 propter
2026 689 2101 725 hoc
2121 689 2203 736 sibi,
2223 691 2332 740 quasi
2351 692 2488 741 princi-

1426 737 1513 785 pali,
1543 738 1789 788 philosophia
1821 740 1995 778 humana
2028 742 2202 780 deservit.
2233 745 2280 781 Et
2312 745 2399 782 ideo
2433 746 2488 783 in-

1426 791 1579 828 terdum
1608 804 1653 829 ex
1683 792 1878 842 principiis
1905 793 2175 844 philosophiae
2204 797 2398 835 humanae
2431 812 2488 836 sa-

1426 843 1568 892 pientia
1583 845 1714 883 divina
1730 847 1913 895 procedit.
1935 848 2039 884 Nam
2058 857 2094 885 et
2111 850 2215 898 apud
2235 851 2488 901 philosophos

1427 897 1555 934 Prima
1591 899 1841 949 Philosophia
1878 899 1997 937 utitur
2030 902 2209 939 omnium
2245 904 2487 943 scientiarum

1426 950 1668 988 documentis
1697 953 1744 989 ad
1773 966 1890 990 suum
1919 955 2163 1004 propositum
2192 958 2487 996 ostendendum.

1481 1004 1628 1042 Exinde
1644 1006 1758 1043 etiam
1779 1015 1834 1043 est
1853 1008 1960 1056 quod
1981 1020 2061 1045 non
2077 1010 2216 1047 eodem
2234 1011 2368 1048 ordine
2388 1020 2488 1050 utra-

1426 1069 1502 1105 que
1531 1058 1704 1096 doctrina
1731 1060 1913 1109 procedit.
1944 1062 2048 1098 Nam
2068 1061 2106 1099 in
2126 1063 2300 1101 doctrina
2318 1064 2486 1114 philoso-

1387 1126 1407 1139 1·
1425 1110 1550 1159 phiae‚
1572 1124 1672 1160 quae
1691 1122 1882 1151 creaturas
1911 1115 2128 1152 secundum
2154 1129 2194 1154 se
2217 1117 2433 1156 considerat
2452 1128 2488 1157 et

1426 1176 1471 1200 ex
1506 1164 1559 1201 eis
1593 1165 1631 1202 in
1666 1166 1736 1203 Dei
1773 1167 2031 1216 cognitionem
2066 1170 2250 1218 perducit,
2279 1171 2404 1220 prima
2432 1181 2487 1210 est

1425 1217 1678 1256 consideratio
1714 1220 1761 1256 de
1797 1221 1978 1258 creaturis
2011 1230 2052 1261 et
2074 1223 2208 1261 ultima
2235 1225 2283 1261 de
2312 1225 2409 1263 Deo.
2445 1228 2486 1263 In

1425 1271 1598 1309 doctrina
1626 1285 1719 1310 vero
1755 1273 1856 1320 fidei,
1886 1287 1986 1323 quae
2014 1284 2204 1314 creaturas
2239 1290 2319 1315 non
2347 1278 2419 1316 nisi
2448 1279 2486 1317 in

1425 1325 1560 1362 ordine
1589 1326 1637 1363 ad
1666 1327 1795 1364 Deum
1822 1328 2049 1374 considerat,
2073 1330 2200 1379 primo
2229 1339 2284 1368 est
2311 1332 2486 1370 conside-

1426 1378 1520 1416 ratio
1541 1379 1612 1416 Dei
1637 1388 1673 1416 et
1701 1382 1955 1429 postmodum
1983 1391 2256 1421 creaturarum.
2286 1386 2335 1422 Et
2360 1386 2413 1423 sic
2432 1395 2487 1423 est

1424 1433 1640 1482 perfectior:
1671 1442 1803 1483 utpote
1823 1434 1895 1472 Dei
1924 1436 2130 1484 cognitioni
2151 1437 2320 1484 similior,
2343 1439 2410 1488 qui
2430 1452 2486 1477 se-

1425 1486 1554 1536 ipsum
1583 1499 1820 1535 cognoscens
1849 1488 1920 1526 alia
1949 1489 2128 1527 intuetur.

1477 1540 1601 1585 Unde,
1628 1541 1845 1579 secundum
1874 1542 1977 1579 hunc
2006 1543 2194 1590 ordinem,
2214 1553 2300 1594 post
2318 1558 2363 1583 ea
2386 1558 2485 1596 quae

1425 1593 1472 1630 de
1502 1594 1586 1631 Deo
1616 1594 1654 1631 in
1683 1607 1723 1632 se
1752 1594 1790 1631 in
1819 1595 1947 1644 primo
1976 1595 2072 1634 libro
2102 1604 2191 1634 sunt
2218 1598 2328 1644 dicta,
2351 1598 2399 1636 de
2428 1599 2486 1636 his

293 1642 483 1695 principia
509 1646 727 1684 traduntur.
758 1648 863 1684 Nam
884 1645 1148 1696 Philosophus
1166 1658 1368 1695 argumen-
1384 1663 1407 1683 ις
1425 1659 1526 1696 quae
1555 1647 1603 1685 ab
1633 1648 1716 1697 ipso
1746 1656 1834 1685 sunt
1862 1657 1975 1686 restat
2002 1651 2330 1699 prosequendum.

293 1704 379 1736 tum
407 1700 570 1737 assumit
604 1713 652 1738 ex
687 1700 854 1751 propriis
889 1713 1021 1738 rerum
1056 1700 1197 1738 causis:
1228 1700 1368 1737 Fidelis

344 1812 362 1839 8
381 1813 439 1848 alia]
459 1813 508 1839 alia
527 1819 553 1839 et
572 1814 649 1845 ΒΓΗ,
669 1815 719 1840 alia
738 1820 763 1840 et
782 1815 831 1840 alia
851 1814 879 1840 P.
965 1820 990 1840 et
1008 1822 1051 1840 om
1072 1814 1199 1840 BDWZb.

289 1854 349 1882 cap.
363 1847 390 1875 6.
409 1849 456 1875 28¹
480 1858 494 1875 a
506 1857 548 1876 αι.
634 1849 668 1875 16
687 1851 720 1876 ad
739 1850 972 1884 imperfectionem]
992 1850 1178 1883 imperfectioni
1198 1851 1241 1876 Pc.

289 1885 355 1918 apia
371 1885 518 1919 traduntur]
537 1891 626 1911 tamen
644 1886 769 1919 principia
789 1886 820 1911 D.

343 1929 362 1953 4
380 1921 502 1956 maxima}
522 1922 634 1947 maxime
653 1922 684 1947 D.
776 1922 865 1956 super]
885 1930 991 1955 semper
1010 1922 1083 1947 DPd.

1285 1823 1302 1849 9
1321 1814 1476 1849 considerat]
1498 1815 1662 1840 considerant
1682 1815 1729 1840 Pd.

1328 1850 1360 1876 ¹8
1379 1857 1404 1876 et
1423 1857 1511 1876 motus
1527 1851 1570 1876 Ita
1588 1851 1646 1881 DN;
1667 1856 1764 1876 motus.

1817 1822 1844 1840 ιι
1868 1815 1919 1849 igni
1939 1816 1981 1841 Ita
1995 1816 2102 1848 WsGP;
2122 1817 2208 1850 ignem
2222 1817 2250 1847 Z,
2265 1817 2329 1850 ignis
2347 1818 2429 1843 ceter-1*
2433 1825 2441 1846 ,⁴
2453 1818 2487 1852 cs.

1850 1859 1883 1876 20
1902 1852 2050 1885 Geometra]
2069 1852 2210 1878 Geometer
2222 1853 2285 1877 WZ.
2367 1853 2398 1878 25
2418 1854 2487 1886 prin-

1174 1929 1207 1953 24
1226 1922 1258 1947 de
1278 1922 1334 1947 Deo
1352 1922 1378 1946 in
1397 1930 1426 1947 se
1446 1922 1488 1948 Ita
1508 1922 1544 1952 D;
1563 1923 1589 1947 in
1607 1929 1638 1947 se
1657 1923 1689 1947 de
1707 1923 1764 1947 Deo
1781 1923 1871 1948 ceteri.

1053 2010 1392 2043 commentaria
1420 2011 1729 2043 Fen-ariensis

344 2118 403 2140 osr
439 2107 732 2139 considerationem
764 2108 906 2139 utilitatis
945 2118 1042 2148 quam
1077 2118 1115 2139 ex
1148 2114 1364 2139 creaturarum

346 2153 605 2184 consideratione
629 2152 811 2184 Christiana
833 2152 913 2183 fides
940 2154 1143 2190 nanciscitur,
1169 2163 1244 2184 cum
1269 2154 1365 2184 etiam

290 2197 509 2240 philosophus
532 2196 572 2228 de
595 2198 674 2238 ipsis
697 2198 849 2228 creaturis
872 2203 1052 2238 pertractet,
1074 2203 1170 2228 restat
1193 2197 1365 2228 ostenden-

289 2243 369 2274 dum
393 2252 477 2284 quae
498 2242 539 2272 sit
561 2241 740 2273 differentia
758 2243 841 2273 inter
859 2243 1052 2283 theologum
1077 2248 1109 2273 et
1131 2242 1365 2283 philosophum

45 2289 56 2300 '
70 2288 108 2312 Cf·
125 2288 260 2311 commem.
289 2287 324 2319 in
342 2293 561 2319 creaturarum
577 2285 836 2318 consideratione
847 2287 874 2317 ’ἱ
892 2287 986 2317 Circa
1001 2287 1066 2318 hoc
1082 2292 1191 2318 autem
1207 2286 1274 2318 duo
1292 2286 1366 2318 facit

42 2318 98 2344 οφ.
113 2320 137 2341 ιι,
153 2314 204 2338 init.

44 2426 56 2438 ⁸
69 2422 108 2449 ut.
122 2428 192 2450 nan.

289 2331 426 2364 Sanctus
442 2331 598 2362 Thomas.
623 2332 733 2362 Primo
750 2333 837 2362 enirn
861 2332 979 2362 horum
996 2331 1209 2363 differentiam
1226 2331 1366 2362 ostendit

291 2382 452 2419 quantum
468 2376 509 2407 ad
525 2386 562 2407 ea
586 2385 670 2416 quae
695 2377 734 2406 ab
758 2382 899 2417 utroque
924 2376 1184 2413 considerantur;
1209 2376 1364 2412 secund0,

288 2428 449 2464 quantum
470 2420 511 2452 ad
533 2421 618 2462 ipsas
642 2421 918 2452 considerationes
944 2426 975 2452 et
998 2421 1146 2452 scientias
1158 2422 1185 2451 *.

347 2466 369 2498 1.
394 2466 564 2505 Quantum
589 2465 628 2497 ad
651 2466 804 2506 primum,
827 2471 995 2506 ponuntur
1018 2465 1101 2497 duae
1125 2465 1364 2496 conclusiones.

289 2511 438 2551 Quarum
461 2512 565 2552 prima
597 2516 659 2542 est:
691 2511 767 2542 Alia
791 2511 920 2541 ratione
950 2510 1167 2541 subiiciuntur
1194 2515 1366 2541 creaturae

289 2556 460 2588 doctrinae
464 2556 550 2598 fidei
568 2555 776 2587 Christianae
788 2556 871 2595 (sive
885 2555 1080 2598 theologiae,
1093 2555 1181 2596 quod
1193 2555 1275 2585 idem
1293 2556 1364 2595 est),

289 2606 321 2632 et
343 2602 412 2633 alia
429 2600 659 2642 philosophiae
681 2601 855 2631 humanae.
881 2600 1048 2631 Probatur.
1073 2600 1158 2638 Quia
1181 2599 1365 2640 theologiae

289 2646 506 2677 subiiciuntur
519 2646 715 2686 inquantum
740 2646 772 2676 in
793 2646 838 2676 eis
854 2645 962 2676 divina
977 2644 1155 2676 similitudo
1177 2645 1316 2681 resultat,
1335 2650 1366 2675 et

289 2691 323 2722 in
347 2692 455 2732 ipsum
480 2691 589 2721 Deum
613 2700 752 2732 quoquo
776 2690 878 2721 modo
902 2690 1101 2726 ordinantur,
1121 2695 1157 2720 ut
1175 2690 1311 2720 habetur
1326 2699 1364 2719 ex

289 2734 403 2772 Eccli„
422 2746 485 2767 xm
501 2745 587 2776 cap.:
604 2735 832 2776 philosophiae
848 2741 958 2766 autem
974 2735 1135 2765 humanae
1151 2734 1364 2764 subiiciuntur

290 2780 472 2812 secundum
503 2780 595 2821 quod
624 2779 814 2812 huiusmodi
845 2790 895 2811 res
927 2786 1011 2817 sunt,
1037 2785 1115 2820 puta
1146 2779 1237 2819 ignis
1269 2788 1362 2819 aqua,

289 2825 427 2862 caelum,
453 2831 485 2856 et
507 2825 714 2862 huiusmodi;
738 2825 826 2856 unde
851 2831 882 2856 et
905 2824 1085 2855 secundum
1110 2823 1233 2854 diversa
1257 2832 1362 2853 rerum

290 2879 407 2911 genera
425 2869 568 2902 diversae
592 2876 697 2911 partes
713 2870 940 2910 philosophiae
964 2870 1181 2899 inveniuntur.
1199 2868 1284 2907 Ergo
1302 2873 1362 2897 etc.

346 2913 522 2947 Sciendum
547 2915 647 2956 quod,
665 2924 742 2946 cum
759 2914 878 2955 duplex
902 2915 942 2944 sit
958 2915 1039 2944 ratio
1064 2913 1205 2943 formalis
1228 2912 1363 2942 subiecti

289 2959 453 2996 scientiae,
476 2970 542 2991 una
566 2969 650 3001 quae
675 2961 828 2991 convenit
850 2960 895 2990 rei
919 2965 955 2989 ut
978 2969 1026 2989 res
1044 2964 1100 2994 est,
1125 2957 1165 2988 ad
1189 2966 1287 2997 quam
1303 2957 1363 2986 sci-

290 3004 365 3035 licet
388 3005 494 3046 primo
519 3010 551 3035 et
573 3014 632 3046 per
653 3014 688 3035 se
711 3005 844 3036 scientia
868 3005 1066 3039 terminatur,
1098 3007 1129 3032 et
1162 3011 1245 3042 quae
1276 3010 1362 3031 assu-

290 3049 389 3080 mitur
420 3059 480 3090 pro
510 3049 621 3080 medio
645 3049 685 3080 ad
714 3049 1002 3080 demonstrandum
1029 3048 1193 3088 passiones
1217 3046 1256 3076 de
1288 3045 1363 3075 sub-

289 3093 391 3131 iecto;
415 3095 477 3125 alia
500 3104 578 3125 vero
602 3104 686 3135 quae
710 3095 863 3125 convenit
879 3094 938 3124 sibi
962 3098 998 3123 ut
1017 3093 1200 3122 continetur
1224 3090 1282 3120 sub
1299 3090 1362 3119 hoc

289 3147 407 3179 genere
425 3139 516 3180 quod
532 3138 607 3170 dico
622 3139 742 3176 scibile,
760 3138 940 3170 secundum
957 3147 1055 3177 quarn
1072 3136 1192 3166 scilicet
1216 3134 1363 3165 denomi-·

289 3189 385 3214 natur
396 3185 579 3215 subiectum
595 3194 614 3215 a
628 3184 738 3215 medio
751 3182 986 3224 cognoscendi:
1004 3182 1055 3212 hic
1072 3181 1216 3220 loquitur
1228 3179 1362 3210 Sanctus

291 3227 437 3260 Thomas
461 3228 501 3259 de
525 3229 650 3260 ratione
674 3228 802 3260 formali
826 3228 961 3258 subiecti
978 3235 1061 3266 quae
1076 3225 1229 3256 convenit
1252 3224 1310 3254 sibi
1327 3229 1367 3263 ut¹

289 3278 338 3304 est
360 3283 421 3310 res,
445 3283 513 3304 non
538 3273 578 3304 de
602 3274 656 3304 illa
680 3283 764 3314 quae
789 3273 849 3303 sibi
873 3271 1026 3302 convenit
1048 3275 1085 3300 ut
1108 3275 1155 3300 est
1177 3268 1297 3299 scibile.

346 3317 411 3349 Sed
434 3318 707 3349 considerandum
731 3318 864 3349 ulterius
880 3315 970 3357 quod
986 3315 1105 3355 duplex
1122 3319 1169 3344 est
1192 3313 1271 3343 ratio
1287 3313 1362 3342 sub-

290 3362 364 3393 iecti
387 3368 424 3393 ut
448 3369 496 3393 est
518 3373 582 3394 res:
608 3373 673 3393 una
690 3363 877 3402 adaequata,
902 3361 961 3391 sub
983 3369 1047 3400 qua
1064 3358 1113 3388 vel
1137 3359 1169 3388 in
1194 3357 1307 3387 ordine
1323 3356 1362 3387 ad

290 3416 390 3447 quam
414 3409 525 3438 omnia
541 3418 559 3438 a
575 3408 708 3438 scientia
725 3406 981 3440 considerantum
1007 3404 1066 3434 alia
1089 3402 1310 3441 inadaequata,
1332 3406 1363 3431 et

287 3457 366 3483 sunt
382 3452 589 3493 particulares
605 3453 746 3483 rationes
763 3456 934 3482 contentae
950 3449 1008 3479 sub
1032 3448 1155 3478 ratione
1172 3446 1361 3485 adaequata;

289 3497 374 3527 sicut
397 3496 577 3538 adaequata
606 3498 688 3528 ratio
722 3496 858 3527 subiecti
885 3492 1111 3535 philosophiae
1141 3490 1291 3521 naturalis
1316 3495 1363 3520 est

290 3541 371 3572 ratio
396 3541 478 3572 entis
501 3542 642 3578 mobilis,
666 3540 880 3581 inadaequata
904 3544 1013 3569 autem
1035 3537 1116 3567 ratio
1139 3536 1236 3566 huius
1259 3534 1310 3585 vel
1326 3534 1362 3585 il-

289 3585 352 3616 lius
377 3587 459 3617 entis
481 3586 622 3617 mobilis.
639 3586 734 3616 Ratio
759 3595 835 3625 ergo
860 3589 1075 3614 creaturarum
1099 3589 1182 3620 quae
1206 3585 1253 3609 est
1276 3588 1362 3609 slmi-

290 3629 395 3661 litudo
419 3630 459 3661 ad
482 3631 602 3666 Deum,
626 3635 682 3660 aut
706 3630 839 3670 quaevis
862 3629 922 3659 alia
946 3626 986 3657 ad
1009 3627 1115 3666 ipsum
1138 3623 1292 3654 habitudo
1314 3632 1362 3653 se-

289 3674 438 3706 cundum
463 3684 562 3715 quam
590 3674 834 3705 considerantur
865 3683 882 3703 a
912 3671 1077 3710 theologo,
1106 3678 1172 3699 non
1204 3674 1251 3698 est
1281 3668 1361 3698 ratio

1418 2109 1522 2149 prima
1538 2113 1569 2139 et
1583 2108 1759 2148 adaequata
1775 2109 1910 2139 subiecti
1925 2109 2118 2149 theologiae,
2139 2127 2160 2131 -
2182 2119 2250 2140 non
2271 2111 2357 2141 enirn
2373 2112 2482 2142 omnia

1419 2163 1437 2183 a
1459 2153 1614 2193 theologo
1639 2153 1838 2184 considerata
1857 2153 2100 2184 considerantur
2118 2159 2153 2184 ut
2173 2154 2244 2185 Deo
2267 2155 2390 2191 similia,
2407 2165 2482 2186 cum

1420 2198 1515 2228 etiam
1539 2197 1578 2228 de
1602 2198 1674 2238 ipso
1698 2198 1768 2228 Deo
1793 2197 1974 2228 consideret
1996 2198 2178 2239 theologus,
2202 2217 2224 2220 —
2251 2198 2307 2230 sed
2330 2205 2377 2230 est
2402 2201 2481 2230 ratio

1419 2241 1606 2273 secundaria
1622 2247 1654 2272 et
1669 2241 1891 2282 inadaequata.
1906 2242 1990 2272 Nam
2005 2243 2085 2273 ratio
2097 2243 2224 2273 deitatis
2236 2249 2282 2274 est
2297 2245 2377 2274 ratio
2390 2244 2482 2275 adae-

1419 2292 1530 2327 quata:
1556 2287 1631 2327 quia
1648 2287 1757 2317 omnia
1778 2287 1810 2316 in
1828 2296 1865 2317 ea
1880 2286 2121 2317 considerantur
2136 2293 2191 2318 aut
2206 2293 2241 2318 ut
2263 2289 2483 2328 participantia

1419 2332 1578 2362 rationem
1593 2330 1728 2367 deitatis,
1749 2336 1803 2361 aut
1818 2336 1855 2361 ut
1869 2331 2018 2361 habentia
2034 2331 2180 2362 ordinem
2197 2337 2228 2362 et
2243 2332 2482 2363 attributionem

1419 2375 1459 2406 ad
1475 2376 1593 2412 Deum,
1610 2381 1647 2406 ut
1669 2376 1804 2406 habetur
1819 2375 1934 2411 Prima,
1959 2385 1990 2415 q.
2016 2386 2026 2406 1
2041 2377 2068 2406 *.
2094 2376 2277 2407 Similitudo
2294 2382 2411 2413 autem,
2429 2383 2483 2408 aut

1419 2421 1551 2461 quaevis
1575 2420 1635 2451 alia
1658 2420 1821 2451 attributio
1845 2419 1885 2450 ad
1908 2420 2025 2457 Deum,
2050 2426 2097 2451 est
2127 2421 2208 2452 ratio
2237 2421 2423 2452 secundaria
2452 2427 2483 2452 et

1419 2465 1632 2506 particularis:
1658 2465 1739 2495 sicut
1763 2466 1842 2495 ratio
1867 2465 1962 2495 huius
1986 2470 2041 2495 aut
2063 2465 2148 2496 illius
2175 2466 2255 2496 entis
2285 2466 2413 2496 mobilis
2437 2471 2483 2496 est

1419 2509 1607 2541 secundaria
1624 2515 1655 2540 et
1670 2509 1867 2550 particularis
1883 2510 1963 2539 ratio
1979 2510 2012 2540 in
2031 2510 2236 2550 philosophia
2251 2510 2384 2540 naturali
2405 2520 2482 2541 con-

1419 2554 1563 2591 siderata,
1588 2555 1647 2585 sub
1672 2559 1745 2585 ente
1769 2554 1882 2584 mobili
1905 2559 2065 2585 contenta.

1473 2599 1559 2630 Cum
1576 2608 1652 2639 ergo
1670 2598 1785 2629 dicitur
1801 2597 1890 2639 quod
1910 2598 2082 2638 theologus
2103 2598 2283 2629 considerat
2305 2604 2479 2629 creaturam

1419 2649 1455 2674 ut
1480 2644 1623 2674 divinam
1647 2642 1849 2674 altitudinem
1877 2648 2104 2683 repraesentat,
2129 2643 2342 2683 philosophus
2372 2649 2478 2673 autem

1419 2689 1609 2729 inquantum
1626 2693 1673 2718 est
1696 2697 1747 2717 res
1769 2687 1963 2722 huiusmodi,
1980 2687 2012 2727 ly
2029 2687 2218 2727 inquantum
2235 2697 2301 2717 non
2317 2686 2479 2727 specificat

1417 2734 1575 2763 rationem
1599 2731 1768 2762 formalem
1792 2732 1910 2762 obiecti
1934 2732 2083 2762 scientiae
2099 2731 2319 2771 adaequatam,
2336 2731 2391 2761 sed
2407 2741 2477 2771 par-

1417 2778 1583 2808 ticularem
1608 2782 1639 2808 et
1662 2776 1917 2816 inadaequatam‚
1945 2785 2028 2816 quae
2051 2776 2091 2806 ad
2113 2775 2322 2816 adaequatam
2345 2785 2477 2816 compa-

1417 2827 1502 2852 ratur
1526 2827 1562 2852 ut
1583 2821 1754 2852 materialis
1778 2820 1817 2851 ad
1840 2820 2018 2851 formalem.

1474 2876 1502 2896 2.
1528 2866 1622 2897 Circa
1648 2866 1735 2896 illam
1762 2866 2029 2906 propositionem,
2061 2864 2152 2895 Unde
2178 2870 2209 2895 et
2229 2864 2401 2895 secundum
2429 2863 2477 2894 di—

1417 2920 1510 2941 versa
1542 2920 1650 2941 rerum
1676 2919 1800 2951 genera
1831 2910 1977 2940 diversae
2000 2914 2113 2950 partes
2138 2909 2361 2949 philosophiae
2391 2909 2476 2938 inve—

1417 2956 1562 2990 niuntur,
1587 2954 1818 2985 advertendum
1842 2954 1932 2994 quod
1947 2955 2015 2994 ipsa
2030 2963 2137 2984 rerum
2155 2963 2280 2993 genera,
2298 2952 2475 2983 secundum

1416 3009 1489 3030 suas
1512 3000 1661 3035 rationes,
1687 2999 1856 3039 dupliciter
1879 2998 2072 3029 considerari
2095 3003 2247 3038 possunt:
2274 3007 2340 3027 uno
2364 2996 2474 3033 modo,

1416 3044 1573 3079 absolute,
1598 3049 1675 3084 puta
1698 3053 1755 3074 ens
1777 3044 1970 3083 inquantum
2000 3052 2056 3073 ens
2079 3043 2229 3082 praecise,
2261 3047 2292 3072 et
2321 3046 2475 3082 quantum

1416 3094 1452 3119 ut
1475 3094 1643 3128 quantum,
1669 3093 1700 3118 et
1723 3088 1767 3118 sic
1792 3086 1831 3117 de
1855 3087 1938 3123 aliis;
1963 3087 2025 3117 alio
2049 3086 2159 3122 modo,
2176 3092 2212 3117 ut
2235 3086 2349 3116 rationi
2372 3095 2405 3116 se
2429 3091 2475 3115 te-

1415 3134 1504 3163 nenti
1529 3143 1567 3163 ex
1590 3138 1679 3172 parte
1703 3132 1746 3162 rei
1771 3131 2002 3171 correspondet
2024 3131 2130 3171 aliqua
2146 3131 2225 3160 ratio
2242 3130 2358 3160 scibilis
2374 3135 2410 3160 ut
2429 3135 2475 3160 est

1415 3177 1534 3208 scibile.
1558 3177 1745 3216 Intelligitur
1759 3185 1836 3215 ergo
1852 3176 2031 3215 propositio
2048 3175 2154 3206 Sancti
2170 3175 2316 3204 Thomae
2332 3173 2474 3204 secundo

1415 3222 1527 3258 modo,
1552 3231 1620 3253 non
1644 3221 1760 3261 primo.
1785 3220 1860 3250 Non
1884 3221 1970 3250 enim
1994 3220 2111 3249 habent
2141 3219 2291 3249 scientiae
2323 3217 2474 3258 distingui

1415 3265 1595 3297 secundum
1612 3264 1734 3295 diversa
1748 3274 1865 3304 genera
1880 3273 1987 3294 rerum
2010 3263 2166 3299 absolute,
2183 3263 2258 3303 quia
2274 3269 2355 3303 quot
2371 3268 2475 3293 essent

1415 3321 1532 3351 genera
1555 3319 1672 3346 rerum,
1696 3315 1744 3339 tot
1767 3314 1872 3339 essent
1894 3309 2098 3339 scientiarum
2123 3317 2254 3347 genera:
2286 3306 2342 3337 sed
2366 3306 2475 3337 distin-

1415 3361 1557 3396 guuntur
1579 3353 1758 3385 secundum
1782 3362 1887 3383 rerum
1911 3361 2027 3392 genera
2057 3352 2116 3382 sub
2147 3351 2276 3381 diversis
2299 3351 2474 3382 rationibus

1415 3400 1533 3430 scibilis
1556 3404 1717 3430 contenta.
1735 3398 1852 3428 Omnia
1869 3398 1954 3427 enim
1971 3397 2029 3426 sub
2046 3406 2109 3426 una
2126 3397 2248 3426 ratione
2265 3395 2380 3425 scibilis
2397 3405 2474 3426 con-

1414 3450 1502 3475 tenta
1525 3443 1565 3474 ad
1588 3453 1687 3474 unam
1710 3443 1876 3473 scientiam
1899 3441 2072 3481 pertinent:
2097 3441 2180 3470 sicut
2196 3440 2306 3484 omnia
2320 3440 2474 3471 naturalia

1416 3488 1456 3520 ad
1478 3488 1718 3529 philosophiam
1742 3486 1928 3521 naturalem,
1946 3494 1986 3515 eo
2008 3484 2096 3525 quod
2119 3485 2152 3514 in
2177 3485 2236 3514 hac
2252 3485 2475 3515 rationecon-

1415 3534 1549 3564 veniunt
1573 3531 1663 3573 quod
1686 3532 1748 3562 sint
1771 3529 2000 3570 cognoscibilia
2023 3538 2080 3569 per
2102 3527 2247 3559 medium
2272 3537 2474 3560 concernens

1415 3578 1581 3608 materiam
1604 3575 1783 3607 secundum
1808 3584 1875 3605 esse
1899 3579 1929 3604 et
1958 3574 2126 3603 rationem.
2158 3572 2251 3611 Quae
2282 3578 2392 3604 autem
2414 3573 2474 3604 sub

1417 3622 1546 3653 diversis
1570 3621 1745 3651 rationibus
1768 3619 1894 3654 scibilis,
1918 3624 1954 3648 ut
1977 3617 2086 3648 scibile
2115 3622 2171 3653 est,
2196 3617 2411 3653 continentur,
2435 3617 2475 3647 ad

1416 3666 1553 3697 diversas
1576 3665 1722 3695 scientias
1745 3664 1913 3704 pertinent.
1929 3681 1950 3684 —
1967 3661 2093 3692 Eodem
2108 3661 2208 3692 modo
2233 3661 2475 3702 intelligendum

2518 589 2527 598 ‘
2542 588 2578 610 Cf.
2594 587 2603 608 1
2618 587 2730 616 Metaph„

2518 621 2534 641 ι,
2547 620 2583 640 ι2;
2600 620 2624 636 ιι.
2635 620 2655 641 7,

2511 2380 2518 2389 ·
2534 2379 2584 2399 An.
2598 2384 2620 2403 7.
