2768 4134
71 2493 80 2503 ·
95 2491 131 2514 Cf.
140 2497 162 2513 n.
173 2497 206 2518 vi,
215 2491 284 2513 Hanc

71 2520 156 2540 autem.

313 318 388 354 518

309 399 343 428 in
366 394 498 426 materia
521 393 560 422 sit
583 395 725 430 recepta:
756 394 787 419 et
817 389 863 418 sic
893 387 1039 427 potentia
1067 385 1226 425 recipiens
1258 384 1378 425 patitur

310 449 386 471 cum
409 437 540 468 materia
565 442 596 466 et
619 443 741 474 organo
766 431 936 472 corporali.

366 484 395 514 3.
421 480 578 512 Secundo.
597 479 630 510 Si
646 478 789 518 receptio
803 485 915 506 sensus
928 480 1012 505 esset
1027 475 1150 514 absque
1166 482 1290 514 organo
1307 481 1378 503 cor-

309 527 422 569 porali,
447 525 560 556 eadem
583 523 730 564 potentia
760 526 843 551 esset
871 520 1020 550 omnium
1045 518 1246 549 sensibilium
1270 526 1378 547 susce-

308 573 412 613 ptiva:
438 570 514 610 quia
536 569 635 598 virtus
658 565 876 597 immaterialis
892 564 1068 604 aequaliter
1091 573 1125 594 se
1148 563 1254 599 habet,
1276 571 1378 602 quan-

309 623 379 647 tum
402 614 442 645 de
466 623 499 644 se
524 619 580 648 est,
605 611 644 642 ad
667 619 783 641 omnes
805 608 995 640 huiusmodi
1022 608 1202 648 qualitates,
1232 612 1269 637 ut
1291 611 1379 646 patet

309 661 349 691 de
371 658 547 690 intellectu.
572 656 646 686 Hoc
670 660 780 686 autem
795 653 945 684 videmus
961 662 1031 683 esse
1055 652 1181 682 falsum.
1206 651 1293 691 Ergo
1318 655 1378 680 etc.

364 703 428 735 Sed
459 707 570 742 posset
598 700 715 740 aliquis
746 708 864 739 negare
896 697 1179 737 consequentiam,
1212 701 1243 726 et
1273 694 1380 725 dicere

309 748 399 790 quod
422 747 587 778 diversitas
610 753 810 785 organorum
832 743 913 774 nihil
936 742 1011 772 facit
1035 741 1075 771 ad
1091 741 1154 771 hoc
1178 745 1215 770 ut
1237 739 1380 770 diversae

308 792 472 834 potentiae
488 791 552 821 sint
575 790 776 821 diversorum
793 787 993 818 sensibilium
1017 786 1228 825 susceptivae,
1245 783 1302 814 sed
1317 785 1381 814 hoc

309 838 385 868 facit
407 836 531 867 diversa
546 835 627 865 ratio
651 840 683 864 et
706 833 830 864 diversa
845 837 958 862 natura
981 830 1212 870 potentiarum.
1237 829 1279 859 Et
1294 828 1380 865 ideo,

309 884 406 913 etiam
429 882 454 911 si
482 885 646 921 ponantur
668 877 904 912 immateriales,
927 884 996 905 non
1026 879 1157 914 oportet
1185 879 1221 904 ut
1249 883 1315 904 una
1341 873 1381 903 sit

310 927 458 958 omnium
482 924 654 964 receptiva,
678 922 735 953 sed
758 922 901 952 diversae
925 919 1137 950 diversorum.

364 970 417 1002 Ad
439 970 535 1001 huius
559 967 763 1002 evidentiam,
787 964 956 995 sciendum
973 963 1074 1004 quod,
1099 972 1176 993 cum
1199 963 1382 1004 potentiam

311 1023 342 1047 et
354 1016 519 1047 obiectum
533 1017 681 1053 oporteat
693 1009 944 1051 proportionari‚
961 1007 1143 1039 secundum
1157 1007 1383 1039 conditionem

308 1061 473 1102 potentiae
490 1063 618 1098 oportet
634 1065 702 1086 esse
719 1061 751 1085 et
774 1054 893 1085 obiecti
909 1053 1142 1084 conditionem.
1159 1053 1309 1084 Potentia
1325 1062 1382 1083 au-

310 1112 376 1136 tem
399 1101 616 1134 immaterialis
640 1109 707 1130 non
732 1104 780 1129 est
803 1097 984 1129 secundum
1009 1107 1043 1128 se
1067 1097 1107 1128 ad
1131 1097 1273 1138 aliquam
1289 1103 1383 1128 natu-

309 1159 377 1180 ram
400 1147 583 1179 sensibilem
607 1150 639 1175 et
661 1143 859 1175 materialem
883 1142 1110 1173 determinata:
1135 1151 1204 1173 non
1227 1143 1316 1173 enim
1335 1147 1382 1173 est

309 1199 441 1224 naturae
464 1191 546 1231 ignis
569 1195 624 1220 aut
647 1189 727 1219 aeris
755 1194 810 1218 aut
838 1187 974 1218 alicuius
1001 1187 1130 1218 alterius
1153 1193 1286 1218 naturae
1309 1196 1382 1218 sen-

309 1237 407 1268 sibilis
421 1242 454 1267 et
469 1234 651 1270 materialis,
667 1233 723 1264 sed
739 1238 787 1263 est
809 1241 906 1272 supra
921 1232 1033 1262 omnia
1048 1232 1225 1263 materialia
1248 1233 1381 1263 elevata.

308 1282 386 1313 Ideo
410 1285 540 1321 oportet
563 1285 595 1309 et
617 1279 686 1309 eius
711 1278 876 1308 obiectum
900 1276 1038 1307 formale
1053 1286 1121 1307 non
1146 1286 1216 1308 esse
1239 1277 1382 1317 aliquam

308 1332 456 1358 naturam
479 1323 663 1355 sensibilem
686 1321 943 1358 determinatam,
967 1321 1024 1352 sed
1047 1331 1117 1352 esse
1140 1322 1263 1362 aliquid
1287 1331 1384 1362 supra

309 1380 443 1402 omnem
466 1375 613 1400 naturam
637 1367 823 1398 sensibilem
854 1366 1026 1403 elevatum,
1051 1372 1207 1407 tanquam
1234 1367 1384 1398 omnium

308 1421 496 1446 naturarum
527 1413 728 1444 sensibilium
761 1412 998 1442 contentivum.
1031 1411 1126 1442 Unde
1157 1411 1316 1448 videmus,
1349 1417 1386 1442 ut

309 1460 460 1500 exemplo
477 1459 584 1490 Sancti
602 1457 751 1488 Thomae
768 1461 907 1493 utamur,
924 1455 1026 1496 quod,
1044 1457 1121 1497 quia
1136 1456 1320 1487 intellectus
1337 1462 1385 1487 est

308 1505 453 1545 potentia
469 1502 698 1538 immaterialis,
721 1501 796 1532 ideo
816 1502 885 1532 eius
909 1500 1045 1532 formale
1066 1502 1231 1532 obiectum
1253 1507 1300 1532 est
1317 1511 1385 1538 ens,

308 1550 368 1580 sub
385 1559 452 1590 quo
477 1548 589 1579 omnia
611 1546 775 1577 sensibilia
795 1546 1129 1586 comprehenduntur.
1152 1545 1305 1577 Similiter
1327 1556 1386 1577 vo-

308 1595 424 1631 luntas,
449 1594 526 1634 quia
554 1598 602 1623 est
623 1591 770 1632 potentia
792 1591 1022 1628 immaterialis,
1046 1591 1142 1622 habet
1166 1600 1226 1631 pro
1255 1591 1386 1622 obiecto

309 1640 435 1670 bonum
450 1637 681 1672 universaliter,
697 1645 767 1666 non
789 1641 899 1666 autem
920 1636 984 1666 hoc
1007 1635 1059 1666 vel
1080 1635 1162 1666 illud
1184 1636 1322 1667 bonum.
1346 1636 1387 1666 Et

308 1683 490 1715 intellectus
502 1691 600 1722 agens
616 1686 723 1721 potest
733 1681 768 1710 in
780 1681 891 1710 omnia
906 1680 1068 1711 sensibilia
1084 1681 1298 1712 abstrahendo
1314 1690 1387 1721 spe-

310 1729 389 1765 cies;
409 1733 442 1758 et
456 1728 490 1758 in
507 1726 618 1757 omnia
634 1725 730 1762 entia,
749 1725 931 1755 secundum
955 1725 1047 1765 quod
1062 1734 1120 1765 per
1139 1726 1264 1766 species
1287 1726 1387 1757 sensi·

309 1773 424 1804 bilium
439 1772 549 1811 aliquo
565 1769 667 1801 modo
683 1770 839 1810 cognosci
854 1775 1001 1810 possunt.
1018 1769 1094 1800 Non
1110 1775 1218 1810 potest
1229 1780 1306 1811 ergo
1322 1780 1388 1801 una

310 1817 456 1858 potentia
482 1815 641 1851 sensitiva,
671 1814 699 1845 si
720 1814 939 1845 immaterialis
961 1819 1103 1855 ponatur
1127 1814 1231 1855 (quod
1258 1821 1389 1856 oportet

310 1871 443 1903 ponere,
456 1861 481 1891 si
493 1859 744 1891 immaterialiter
757 1859 916 1899 recipiat),
932 1868 971 1889 ex
983 1859 1114 1900 propria
1125 1865 1251 1890 tantum
1263 1860 1388 1891 ratione

311 1911 342 1937 et
357 1911 470 1936 natura
486 1904 526 1935 ad
541 1913 645 1935 unum
664 1913 767 1943 genus
783 1903 984 1934 sensibilium
999 1903 1214 1934 determinari.
1231 1904 1295 1935 Sed
1311 1906 1388 1944 quia

310 1956 358 1981 est
372 1949 518 1990 potentia
529 1948 570 1979 ad
581 1948 827 1988 perceptionem
843 1947 1046 1978 determinati
1061 1948 1219 1978 sensibilis
1231 1948 1387 1986 ordinata,

309 1994 383 2026 ideo
406 1999 520 2024 natura
537 1993 598 2023 sibi
621 2001 781 2032 organum
803 1992 837 2022 in
853 2001 920 2032 quo
937 1993 1109 2033 recipiatur
1124 1992 1279 2030 adiunxit,
1296 1993 1388 2034 quod

309 2040 354 2070 illi
366 2038 476 2079 generi
492 2036 692 2068 sensibilium
707 2037 748 2067 sit
770 2037 1066 2076 proportionatum,
1084 2042 1120 2067 ut
1142 2037 1324 2068 secundum
1340 2038 1387 2069 di-

308 2084 490 2115 versitatem
512 2090 710 2122 organorum
737 2081 902 2121 potentiae
924 2082 1013 2121 ipsae
1036 2082 1069 2112 in
1099 2081 1222 2113 diversa
1245 2082 1388 2114 ferantur

309 2129 446 2160 obiecta.
462 2145 485 2149 -
500 2127 591 2157 Patet
609 2126 706 2166 igitur
721 2135 760 2156 ex
775 2126 813 2156 iis
830 2125 921 2166 quod
939 2126 995 2156 illa
1011 2127 1246 2167 consequentia
1262 2128 1387 2168 optima

309 2179 373 2210 est;
397 2178 428 2204 et
445 2170 536 2212 quod
551 2171 624 2202 data
639 2170 808 2211 responsio
825 2170 928 2211 ipsam
943 2180 1013 2202 non
1027 2171 1122 2202 tollit.

364 2227 396 2257 4.
424 2216 545 2247 Tertio.
570 2216 690 2247 Sensus
716 2215 935 2255 corrumpitur
961 2216 1001 2246 ab
1025 2216 1216 2247 excellentia
1239 2217 1386 2248 obiecto·

309 2271 393 2299 rum,
409 2271 479 2293 non
495 2266 604 2292 autern
620 2260 813 2291 intellectus.
830 2260 917 2301 Ergo
929 2260 1060 2292 alterius
1075 2262 1202 2301 generis
1215 2267 1262 2292 est
1277 2263 1386 2302 passio

310 2316 422 2338 sensus
442 2317 460 2337 a
476 2305 629 2342 sensibili,
646 2311 678 2335 et
692 2304 876 2336 intellectus
892 2305 932 2336 ab
955 2305 1164 2346 intelligibili:
1180 2316 1247 2337 una
1263 2306 1386 2338 scilicet

311 2352 432 2392 absque
448 2360 570 2390 organo
587 2349 766 2390 corporali;
783 2350 843 2380 alia
859 2359 937 2381 vero
953 2360 1030 2381 cum
1052 2360 1187 2391 organo,
1205 2352 1298 2382 cuius
1314 2352 1386 2383 har-

311 2397 424 2427 monia
446 2395 581 2426 solvitur
603 2404 662 2435 per
684 2394 885 2425 sensibilium
909 2395 1144 2426 excellentiam.

367 2440 450 2471 Vlll.
463 2438 651 2471 Secundum
666 2438 913 2471 fundamentum
927 2440 1071 2471 Platonis
1084 2446 1151 2471 erat
1166 2440 1258 2481 quod
1273 2442 1386 2472 anima

311 2490 418 2516 movet
432 2485 570 2525 seipsam
582 2485 608 2514 ’ἱ
634 2483 737 2515 Cuius
760 2484 841 2515 ratio
857 2491 939 2516 erat:
957 2503 980 2507 —
995 2485 1104 2516 Omne
1120 2495 1257 2517 movens
1273 2495 1386 2518 move—

311 2536 377 2561 tur:
392 2535 427 2560 ut
442 2534 529 2570 patet
543 2530 576 2559 in
594 2529 794 2569 corporibus.
808 2529 872 2561 Sed
887 2539 956 2560 non
972 2530 1160 2571 proceditur
1174 2531 1207 2562 in
1220 2530 1385 2563 infinitum

311 2581 347 2606 ut
362 2573 624 2614 unumquodque
641 2574 680 2604 ab
700 2573 763 2604 alio
782 2581 962 2606 moveatur.
979 2575 1066 2615 Ergo
1090 2581 1220 2616 oportet
1242 2577 1385 2617 primum

311 2629 447 2650 movens
465 2619 499 2650 in
514 2627 720 2659 unoquoque
737 2619 850 2650 ordine
865 2629 1000 2651 movere
1018 2621 1173 2661 seipsum.
1190 2621 1310 2652 Anima
1329 2631 1386 2652 au-

310 2670 378 2695 tem
394 2669 441 2695 est
464 2663 606 2704 primum
622 2672 760 2694 movens
774 2665 808 2695 in
825 2665 970 2696 motibus
993 2665 1194 2696 animalium.
1212 2666 1299 2707 Ergo
1323 2671 1384 2698 etc.

367 2708 491 2740 Contra
512 2708 576 2739 hoc
600 2708 742 2748 arguitur
758 2708 939 2750 dupliciter.
955 2710 1079 2741 Primo.
1096 2710 1205 2741 Omne
1221 2710 1313 2752 quod
1327 2720 1386 2752 per

311 2763 345 2785 se
367 2758 527 2790 movetur,
544 2758 592 2783 est
615 2762 745 2793 corpus.
762 2753 850 2794 Ergo
867 2755 975 2785 anima
990 2764 1059 2786 non
1075 2760 1228 2786 movetur
1250 2756 1312 2787 nisi
1327 2765 1386 2797 per

311 2798 459 2829 accidens
482 2803 662 2828 moveatur.

367 2842 526 2874 Secundo.
542 2842 632 2873 Idem
647 2852 715 2873 non
739 2849 847 2883 potest
862 2853 932 2874 esse
951 2844 1133 2875 secundum
1148 2844 1236 2876 idem
1252 2845 1286 2876 in
1310 2851 1385 2877 actu

312 2893 344 2918 et
371 2888 405 2918 in
436 2887 592 2927 potentia.
624 2887 710 2927 Ergo
737 2887 825 2919 idem
848 2897 918 2919 non
941 2894 1050 2929 potest
1073 2898 1206 2920 movere
1229 2890 1384 2931 seipsum,

311 2932 372 2962 nisi
394 2942 459 2963 una
483 2941 555 2972 pars
570 2932 610 2962 sit
625 2941 762 2963 movens
786 2938 817 2963 et
840 2933 901 2964 alia
924 2933 965 2964 sit
987 2939 1093 2964 mota:
1118 2939 1155 2965 ut
1170 2939 1219 2965 est
1233 2934 1267 2965 in
1290 2941 1386 2966 motu

312 2976 510 3007 animalium.
524 2993 547 2999 —
559 2976 649 3007 Patet
665 2978 910 3018 consequentia.
923 2977 1011 3016 Quia
1025 2987 1173 3016 movens,
1189 2980 1386 3019 inquantum

312 3020 509 3058 huiusmodi,
534 3026 581 3051 est
604 3021 637 3052 in
662 3027 750 3058 actu;
777 3028 906 3053 motum
930 3027 1039 3053 autem
1063 3023 1096 3053 in
1120 3024 1276 3064 potentia.

367 3075 396 3096 2.
421 3065 472 3096 Ad
494 3066 577 3096 hanc
601 3066 760 3097 rationem
781 3066 1007 3108 respondetur,
1031 3068 1213 3099 secundum
1239 3074 1385 3100 mentem

312 3109 468 3140 Platonis:
493 3116 526 3141 et
549 3110 665 3141 dicitur
687 3112 806 3151 primo,
831 3111 922 3152 quod
944 3112 1014 3152 ipse
1038 3113 1217 3153 accipiebat
1244 3119 1384 3151 motum,

312 3163 379 3185 non
396 3160 431 3185 ut
447 3161 494 3186 est
506 3164 693 3195 corporum,
704 3156 760 3187 sed
777 3166 837 3197 pro
849 3156 995 3197 qualibet
1009 3158 1218 3197 operatione3
1235 3163 1271 3189 ut
1287 3159 1385 3190 etiam

313 3199 429 3239 accipit
439 3199 657 3239 Philosophus
674 3200 714 3231 111
731 3201 771 3231 de
782 3201 911 3238 Anima,
924 3206 1000 3232 text.
1015 3201 1068 3238 28,
1081 3201 1160 3232 dum
1176 3203 1282 3243 inquit
1293 3203 1384 3244 quod

311 3243 432 3274 sentire
444 3249 475 3274 et
490 3244 673 3286 intelligere
688 3251 764 3276 sune
776 3251 882 3277 motus
894 3246 1037 3287 quidam.
1050 3263 1072 3269 ·-
1085 3246 1211 3277 Dicitur
1226 3247 1384 3285 secundo,

313 3287 403 3327 quod
426 3293 535 3319 motus
559 3289 604 3319 sic
627 3296 779 3330 acceptus
802 3300 870 3321 non
895 3295 942 3322 est
966 3295 1057 3321 actus
1079 3291 1243 3322 existentis
1266 3292 1300 3322 in
1324 3302 1385 3333 po-

314 3332 421 3368 tentia,
445 3332 502 3363 sed
525 3332 669 3372 perfecti.
686 3353 708 3357 -
724 3335 851 3366 Dicitur
866 3336 973 3372 tertio,
989 3334 1082 3376 quod
1104 3335 1294 3367 intendebat
1315 3338 1384 3368 ani-

314 3385 399 3406 mam
422 3386 554 3408 movere
578 3378 726 3418 seipsam,
750 3379 842 3416 idest,
867 3380 988 3421 absque
1009 3379 1211 3411 adminiculo
1235 3382 1386 3422 corporis

315 3421 465 3460 operari.-
490 3421 579 3461 quod
602 3422 670 3453 aliis
694 3422 806 3454 formis
829 3434 897 3455 non
921 3425 1086 3456 convenit.
1110 3424 1159 3455 Ex
1187 3425 1252 3456 hoc
1275 3431 1384 3457 autem

314 3465 527 3496 concludebat
550 3475 682 3498 omnem
700 3469 840 3499 animam
857 3479 926 3500 esse
949 3469 1181 3501 immortalem:
1201 3470 1277 3510 quia
1293 3470 1384 3511 quod

315 3517 371 3547 per
393 3518 427 3539 se
450 3516 611 3549 operatur,
636 3517 667 3542 et
691 3522 747 3552 per
770 3523 804 3543 se
827 3523 896 3544 esse
921 3519 1038 3554 potest.

371 3551 434 3583 Sed
457 3560 567 3584 contra
584 3555 670 3586 hunc
687 3566 817 3587 sensum
842 3559 1001 3598 arguitur:
1027 3559 1103 3599 quia
1119 3568 1180 3590 nec
1204 3559 1333 3596 sentire,
1349 3566 1385 3590 ut

316 3601 362 3625 est
386 3602 560 3635 ostensum,
586 3605 693 3639 potest
718 3610 785 3632 esse
809 3602 878 3632 sine
902 3611 1056 3643 corpore;
1079 3612 1188 3644 neque
1213 3603 1309 3634 etiarn
1329 3613 1385 3644 ap-

316 3645 433 3690 petere,
457 3651 531 3672 cum
555 3644 722 3675 manifeste
747 3652 871 3677 constet
895 3648 1006 3678 omnia
1029 3657 1113 3688 quae
1140 3647 1180 3678 ad
1203 3648 1383 3688 appetitum

316 3690 501 3715 sensitivum
526 3688 694 3725 pertinent,
723 3699 797 3720 cum
826 3692 984 3731 corporali
1013 3692 1281 3723 transmutatione
1304 3691 1383 3723 fieri.

766 310 953 348 SUMMA
983 307 1205 345 CONTRA
1234 304 1510 351 GENTILES,
1539 304 1634 340 LlB.
1656 303 1697 349 ΙΙ,
1728 302 2049 339 CAP.LXXX11.

1489 382 1518 413 3.
1544 382 1639 412 Circa
1662 381 1750 412 illam
1773 381 2046 422 propositionem,
2074 381 2230 422 Operatio
2255 389 2303 415 est
2325 390 2431 417 motus
2454 387 2511 428 qui

1433 437 1498 457 non
1528 431 1576 457 est
1605 431 1698 456 actus
1724 426 1892 456 existentis
1917 425 1950 456 in
1972 427 2134 466 potentia,
2164 427 2222 458 sed
2247 433 2341 460 actus
2357 431 2509 473 perfecti,

1433 471 1665 502 attendendum
1689 470 1781 510 quod
1804 470 1970 511 duplicem
2000 471 2118 502 habere
2149 481 2282 503 sensum
2305 479 2422 514 potest.
2446 475 2511 507 Pro

1432 517 1550 556 primo,
1574 514 1807 546 advertendum
1831 514 1933 556 quod,
1957 524 2034 546 cum
2061 515 2199 547 dicimus
2221 519 2415 558 ‘operantem
2442 530 2512 551 mo-

1433 561 1511 596 veri,
1533 566 1565 590 et
1588 569 1708 600 corpus
1723 560 1858 596 moveri,
1875 559 1959 591 sicut
1982 565 2089 591 motus
2105 561 2285 601 aequivoce
2307 562 2341 593 in
2365 563 2442 604 ipsis
2458 573 2512 596 su-

1433 605 1541 641 mitur,
1565 605 1609 634 ita
1633 610 1664 635 et
1688 605 1833 635 moveri.-
1847 614 1967 645 corpus
1984 605 2071 636 enim
2088 606 2224 643 moveri,
2245 611 2293 638 est
2315 607 2424 647 ipsum
2441 618 2512 640 esse

1434 650 1617 680 subiectum
1640 654 1766 686 motus;
1791 655 1982 690 operantem
2006 655 2127 687 autem,
2151 656 2188 681 ut
2211 651 2266 688 sic,
2282 653 2418 690 moveri,
2442 663 2511 685 non

1435 699 1482 725 est
1493 694 1602 734 ipsum
1615 703 1685 724 esse
1697 694 1881 725 subiectum
1897 695 2106 735 operationis,
2124 695 2181 726 sed
2197 697 2424 736 operationem
2435 707 2510 739 pro·

1435 738 1564 769 ducere.
1586 738 1714 769 Primus
1730 747 1808 779 ergo
1823 748 1937 769 sensus
1953 744 2001 770 est
2025 739 2116 780 quod
2130 745 2242 771 motus
2258 742 2390 782 proprie
2405 741 2512 774 dictus

1434 793 1503 814 non
1527 783 1683 814 convenit
1696 783 1812 814 mobili
1827 789 1984 824 tanquam
2000 785 2158 822 subiecto,
2175 790 2212 816 ut
2235 786 2291 823 sic,
2315 786 2512 827 inquantum

1434 829 1531 859 habet
1554 827 1694 858 formam
1711 833 1744 858 et
1766 827 2013 869 perfectionem,
2030 828 2088 859 sed
2110 829 2306 869 inquantum
2330 836 2379 862 est
2401 832 2513 874 inpo-

1435 873 1535 903 tentia
1557 871 1598 903 ad
1622 872 1766 913 aliquam
1789 872 1929 903 formam
1954 882 2054 913 quam
2069 882 2138 904 non
2161 874 2268 912 habet,
2292 880 2325 906 et
2347 876 2387 906 ad
2411 886 2512 918 quam

1435 927 1493 958 per
1515 922 1646 948 motum
1669 917 1787 949 tendit:
1813 918 1961 958 operatio
1977 923 2088 948 autem
2104 919 2260 950 convenit
2278 922 2427 961 operanti
2441 927 2512 953 tan·

1436 971 1536 1003 quam
1559 962 1677 1003 agenti,
1701 971 1770 993 non
1794 962 1991 1003 inquantum
2017 968 2105 994 caret
2137 962 2242 994 forma
2268 969 2300 994 et
2323 969 2372 995 est
2393 966 2427 997 in
2451 976 2512 1007 po-

1435 1008 1536 1039 tentia
1559 1006 1599 1038 ad
1622 1006 1721 1044 illam,
1746 1007 1803 1038 sed
1825 1008 2022 1048 inquantum
2038 1013 2087 1038 est
2109 1007 2143 1038 in
2166 1013 2241 1039 actu
2257 1008 2439 1049 perfectum
2455 1020 2514 1052 per

1435 1052 1590 1088 formam
1609 1051 1874 1093 unumquodque
1890 1053 1978 1083 enim
1994 1058 2149 1093 operatur
2161 1053 2359 1094 inquantum
2375 1059 2424 1086 est
2438 1061 2514 1088 actu

1435 1106 1494 1138 per
1517 1096 1667 1134 formam,
1691 1106 1760 1127 non
1783 1102 1893 1128 autem
1916 1097 2112 1138 inquantum
2136 1103 2223 1128 caret
2245 1097 2362 1129 forma.

1491 1141 1663 1173 Secundus
1678 1151 1792 1173 sensus
1807 1147 1916 1183 potest
1932 1151 2002 1173 esse
2017 1141 2109 1183 quod
2132 1148 2243 1174 motus
2258 1144 2392 1184 proprie
2407 1143 2514 1176 dictus

1437 1192 1485 1217 est
1507 1192 1598 1217 actus
1621 1185 1841 1227 imperfectus,
1866 1192 1898 1218 et
1920 1186 2075 1227 relinquit
2096 1187 2220 1218 mobile
2243 1187 2276 1218 in
2303 1189 2451 1229 potentia
2473 1189 2515 1221 ad

1435 1231 1624 1262 ulteriorem
1641 1237 1764 1262 actum:
1787 1231 1875 1263 unde
1889 1231 1962 1262 talis
1977 1237 2068 1263 actus
2082 1241 2152 1263 non
2167 1237 2218 1264 est
2230 1233 2514 1273 complementum

1436 1277 1577 1313 mobilis,
1601 1276 1659 1307 sed
1681 1282 1731 1307 est
1752 1277 1804 1307 via
1827 1276 1869 1307 ad
1897 1276 2188 1317 complementum.
2220 1276 2376 1318 Operatio
2403 1284 2515 1311 autem

1437 1327 1485 1352 est
1508 1327 1599 1352 actus
1622 1320 1797 1362 perfectus,
1821 1326 1854 1352 et
1876 1321 2160 1362 complementum
2184 1322 2366 1363 operantis3
2389 1330 2423 1354 et
2444 1333 2515 1355 non

1438 1366 1591 1407 relinquit
1613 1366 1724 1406 ipsum
1748 1375 1898 1407 operans,
1916 1372 1955 1397 ut
1975 1366 2033 1403 sic,
2049 1367 2083 1397 in
2099 1367 2246 1407 potentia
2261 1366 2302 1398 ad
2325 1367 2515 1400 ulteriorem

1437 1417 1564 1447 actum;
1580 1420 1643 1441 nec
1662 1416 1711 1442 est
1733 1411 1785 1442 via
1800 1410 1841 1442 ad
1864 1410 1953 1442 aliud
1968 1410 2061 1451 quod
2076 1412 2116 1442 sit
2135 1411 2418 1453 complementum
2433 1422 2515 1455 ope-

1438 1456 1546 1487 rantis.
1572 1455 1613 1486 Et
1635 1456 1724 1487 hunc
1747 1465 1880 1487 sensum
1896 1455 2024 1486 videtur
2046 1465 2172 1496 ponere
2188 1455 2454 1496 Commentator,
2471 1456 2515 1490 m

1438 1501 1479 1532 de
1502 1500 1631 1536 Anima,
1656 1506 1835 1532 comment.
1861 1500 1914 1531 28.
1941 1499 2075 1532 Videtur
2101 1502 2198 1533 etiam
2226 1509 2351 1542 ponere
2376 1501 2516 1535 Sauems

1440 1546 1586 1576 Thomas
1606 1545 1723 1582 Prima,
1740 1555 1772 1586 q.
1789 1555 1875 1583 xvm,
1890 1555 1919 1576 a.
1933 1545 1964 1582 3,
1977 1545 2018 1576 ad
2034 1554 2045 1576 i
2059 1555 2067 1582 ;
2084 1551 2116 1576 et
2132 1545 2176 1577 1v
2191 1546 2279 1577 Sent.
2296 1545 2328 1577 d.
2340 1556 2416 1585 xvir,
2433 1556 2466 1589 q.
2486 1554 2515 1586 ι,

1440 1601 1468 1621 a.
1495 1591 1525 1627 5,
1549 1590 1620 1630 qu⁸.
1645 1590 1663 1621 3
1681 1591 1709 1627 ⁴,
1733 1590 1791 1621 ubi
1813 1591 1857 1621 ait
1880 1590 1971 1631 quod
1998 1596 2106 1622 motus
2128 1591 2186 1632 qui
2208 1595 2258 1622 est
2281 1596 2376 1623 actus
2398 1592 2516 1634 imper-
2543 1600 2553 1610 ·

1431 1635 1518 1678 secti
1541 1640 1573 1665 et
1595 1634 1765 1666 existentis
1787 1635 1820 1665 in
1839 1635 2000 1676 potentia,
2024 1644 2152 1676 semper
2167 1640 2319 1677 expectat
2339 1637 2468 1679 aliquid
2476 1636 2528 1671 ‘in'

1431 1680 1591 1722 futurum
1615 1679 1659 1710 ad
1681 1689 1763 1710 suae
1783 1680 1902 1720 speciei
1918 1680 2179 1722 petfectionem:
2201 1685 2310 1712 motus
2331 1686 2440 1713 autem
2459 1683 2517 1725 qul

1440 1730 1489 1756 est
1510 1730 1604 1755 actus
1620 1725 1772 1767 perfecti,
1790 1734 1857 1755 non
1873 1729 2024 1765 expectat
2045 1725 2173 1767 aliquid
2177 1725 2338 1767 suturam
2362 1726 2407 1758 ad
2426 1732 2516 1760 com-

1436 1771 1636 1811 plementum
1659 1779 1740 1800 suae
1761 1769 1888 1810 speciei.
1944 1768 1945 1771 ’

1497 1815 1642 1855 Uterque
1665 1824 1779 1846 sensus
1805 1815 1973 1845 veritatem
2002 1814 2121 1845 habere
2151 1819 2269 1855 potest.
2294 1815 2516 1849 Veruntamen

1441 1858 1606 1890 secundus
1628 1859 1756 1890 videtur
1777 1859 1858 1890 mihi
1881 1859 1983 1899 magis
1998 1859 2247 1900 philosophicus
2266 1869 2346 1898 esse,
2362 1865 2396 1892 et
2413 1861 2516 1903 magis

1442 1904 1482 1935 ad
1505 1909 1650 1935 mentem
1675 1903 1784 1935 Sancti
1807 1903 1957 1934 Thomae
1977 1908 2008 1933 et
2031 1903 2214 1934 Aristotelis
2237 1913 2317 1935 esse.
2468 1912 2470 1919 ’

1495 1957 1528 1988 4.
1541 1948 1683 1980 Adverte
1698 1953 1807 1979 autem
1824 1947 1917 1988 quod
1932 1947 2070 1978 Sanctus
2085 1947 2232 1979 Thomas
2246 1957 2316 1980 non
2332 1948 2430 1981 solvit
2444 1957 2518 1991 pai*

1439 1993 1615 2024 ticulariter
1629 1993 1790 2023 rationem
1805 1992 1951 2023 Platonis
1966 1991 2007 2023 ad
2022 1993 2087 2023 hoc
2103 1991 2355 2025 fundamentum
2374 1995 2517 2035 proban·

1440 2037 1520 2069 dum
1543 2037 1716 2069 adductam
1729 2038 1762 2067 ἐ
1780 2037 1857 2078 quia
1876 2046 1915 2068 ex
1930 2037 2039 2078 primo
2055 2043 2248 2078 argumento
2269 2044 2382 2070 contra
2400 2037 2517 2074 funda-
2543 2040 2554 2051 ‘

1439 2088 1589 2114 mentum
1612 2083 1722 2123 ipsum
1745 2081 1888 2113 adducto
1913 2082 1982 2113 eius
2005 2088 2139 2123 apparet
2152 2082 2295 2114 solutio.
2319 2082 2407 2115 Cum
2425 2085 2516 2116 daim

1411 2152 1415 2158 .
1439 2133 1551 2158 motus
1573 2127 1705 2168 proprie
1728 2126 1834 2158 dictus
1857 2126 1918 2158 soli
1940 2127 2074 2168 corpori
2092 2135 2151 2168 per
2173 2137 2208 2159 se
2230 2129 2416 2166 conveniat,
2435 2129 2516 2161 natis

1440 2178 1568 2204 constat
1594 2172 1683 2203 illam
1706 2172 1967 2213 propositionem
1998 2171 2111 2203 falsam
2142 2181 2222 2209 esse,
2250 2173 2355 2205 Omne
2383 2179 2517 2206 mma

1439 2222 1590 2248 movetur
1605 2226 1671 2258 per
1691 2226 1736 2253 se,
1760 2216 1802 2248 de
1824 2222 1919 2248 motu
1941 2217 2075 2258 proprie
2098 2223 2232 2259 sumpto
2254 2217 2436 2259 loquendo.

1496 2262 1549 2293 lx.
1566 2262 1737 2293 Postremo
1754 2261 1795 2292 ad
1810 2261 2023 2302 principalem
2039 2261 2199 2293 rationem
2212 2263 2231 2280 ·
2245 2263 2423 2304 respondet
2436 2263 2518 2296 Sat·

1440 2313 1511 2338 ctus
1535 2307 1682 2338 Thomas
1705 2315 1744 2338 ex
1767 2305 1872 2343 dictis,
1895 2306 2047 2347 negando
2078 2307 2171 2347 quod
2203 2315 2337 2339 movere
2365 2309 2406 2339 sit
2435 2316 2517 2351 ope·

1439 2353 1521 2383 ratio
1545 2353 1673 2383 animae
1699 2352 1871 2382 sensitivae
1899 2351 2024 2392 absque
2051 2360 2186 2392 organo.
2210 2351 2316 2384 Cuius
2344 2350 2516 2386 salaman

1439 2396 1591 2434 ostendit,
1615 2397 1693 2437 quia
1715 2397 1823 2427 anima
1839 2397 1925 2427 bruti
1947 2405 2017 2427 non
2034 2401 2148 2428 movet
2170 2396 2232 2428 nisi
2256 2405 2314 2438 per
2335 2405 2469 2430 sensum
2481 2403 2518 2430 ot

1439 2442 1632 2483 appetitum.
1649 2441 1827 2472 Ostensurn
1851 2446 1899 2472 est
1922 2446 2031 2472 autem
2054 2450 2164 2482 neque
2186 2442 2306 2473 sentire
2327 2451 2438 2484 neque
2460 2450 2518 2485 ap·

1439 2491 1550 2528 petere
1572 2485 1643 2517 fieri
1665 2487 1790 2527 absque
1813 2495 1937 2526 organo
1961 2486 2134 2527 corporali.
2491 2507 2494 2510 -

1496 2531 1597 2570 Quod
1621 2531 1647 2562 si
1670 2531 1808 2562 instetur
1830 2530 1922 2571 quod
1937 2538 2050 2562 movet
2073 2531 2171 2562 etiam
2187 2541 2246 2573 per
2268 2531 2423 2564 virtutem
2445 2536 2518 2564 1ο·-

1439 2577 1549 2613 tivam,
1573 2585 1659 2617 quae
1682 2575 1800 2607 dicitur
1822 2584 1987 2616 exequens
2002 2582 2142 2613 motum,
2166 2582 2200 2607 et
2222 2585 2291 2607 non
2307 2581 2435 2608 tantum
2457 2586 2518 2619 per

1439 2630 1572 2652 sensum
1584 2626 1617 2652 et
1627 2621 1827 2662 appetitumt
1841 2638 1863 2644 —
1875 2620 2093 2662 respondetur
2107 2621 2199 2662 quod
2214 2621 2405 2653 huiusmodi
2416 2621 2518 2654 vinus

1440 2665 1516 2697 facit
1528 2665 1675 2697 membra
1686 2664 1872 2696 obedientia
1883 2666 2023 2706 imperio
2034 2666 2215 2707 appetims3
2227 2665 2317 2698 unde
2328 2671 2404 2698 sunt
2415 2667 2518 2708 magis

1439 2711 1573 2742 virtutes
1596 2709 1800 2752 perficientes
1819 2718 1940 2752 corpus
1963 2710 2004 2742 ad
2027 2711 2163 2748 moveri,
2179 2719 2279 2752 quam
2295 2711 2430 2742 virtutes
2442 2719 2518 2744 mo·

1439 2761 1568 2793 ventes;
1585 2755 1708 2786 scilicet
1722 2755 1812 2796 ipsae
1827 2756 1962 2787 virtutes
1977 2764 2062 2797 quae
2078 2756 2111 2787 in
2127 2755 2261 2787 diversis
2275 2755 2517 2788 membrisetae·

1439 2801 1528 2842 poris
1551 2800 1702 2831 existunt.
2494 2811 2497 2814 ·

1494 2845 1534 2876 X.
1560 2845 1655 2876 Circa
1677 2845 1772 2876 istam
1794 2845 2055 2885 responsionem,
2079 2854 2156 2876 cum
2174 2845 2293 2876 dicitur
2311 2844 2403 2886 quod
2425 2845 2518 2879 solus

1439 2899 1553 2921 sensus
1568 2895 1600 2921 et
1614 2890 1775 2931 appetitus
1790 2894 1922 2921 movent
1936 2890 2071 2926 animal,
2085 2895 2117 2922 et
2131 2889 2223 2932 quod
2235 2890 2340 2921 vir-ms
2354 2898 2518 2932 exequens

1439 2939 1562 2966 motum
1587 2944 1653 2966 non
1677 2939 1726 2966 est
1748 2943 1890 2971 movens,
1913 2935 1972 2966 sed
1993 2935 2139 2976 disponit
2160 2944 2281 2976 corpus
2307 2934 2352 2966 ad
2378 2935 2515 2972 moneri,

1439 2979 1613 3011 dubitatur.
1630 2979 1718 3018 Quia
1731 2988 1865 3011 movere
1888 2985 1937 3010 est
1955 2980 2040 3011 actio
2059 2980 2217 3011 mutiens
2239 2978 2321 3010 inid
2336 2978 2430 3020 quod
2443 2986 2517 3011 mo-

1439 3030 1547 3055 vetur:
1565 3024 1682 3055 sentire
1698 3029 1808 3055 autem
1824 3029 1857 3055 et
1872 3030 2025 3065 appetere
2041 3029 2117 3055 sunt
2131 3024 2276 3056 actiones
2289 3024 2516 3056 immanentes.

1439 3069 1526 3110 Ergo
1550 3069 1670 3100 sentire
1693 3074 1726 3100 et
1747 3074 1902 3110 appetere
1915 3078 1986 3100 non
2008 3075 2085 3100 sunt
2106 3077 2251 3100 movere.
2269 3067 2333 3100 Sed
2355 3074 2518 3101 senuifa
2556 3084 2559 3085 ⁷

1439 3114 1602 3155 appetitus
1624 3113 1749 3145 nullam
1778 3114 1899 3145 habent
1924 3114 2152 3154 operationem
2178 3118 2306 3155 praeter
2334 3112 2513 3145 sentiro&

1438 3164 1601 3200 appetere.
1626 3158 1713 3199 Ergo
1736 3158 1815 3199 ipsis
1838 3167 1906 3189 non
1930 3159 2084 3190 convenit
2105 3166 2250 3190 movere.
2460 3167 2472 3171 *⁴

1495 3202 1659 3240 Secundo,
1676 3204 1752 3244 quia
1764 3203 1963 3242 Aristoteles,
1977 3203 2003 3234 ll
2020 3203 2060 3234 de
2075 3204 2194 3235 Anima
2206 3204 2233 3240 “,
2249 3202 2344 3243 ponit
2359 3201 2514 3233 mosim

1437 3247 1615 3279 secundum
1639 3248 1748 3278 locum
1770 3257 1874 3288 genus
1896 3248 2117 3289 potentiarum
2140 3248 2268 3279 animae
2290 3245 2479 3278 diofincmm
2495 3256 2514 3278 a

1438 3292 1593 3324 sensitivo
1617 3298 1649 3323 et
1672 3293 1862 3333 appetitivo.

1494 3337 1548 3368 xl.
1561 3336 1613 3368 Ad
1629 3337 1726 3368 huius
1741 3336 1937 3368 difficultatis
1953 3336 2158 3374 evidentiam,
2175 3335 2450 3368 considerandum
2466 3341 2514 3368 sot

1438 3381 1530 3422 quod
1553 3382 1587 3412 in
1603 3381 1750 3413 doctrina
1766 3381 1876 3413 Sancti
1898 3381 2059 3418 Tiromae,
2075 3380 2164 3422 apud
2178 3385 2266 3411 recte
2286 3381 2513 3422 intelligentes,

1437 3435 1507 3458 non
1530 3431 1579 3457 est
1601 3425 1739 3458 dubium
1761 3427 1915 3458 virtutem
1938 3426 2105 3462 motivam,
2133 3433 2191 3466 per
2217 3425 2356 3457 modum
2383 3424 2514 3469 agentis

1438 3475 1572 3507 motum,
1595 3480 1664 3502 non
1688 3480 1758 3502 esee
1781 3470 1904 3512 aliquid
1930 3469 2119 3502 distinctum
2142 3479 2160 3500 a
2183 3479 2280 3501 sensu
2305 3476 2337 3502 et
2366 3470 2512 3512 appetitu

1437 3515 1470 3546 in
1494 3515 1696 3552 animalibus,
1724 3516 1860 3546 nomine
1883 3524 1997 3546 sensus
2019 3514 2231 3555 intelligendo
2255 3515 2513 3556 cognoscitivam

1439 3561 1620 3600 potentiam
1643 3560 1807 3596 absolute3
1831 3565 1864 3590 et
1886 3558 1978 3600 quod
1993 3559 2094 3590 virtus
2117 3559 2240 3590 motiva
2265 3568 2428 3602 exequens
2442 3568 2513 3590 mo-

1439 3610 1516 3639 tum,
1542 3614 1627 3645 quae
1650 3610 1698 3635 est
1719 3605 1754 3636 in
1777 3603 1941 3640 membris,
1957 3612 2025 3634 non
2049 3608 2097 3634 est
2119 3604 2220 3635 virtus
2236 3605 2339 3635 activa
2362 3612 2510 3641 movens,

1439 3648 1494 3680 sed
1519 3654 1566 3679 est
1589 3649 1689 3680 virtus
1712 3649 1847 3690 passiva,
1872 3657 1937 3688 qua
1960 3656 2080 3688 corpus
2096 3653 2144 3679 est
2166 3648 2359 3690 dispositum
2384 3647 2424 3680 ad
2439 3657 2513 3679 mo-

1439 3693 1516 3723 veri.
1542 3693 1615 3723 Hoc
1632 3694 1719 3724 enim
1737 3701 1885 3733 expresse
1901 3693 2037 3724 habetur
2061 3698 2092 3723 et
2108 3693 2170 3730 hic,
2188 3699 2220 3724 et
2235 3693 2351 3731 Prima,
2370 3702 2401 3734 q.
2418 3702 2511 3730 mxxv,

2543 2267 2552 2276 ·
2566 2265 2639 2289 Nam.
2648 2271 2680 2293 vr,
2690 2265 2742 2289 init.

2541 3205 2656 3254 ¹Capnu,
2666 3204 2768 3243 ¹3⁸:le
