2768 4134
41 1407 50 1415 ·
64 1405 114 1427 Lib.
126 1406 145 1431 1,
155 1411 208 1426 xiii.

40 2092 49 2101 ·
64 2091 120 2118 Cap.
131 2097 198 2113 xxiii.

229 2545 233 2549 .
282 2517 464 2550 intelligantur.

42 2692 50 2701 ·
66 2690 101 2712 Cf.
120 2691 253 2712 Comment.

40 2723 93 2745 cap.
105 2723 174 2745 xxiii,
187 2717 238 2740 init.

290 307 365 344 330

288 384 476 423 contraria
504 385 648 420 horum
676 380 957 431 principiorum
985 380 1093 416 Deus
1125 379 1248 416 facere
1277 391 1359 416 non

286 437 421 488 possit:
452 436 548 473 sicut
567 435 675 485 quod
699 446 820 483 genus
849 445 930 470 non
959 433 1005 470 sit
1032 431 1289 483 praedicabile
1310 432 1358 469 de

287 490 432 541 specie3
462 490 524 526 vel
552 489 660 538 quod
688 487 812 525 lineae
841 487 979 526 ductae
1008 499 1030 524 a
1058 494 1190 523 centro
1216 486 1264 522 ad
1288 485 1358 523 cir-

286 542 578 582 cumferentiam
602 554 684 579 non
713 541 786 578 sint
805 541 1005 590 aequales;
1026 547 1092 577 aut
1110 539 1219 588 quod
1244 538 1358 576 trian-

285 598 397 646 gulus
411 595 629 633 rectilineus
643 607 725 632 non
741 594 880 632 habeat
898 602 974 631 tres
994 593 1155 641 angulos
1177 593 1358 641 aequales

287 651 442 687 duobus
471 649 592 686 rectis.

339 702 441 740 Hinc
470 702 586 739 etiam
614 709 717 751 patet
736 701 844 750 quod
863 701 971 738 Deus
990 711 1071 736 non
1090 706 1215 748 potest
1233 698 1357 736 facere

286 757 394 806 quod
421 755 672 805 praeteritum
708 767 790 791 non
825 753 945 791 fuerit.
985 753 1090 789 Nam
1127 752 1203 789 hoc
1241 751 1358 790 etiam

285 809 629 847 contradictionem
657 807 833 845 includit:
873 806 1049 844 eiusdem
1085 817 1258 854 namque
1291 817 1358 842 ne-

285 862 466 900 cessitatis
486 870 541 899 est
560 861 704 911 aliquid
725 873 807 898 esse
828 860 924 896 dum
944 867 1009 905 est,
1026 866 1062 895 et
1081 858 1226 908 aliquid
1241 858 1357 895 fuisse
1374 872 1399 886 ιο

285 917 383 953 dum
411 915 490 952 fuit.

340 970 438 1007 Sunt
466 968 581 1005 etiam
610 967 804 1017 quaedam
840 977 940 1015 quae
975 972 1192 1013 repugnant
1220 964 1358 1002 rationi

285 1025 375 1060 entis
406 1023 507 1070 facti
542 1021 773 1070 inquantum
812 1017 1051 1055 huiusmodi.
1090 1018 1204 1064 Quae
1242 1018 1358 1055 etiam

285 1077 391 1113 Deus
419 1075 541 1112 facere
575 1086 655 1111 non
691 1080 834 1123 potest:
864 1084 958 1109 nam
987 1083 1106 1109 omne
1134 1072 1243 1121 quod
1270 1072 1359 1109 facit

284 1130 402 1174 Deus,
433 1135 584 1176 oportet
612 1139 694 1163 esse
723 1126 878 1163 factum.

338 1182 396 1218 Ex
424 1182 500 1217 hoc
529 1187 659 1217 autem
681 1186 784 1228 patet
803 1178 912 1227 quod
932 1178 1040 1215 Deus
1060 1190 1141 1215 non
1160 1186 1287 1227 potest
1304 1178 1357 1215 fa—

283 1246 368 1271 cere
395 1234 536 1270 Deum.
568 1234 672 1270 Nam
701 1232 749 1269 de
778 1231 925 1269 ratione
946 1231 1043 1268 entis
1061 1231 1148 1269 facti
1168 1239 1224 1268 est
1247 1232 1357 1282 quod

283 1299 365 1324 esse
401 1299 518 1323 suum
554 1298 600 1323 ex
636 1285 709 1323 alia
743 1297 860 1322 causa
893 1285 1121 1334 dependeat.
1152 1285 1272 1332 Quod
1302 1293 1358 1322 est

283 1348 415 1377 contra
444 1339 634 1377 rationem
667 1339 750 1376 eius
779 1339 887 1388 quod
916 1338 1054 1375 dicitur
1087 1339 1209 1384 Deus,
1239 1346 1281 1375 ut
1310 1350 1356 1375 ex

283 1392 548 1443 superioribus
574 1400 678 1442 patet
696 1391 727 1429 ³¹⁶.

336 1446 486 1484 Eadem
515 1445 631 1483 etiam
660 1445 818 1492 ratione,
839 1457 921 1482 non
950 1452 1076 1494 potest
1104 1445 1213 1482 Deus
1231 1445 1356 1482 facere

281 1499 426 1549 aliquid
445 1500 606 1548 aequale
626 1498 709 1536 sibi.
741 1499 844 1536 Nam
864 1498 958 1535 illud
977 1498 1089 1536 cuius
1109 1510 1192 1535 esse
1211 1498 1261 1535 ab
1281 1497 1356 1535 alio

282 1565 361 1590 non
391 1553 600 1602 dependet,
631 1552 760 1602 potius
795 1560 852 1589 est
886 1551 927 1589 in
961 1551 1126 1589 essendo
1156 1558 1192 1588 et
1226 1551 1267 1588 in
1295 1563 1356 1588 ce-

281 1605 369 1643 teris
388 1605 635 1655 dignitatibus
664 1617 711 1642 eo
731 1605 839 1654 quod
858 1604 908 1642 ab
927 1604 1003 1642 alio
1022 1604 1227 1654 dependet,
1247 1605 1356 1654 quod

282 1659 330 1696 ad
360 1658 551 1696 rationem
580 1658 677 1696 entis
705 1657 791 1695 facti
818 1658 993 1708 pertinet.

336 1711 518 1749 Similiter
546 1711 662 1749 etiam
690 1711 798 1748 Deus
825 1711 949 1748 facere
978 1723 1062 1749 non
1094 1718 1220 1761 potest
1248 1710 1357 1761 quod

282 1764 426 1814 aliquid
447 1773 698 1802 conservetur
726 1764 765 1801 in
795 1776 877 1801 esse
907 1764 988 1801 sine
1017 1763 1113 1814 ipso.
1139 1765 1245 1802 Nam
1264 1776 1356 1801 con-

282 1818 447 1855 servatio
485 1830 568 1855 esse
606 1817 916 1867 uniuscuiusque
953 1818 1147 1867 dependet
1183 1830 1205 1855 a
1240 1829 1357 1854 causa

282 1883 363 1908 sua.
402 1871 514 1908 Unde
550 1878 702 1920 oportet
736 1871 855 1920 quod,
885 1878 1036 1908 remota
1071 1882 1199 1916 causa,
1229 1882 1356 1908 remo—

280 1931 418 1961 veatur
445 1924 618 1961 effectus:
647 1924 687 1961 Si
717 1923 830 1972 igitur
863 1936 923 1960 res
959 1923 1087 1973 aliqua
1113 1930 1245 1972 posset
1273 1935 1356 1960 esse

282 1989 382 2026 quae
402 1989 425 2013 a
444 1978 530 2014 Deo
550 1989 630 2014 non
650 1984 946 2015 conservaretur
974 1976 1012 2013 in
1041 1988 1136 2022 esse,
1157 1987 1239 2013 non
1258 1983 1357 2014 esset

281 2029 441 2067 effectus
470 2029 564 2067 eius.

334 2083 496 2120 Rursus.
518 2082 622 2131 Quia
650 2081 731 2132 ipse
756 2090 811 2120 est
838 2094 909 2132 per
936 2082 1163 2120 voluntatem
1192 2093 1309 2131 agens
1323 2081 1354 2128 *,

282 2135 342 2173 illa
362 2148 443 2174 non
463 2143 589 2186 potest
607 2136 730 2174 facere
747 2148 847 2186 quae
868 2147 949 2173 non
968 2142 1095 2186 potest
1109 2136 1218 2172 velle.
1241 2135 1355 2184 Quae

1385 1934 1482 1972 oper
1509 1923 1730 1960 intellectum
1768 1929 1802 1960 et
1836 1922 2029 1960 scientiam
2065 1931 2107 1961 ut
2145 1931 2348 1962 ostensum
2379 1931 2436 1963 est
2454 1920 2488 1962 *.
2518 1925 2528 1935 “

779 284 967 339 SUMMA
997 301 1219 338 CONTRA
1248 300 1525 345 GENTlLES,
1555 301 1649 337 LIB.
1671 301 1712 345 Π,
1744 300 1854 337 CAP.
1876 301 1996 337 XXV.

1414 378 1489 415 bile
1518 386 1574 415 est
1602 390 1683 415 non
1712 390 1814 425 esse,
1845 386 1881 415 et
1909 379 2017 428 quod
2046 378 2285 428 impossibile
2314 389 2370 418 est
2393 393 2487 427 esse,

1413 443 1570 468 necesse
1600 439 1656 469 est
1684 443 1766 469 non
1794 443 1888 469 esse.

1467 486 1575 522 Patet
1603 494 1735 522 autem
1764 497 1810 522 ex
1838 485 1916 522 hoc
1939 485 2047 535 quod
2066 497 2148 522 non
2166 493 2292 535 potest
2309 487 2418 525 Deus
2434 487 2488 525 fa-

1413 550 1500 576 cere
1514 548 1556 576 vse
1571 551 1652 576 non
1668 550 1762 584 esse,
1778 539 1842 575 vel
1859 550 1942 576 non
1956 550 2039 576 esse
2055 538 2207 576 bonum
2226 547 2294 576 aut
2311 540 2486 578 beatum:

1414 591 1506 641 quia
1533 592 1582 629 de
1612 591 1836 629 necessitate
1863 593 1947 629 vult
1975 604 2015 629 se
2044 604 2138 638 esse,
2168 592 2320 630 bonum
2349 605 2432 631 esse
2451 601 2489 631 et

1414 645 1584 691 beatum,
1614 653 1656 682 ut
1684 645 1724 682 in
1753 645 1886 682 Primo
1905 645 1927 668 ²¹²
1954 653 2156 683 ostensum
2186 653 2253 683 est.
2455 663 2458 664 ⁷

1451 699 1561 735 item
1582 706 1783 736 ostensum
1803 705 1859 735 est
1878 709 1996 749 supra
2009 698 2030 721 *
2048 699 2156 748 quod
2176 699 2284 737 Deus
2304 711 2385 737 non
2403 706 2488 750 pot-

1413 759 1469 788 est
1488 753 1585 789 velle
1605 751 1764 801 aliquod
1793 752 1954 789 malum.
1984 752 2098 790 Unde
2125 760 2230 802 patet
2248 753 2356 802 quod
2381 753 2490 791 Deus

1412 816 1574 854 peccare
1602 817 1684 842 non
1711 812 1848 854 potest.

1467 857 1649 895 Similiter
1677 865 1879 896 ostensum
1907 866 1964 895 est
1992 870 2110 907 supra
2127 858 2148 880 *
2175 859 2284 907 quod
2319 859 2392 897 Dei
2419 872 2489 897 vo-

1413 913 1539 948 luntas
1566 923 1647 949 non
1676 919 1803 962 potest
1830 923 1913 948 esse
1941 910 2149 948 mutabilis.
2181 911 2245 949 Sic
2271 911 2384 961 igitur
2408 925 2490 951 non

1412 972 1538 1014 potest
1553 965 1676 1002 facere
1692 965 1731 1002 id
1746 965 1855 1014 quod
1870 972 1927 1001 est
1941 977 1963 1001 a
1981 977 2021 1002 se
2035 964 2213 1011 volitum,
2228 977 2311 1002 non
2324 965 2488 1016 impleri.

1468 1017 1682 1055 Sciendum
1710 1026 1843 1055 tamen
1871 1018 1980 1067 quod
2009 1018 2086 1055 hoc
2114 1017 2190 1055 alio
2209 1018 2332 1056 modo
2352 1018 2492 1057 dicitur

1413 1083 1495 1108 non
1522 1083 1638 1121 posse
1665 1084 1690 1108 a
1715 1070 1950 1122 praemissis.
1980 1072 2087 1108 Nam
2114 1071 2327 1120 praemissa
2346 1072 2490 1122 simpli-

2515 645 2524 654 ·
2540 644 2597 672 Cap.
2613 650 2682 666 mx.

2517 708 2525 716 '
2540 706 2593 728 Lib.
2607 706 2625 733 1,
2641 711 2694 728 xcv.

2517 865 2527 874 ·
2542 863 2594 886 Lib.
2609 863 2627 891 1,
2641 869 2732 886 unu.

1374 1144 1382 1157 ι
1413 1124 1506 1161 citer
1525 1125 1632 1162 Deus
1651 1135 1725 1162 nec
1743 1126 1842 1162 velle
1862 1135 1934 1162 nec
1952 1124 2077 1161 facere
2096 1132 2234 1174 potest.
2250 1124 2491 1163 Huiusmodi

1413 1185 1545 1223 autem
1573 1185 1700 1227 potest
1727 1177 1889 1227 quidem
1917 1178 2026 1215 Deus
2054 1179 2116 1215 vel
2144 1178 2268 1216 facere
2297 1180 2360 1216 vel
2379 1179 2490 1225 velle,

1413 1230 1443 1268 si
1472 1231 1556 1268 eius
1574 1232 1755 1268 voluntas
1779 1232 1842 1268 vel
1868 1230 2042 1281 potentia
2069 1230 2244 1269 absolute
2272 1231 2491 1269 considere-

1411 1292 1491 1330 tur,
1522 1295 1603 1321 non
1631 1291 1764 1321 autem
1799 1284 1830 1321 si
1865 1284 2162 1321 considerentur
2194 1285 2492 1335 praesupposita

1412 1339 1611 1374 voluntate
1639 1338 1688 1374 de
1717 1337 1917 1387 opposito:
1947 1349 2041 1374 nam
2069 1339 2251 1375 voluntas
2278 1337 2412 1376 divina
2433 1350 2491 1376 re-

1371 1406 1399 1420 πο
1413 1399 1547 1440 spectu
1576 1399 1842 1429 creaturarum
1870 1390 2139 1429 necessitatem
2165 1403 2247 1428 non
2274 1391 2393 1429 habet
2413 1391 2491 1432 nisi

1412 1456 1459 1481 ex
1488 1443 1768 1494 suppositione,
1788 1451 1831 1482 ut
1857 1442 1898 1481 in
1926 1442 2060 1482 Primo
2079 1443 2100 1466 ³¹⁸
2128 1452 2330 1483 ostensum
2346 1451 2416 1483 est.
2442 1444 2492 1497 Et
2517 1446 2734 1476 ‘OF-ww*

1412 1497 1501 1535 ideo
1530 1509 1683 1535 omnes.
1697 1496 1790 1534 istae
1818 1497 2048 1543 locutiones,
2067 1498 2170 1535 Deus
2188 1496 2265 1536 non
2288 1497 2490 1602 Ροὶεὲξέῧ-

1412 1563 1498 1588 cere
1525 1553 1717 1589 contraria
1746 1551 1802 1588 his
1830 1563 1926 1601 quae
1953 1550 2129 1601 disposuit
2144 1551 2295 1600 facere,
2316 1558 2354 1590 et
2412 1553 2429 1602 J,
2453 1559 2491 1599 e-

1412 1616 1584 1654 cumque
1621 1603 1794 1642 similiter
1825 1603 2020 1651 dicuntur,
2050 1603 2314 1654 intelliguntur
2339 1603 2491 1658 Compo-

1372 1671 1383 1685 2
1411 1659 1494 1694 site.-
1521 1657 1576 1694 sic
1609 1657 1715 1695 enim
1753 1656 1952 1707 implicant
1989 1657 2300 1707 suppositionem
2334 1657 2498 1710 divinae,

1411 1709 1620 1748 voluntatis
1640 1710 1688 1748 de
1708 1710 1902 1761 opposito.
1934 1709 1974 1749 Si
2003 1718 2136 1749 autem
2154 1710 2419 1760 intelliguntur
2435 1711 2490 1750 di-

1412 1765 1499 1810 vise,
1533 1771 1623 1801 sunt
1658 1762 1790 1801 falsae:
1826 1763 1919 1814 quia
1960 1763 2169 1814 respiciunt
2202 1763 2419 1815 potentiam
2454 1772 2495 1804 et

1411 1817 1655 1855 voluntatem
1682 1816 1756 1854 Dei
1784 1816 1973 1855 absolute.
2467 1855 2469 1858 ,

1467 1870 1573 1908 Sicut
1601 1877 1733 1907 autem
1761 1870 1869 1908 Deus
1897 1869 1973 1919 agit
1999 1881 2070 1920 per
2097 1871 2351 1922 voluntatem,
2375 1870 2429 1910 ita
2453 1876 2492 1909 et

1411 1974 1499 2013 Pari
1527 1974 1641 2024 igitur
1673 1974 1833 2022 ratione,
1868 1988 1951 2014 non
1984 1983 2112 2026 potest
2146 1976 2272 2017 facere
2310 1989 2412 2028 quae
2448 1989 2493 2017 se

1411 2029 1604 2067 facturum
1642 2040 1724 2066 non
1760 2027 1976 2078 praescivit,
2005 2037 2072 2067 aut
2099 2029 2290 2068 dimittere
2318 2028 2491 2081 quaese

1411 2082 1603 2120 facturum
1631 2081 1846 2131 praescivit,
1876 2093 1956 2132 qua
1983 2093 2065 2120 non
2093 2090 2220 2134 potest
2243 2082 2367 2123 facere
2386 2095 2491 2135 quae

1409 2135 1534 2173 facere
1564 2147 1645 2172 non
1672 2135 1766 2181 vult,
1786 2143 1853 2174 aut
1880 2134 2072 2174 dimittere
2101 2148 2203 2186 quae
2230 2137 2326 2175 vult.
2356 2136 2406 2193 Et
2423 2148 2490 2189 eo,—

281 2197 412 2227 autem
439 2190 536 2227 velle
559 2201 647 2236 vnon
673 2189 804 2239 possit,
825 2188 1060 2226 considerari
1083 2195 1209 2238 potest
1235 2188 1266 2226 si
1294 2201 1355 2226 ac·
1371 2202 1394 2223 ις
1411 2188 1504 2226 dem
1531 2188 1654 2226 modo
1683 2187 1910 2227 conceditur
1937 2196 1974 2226 et
2001 2197 2163 2238 negatur
2190 2197 2491 2243 utrumquezut

281 2241 472 2292 cipiamus
500 2242 663 2292 qualiter
691 2242 731 2280 in
764 2242 895 2280 divina
923 2244 1122 2280 voluntate
1151 2241 1356 2280 necessitas

281 2294 364 2347 esse
383 2295 521 2346 possit:
552 2308 644 2333 nam
674 2296 782 2346 quod
802 2308 959 2333 necesse
983 2304 1039 2333 est
1063 2307 1158 2341 esse,
1178 2295 1356 2345 impossi-

335 2409 368 2435 23
388 2411 474 2443 potius
494 2410 542 2444 est]
562 2410 634 2444 prius
654 2415 694 2435 est
713 2410 838 2442 «DsEPc,
858 2415 918 2444 post
937 2418 997 2436 esse
1016 2410 1046 2435 E.

337 2445 350 2470 5
371 2450 396 2471 et
415 2445 530 2480 beatum]
549 2451 593 2471 aut
610 2445 716 2471 beatum
735 2446 799 2471 «Dc.
900 2452 929 2471 n
953 2444 1094 2479 mutabilis]
1113 2445 1239 2471 mirabilis
1259 2445 1309 2470 «X.

282 2484 395 2514 ¹⁴‘”⁰‘¹¹‘²
413 2482 470 2507 '⁰⁶⁰
486 2482 522 2506 ’Β
556 2515 588 2542 33
609 2482 661 2550 ζῷ’
679 2481 1004 2551 {ttss‘qffissifffszssz
1022 2515 1055 2550 v,
1074 2517 1136 2550 qui·
1153 2517 1245 2543 mm.

1139 2410 1172 2436 30
1191 2409 1306 2444 dfecms]
1327 2416 1353 2435 et
1371 2409 1483 2436 effectus
1498 2411 1541 2436 Pe.

1099 2480 1134 2507 18
1151 2482 1350 2508 considerentur
1366 2482 1390 2507 A
1409 2482 1496 2513 solun
1514 2481 1694 2509 consideratur
1712 2481 1790 2514 EGZ,
1808 2483 1989 2509 consideretur
2010 2483 2103 2511 meri.

1337 2516 1369 2542 35
1389 2523 1418 2543 ut
1436 2517 1543 2552 scilicet]
1563 2517 1662 2543 scilicet
1680 2518 1730 2550 «X,
1749 2523 1778 2544 ut
1795 2518 1848 2550 ΝΖ,
1867 2518 1965 2544 scilicet
1982 2523 2011 2544 ut
2029 2519 2072 2546 Pe.

1411 2241 1551 2279 scilicet
1579 2240 1775 2291 praedicta
1801 2253 1885 2280 non
1907 2254 2027 2303 posse
2045 2241 2207 2290 dicatur,
2226 2255 2309 2281 non
2327 2241 2490 2294 quidem

1411 2295 1598 2342 absolute,
1620 2295 1686 2333 sed
1707 2295 1781 2333 sub
1800 2294 2024 2334 conditione
2043 2296 2107 2334 vel
2131 2308 2180 2334 ex
2206 2296 2487 2347 suppositione.

1544 2445 1551 2452 ⁶
1567 2446 1574 2452 ·
1632 2416 1723 2452 posset
1741 2410 1810 2445 esse]
1829 2411 1913 2444 pouit
1931 2418 1991 2437 esse
2010 2411 2094 2443 eXcd,
2113 2418 2186 2438 esset
2202 2412 2231 2439 Z.

1410 2453 1446 2478 ¹4
1464 2446 1617 2479 simpliciter
1634 2446 1677 2472 hic
1695 2448 1718 2471 Α
1736 2446 1822 2478 solim
1836 2450 1902 2479 post
1919 2445 2001 2474 Deus.
2103 2445 2136 2474 16
2155 2452 2244 2481 potest
2257 2451 2322 2481 post
2339 2449 2408 2475 velle
2426 2443 2489 2482 «1²²0,

2202 2483 2237 2510 2⁶
2253 2483 2490 2518 imaginun-1⁸3

2165 2519 2197 2553 37
2217 2527 2248 2546 ex
2267 2518 2380 2552 NWYm
2399 2527 2453 2548 οη
2474 2555 2475 2558 ¹

1045 2604 1385 2639 Commentario·
1411 2605 1724 2639 Fet-raniensis

332 2695 351 2715 x
375 2684 558 2725 praemissis
586 2683 756 2715 deducitur
768 2685 795 2721 ’ζ
828 2684 944 2720 Deum,
976 2685 1124 2725 quamvis
1155 2685 1359 2726 omnipotens

286 2696 388 2766 Esit,
412 2728 572 2770 quaedam
596 2738 662 2759 non
680 2738 789 2770 posse.

338 2773 360 2804 1.
378 2773 426 2804 Ex
442 2782 483 2804 eo
499 2773 588 2804 enim
611 2773 703 2813 quod
727 2778 895 2804 ostensum
911 2773 1008 2804 estin
1023 2773 1096 2814 ipso
1112 2782 1181 2804 non
1198 2782 1267 2804 esse
1285 2781 1358 2814 pas-

282 2819 383 2849 sivam
405 2818 597 2858 potentiam,
621 2818 767 2858 sequitur
790 2818 898 2858 ipsum
921 2827 989 2848 non
1014 2826 1111 2858 posse
1131 2827 1169 2848 ea
1185 2827 1270 2859 quae
1285 2822 1361 2849 sunt

282 2863 448 2903 potentiae
471 2862 631 2903 passivae:
655 2867 693 2893 ut
721 2867 769 2892 est
799 2871 896 2902 posse
920 2862 1012 2902 quod
1041 2862 1081 2893 ad
1111 2871 1182 2894 esse
1209 2863 1359 2903 pertinet.

282 2907 358 2938 Non
382 2907 470 2938 enim
493 2911 602 2947 potest
617 2915 687 2938 esse
703 2915 834 2947 corpus,
850 2912 907 2937 aut
921 2907 1043 2947 aliquid
1066 2907 1266 2939 huiusmodi.
1282 2907 1359 2939 Non

283 2952 378 2994 etiarn
402 2956 511 2992 potest
532 2950 668 2988 mutam
692 2960 761 2981 non
785 2950 923 2982 deficere
947 2957 979 2986 et
1002 2952 1184 2993 corrumpi;
1211 2961 1279 2983 non
1303 2951 1359 2983 de-

282 2995 406 3037 fatigari
429 3000 485 3026 aut
508 2994 672 3031 oblivisci;
697 3004 766 3025 non
790 2995 877 3026 vinci
900 3001 956 3026 aut
970 2995 1160 3027 violentiam
1183 2997 1268 3037 pati;
1291 3006 1359 3028 non

282 3040 450 3081 poenitere
474 3044 530 3070 aut
551 3039 644 3070 irasci
668 3044 724 3070 aut
747 3040 872 3070 tristari.

337 3085 385 3115 Ex
402 3094 442 3115 eo
458 3093 536 3115 vero
556 3082 647 3124 quod
670 3089 839 3115 ostensum
862 3089 910 3114 est
932 3084 966 3114 in
989 3084 1062 3124 ipso
1086 3093 1155 3116 esse
1178 3085 1359 3126 potentiam

283 3129 436 3165 activam
453 3128 620 3159 obiectum
635 3133 746 3159 autem
762 3129 927 3168 potentiae
943 3129 1066 3159 activae
1082 3135 1128 3160 est
1145 3139 1201 3160 ens
1208 3130 1361 3171 sactum

284 3173 428 3214 sequitur
452 3172 633 3213 quod'non
658 3178 766 3213 potest
789 3172 881 3214 quod
903 3178 951 3203 est
974 3179 1087 3204 contra
1101 3174 1261 3205 rationem
1277 3175 1361 3206 entis

283 3218 479 3258 inquantum
502 3222 550 3248 est
573 3226 642 3253 ωε,
662 3223 718 3248 aut
741 3222 854 3248 contra
876 3217 1035 3248 rationem
1049 3218 1141 3259 facti
1163 3218 1360 3259 inquantum

285 3267 331 3291 est
355 3260 493 3292 factum:
519 3261 608 3292 nulla
631 3261 718 3292 enim
751 3262 898 3302 potentia
927 3267 1035 3302 potest
1063 3262 1118 3292 ubi
1147 3261 1254 3294 deficit
1278 3264 1358 3294 ratio

285 3306 333 3335 sui
364 3306 493 3336 obiecti.
527 3305 662 3345 Propter
689 3305 853 3337 defectum
888 3306 985 3342 entis,
1016 3315 1084 3336 non
1114 3312 1222 3347 potest
1254 3306 1359 3339 facere

286 3355 321 3379 ut
343 3349 430 3380 idem
461 3349 557 3380 simul
587 3350 628 3380 sit
650 3355 682 3380 et
704 3359 773 3381 non
796 3350 852 3386 sit;
876 3349 968 3391 quod
991 3350 1143 3391 opposita
1172 3351 1268 3383 simul
1297 3351 1360 3383 sint

286 3394 318 3423 in
343 3393 460 3424 eodem
483 3393 664 3425 secundum
687 3393 791 3431 idem;
816 3394 908 3435 quod
922 3394 969 3426 rei
985 3393 1066 3425 desit
1081 3394 1204 3435 aliquid
1223 3405 1359 3427 suorum

287 3438 519 3478 principiorum
543 3439 772 3476 essentialium,
788 3444 826 3470 ut
848 3438 939 3479 quod
958 3439 1061 3470 homo
1077 3448 1146 3470 non
1161 3440 1276 3471 habeat
1292 3441 1360 3471 ani·

287 3490 389 3518 mam3
415 3482 505 3522 quod
528 3492 631 3523 genus
654 3492 722 3514 non
745 3484 787 3514 sit
806 3483 1022 3524 praedicabile
1049 3482 1090 3514 de
1119 3484 1244 3524 specie;
1269 3484 1364 3525 quod'

288 3525 390 3556 lineae
414 3526 529 3557 ductae
553 3537 571 3557 a
594 3533 705 3558 centro
737 3527 776 3558 ad
807 3527 1100 3559 circumferentiam
1129 3537 1197 3559 non
1222 3528 1285 3559 sint
1307 3538 1359 3560 ae-

289 3570 416 3608 quales;
434 3570 523 3610 quod
539 3571 717 3612 triangulus
732 3572 917 3604 rectilineus
932 3581 1001 3604 non
1012 3571 1129 3603 habeat
1143 3577 1207 3603 tres
1222 3573 1360 3614 angulos

289 3614 437 3652 aequales
461 3614 588 3646 duobus
612 3617 720 3652 rectis;
746 3615 836 3656 quod
859 3617 1066 3657 praeteritum
1089 3625 1158 3647 non
1181 3618 1221 3647 sit
1236 3623 1360 3657 praete-

287 3657 399 3692 ritum;
425 3664 455 3688 et
479 3659 591 3689 similia
615 3669 698 3700 quae
722 3661 837 3691 rationi
862 3661 943 3692 entis
967 3666 1158 3701 repugnant.
1179 3679 1201 3684 -
1225 3660 1359 3702 Propter

1411 2684 1575 2717 defectum
1600 2695 1677 2717 vero
1701 2686 1783 2717 entis
1796 2686 1898 2728 facti,
1922 2695 1990 2718 non
2014 2692 2122 2728 potest
2149 2686 2255 2722 facere
2283 2688 2489 2726 Deums‘aut

1411 2727 1534 2770 aliquid
1557 2730 1618 2760 sibi
1641 2730 1794 2771 aequale;
1819 2736 1875 2761 aut
1897 2730 1988 2772 quod
2011 2731 2135 2774 aliquid
2157 2732 2227 2764 sine
2255 2733 2328 2774 ipso
2358 2742 2492 2775 conset:

1412 2780 1513 2804 vetur.
1539 2773 1659 2805 Omnia
1682 2775 1770 2806 enim
1793 2775 1872 2806 haec
1895 2781 1971 2806 sunt
1993 2782 2108 2808 contra
2129 2777 2289 2809 rationem
2311 2776 2398 2813 facti.
2443 2801 2446 2808 ,

1467 2818 1516 2849 Ex
1540 2828 1581 2850 eo
1604 2819 1702 2850 etiam
1725 2818 1816 2860 quod
1841 2825 2008 2851 ostensum
2032 2826 2080 2853 est
2103 2820 2194 2862 quod
2213 2830 2272 2864 per
2286 2821 2488 2862 voluntatem

1412 2863 1487 2904 agit,
1511 2863 1658 2904 sequitur
1681 2863 1771 2904 quod
1801 2873 1869 2895 non
1899 2870 2008 2906 potest
2038 2864 2143 2896 facere
2172 2874 2258 2906 quae
2283 2863 2352 2898 non
2379 2861 2490 2908 potest

1412 2907 1505 2939 velle.
1530 2908 1571 2939 Et
1594 2909 1640 2940 sie
1662 2918 1731 2940 non
1755 2914 1863 2949 potest
1885 2908 1991 2941 ficere
2013 2917 2048 2940 se
2069 2919 2140 2942 non
2163 2918 2243 2948 esse,
2258 2916 2315 2942 aut
2334 2913 2501 2944 nones&

1412 2953 1538 2983 bonum
1562 2953 1613 2984 vel
1637 2954 1779 2984 beatum.
1804 2953 1957 2985 Similiter
1979 2963 2116 2994 peccare
2138 2964 2206 2986 non
2232 2961 2352 2996 potest.
2375 2955 2505 2990 Exn.-

1412 3006 1489 3028 vero
1514 2997 1605 3038 quod
1629 3003 1797 3029 ostensum
1821 3004 1869 3030 est
1890 2998 1953 3031 Dei
1976 2999 2179 3031 voluntatem
2200 3008 2270 3031 non
2290 3009 2360 3033 esse
2381 3005 2488 3034 mm-

1413 3041 1522 3078 bilem,
1550 3042 1697 3083 sequitur
1719 3041 1810 3084 quod
1837 3052 1905 3074 non
1933 3048 2041 3084 potest
2071 3037 2177 3076 facere
2206 3042 2240 3076 id
2274 3043 2366 3086 quod
2383 3050 2506 3090 lesen,

1412 3095 1446 3116 se
1469 3085 1609 3117 volitum
1632 3096 1700 3118 non
1725 3086 1863 3128 impleri.
1879 3105 1903 3110 -
1924 3086 2026 3119 Notat
2048 3093 2159 3119 tamen
2181 3087 2318 3120 Sanctus
2342 3084 2505 3129 Titonias

1413 3130 1503 3171 quod
1527 3131 1591 3162 hoc
1607 3141 1676 3162 non
1691 3139 1788 3172 posse
1803 3131 1868 3162 alio
1883 3131 1987 3163 modo
2010 3131 2168 3173 accipitur
2183 3142 2202 3163 a
2214 3124 2412 3174 praemissiffl
2422 3123 2488 3177 '11st

1413 3175 1501 3207 enim
1522 3184 1585 3207 nec
1604 3175 1691 3208 velle
1713 3185 1775 3207 nec
1798 3175 1905 3207 facere
1931 3176 2122 3217 simpliciter
2149 3181 2274 3218 potest:
2298 3175 2487 3208 huiusmodi

1412 3225 1522 3251 autem
1545 3225 1578 3251 et
1600 3219 1683 3252 velle
1705 3226 1738 3252 et
1761 3220 1867 3252 facere
1882 3226 1992 3262 potest
2005 3221 2164 3258 absolute,
2185 3230 2255 3253 non
2277 3226 2386 3253 autem
2408 3229 2486 3261 πρὸ

1412 3264 1518 3304 posita
1544 3264 1712 3296 voluntate
1736 3264 1776 3296 de
1808 3265 1974 3306 opposito.
2003 3264 2109 3302 Unde,
2137 3274 2214 3296 cum
2238 3263 2365 3301 dicitur,
2395 3264 2487 3296 Deus

1412 3318 1479 3339 non
1498 3313 1607 3349 potest
1619 3309 1742 3351 facere
1764 3309 1935 3340 contraria
1958 3309 1999 3340 iis
2021 3318 2105 3351 quae
2119 3308 2279 3350 disposuit
2290 3308 2421 3350 facere,
2437 3309 2486 3340 in-

1411 3351 1624 3394 telligendum
1647 3359 1695 3384 est
1718 3353 1903 3394 composite,
1926 3352 2124 3395 implicando
2152 3352 2273 3384 scilicet
2300 3351 2488 3394 dispositio·-

1411 3406 1487 3428 nem
1511 3397 1639 3429 divinae
1661 3398 1836 3430 voluntatis
1859 3397 1900 3429 de
1922 3398 2093 3439 opposito:
2117 3405 2187 3428 non
2209 3402 2320 3428 autem
2347 3397 2487 3434 divisim,

1412 3447 1449 3472 ut
1476 3442 1598 3473 scilicet
1627 3442 1806 3484 respiciunt
1835 3441 2015 3483 potentiam
2047 3446 2080 3472 et
2110 3441 2313 3473 voluntatem
2343 3441 2486 3474 divinam

1413 3485 1569 3517 absolute.

1469 3530 1630 3567 Similiter,
1654 3530 1731 3572 quia
1754 3535 1922 3562 ostensum
1945 3533 1993 3560 est
2016 3528 2106 3570 quod
2136 3530 2199 3570 agit
2225 3539 2284 3571 per
2306 3529 2484 3567 scientiam,

1411 3573 1488 3605 ideo
1510 3584 1579 3605 non
1603 3579 1711 3616 potest
1732 3573 1839 3606 facere
1859 3582 1944 3615 quae
1966 3583 2002 3604 se
2025 3572 2186 3605 facturum
2208 3584 2276 3606 non
2304 3574 2484 3615 praescivit,

1411 3624 1467 3649 aut
1498 3619 1659 3650 dimittere
1687 3627 1772 3659 quae
1801 3618 1971 3659 praescivit
1997 3627 2032 3648 se
2062 3617 2241 3650 facturum:
2272 3618 2484 3660 intelligendo

1411 3668 1518 3694 tamen
1535 3672 1603 3694 non
1624 3662 1780 3699 absolute,
1798 3661 1854 3693 sed
1877 3662 1936 3693 sub
1960 3661 2149 3694 conditione
2171 3663 2223 3694 vel
2246 3663 2483 3704 suppositione.
