<?xml version="1.0" encoding="UTF-8"?>
<!DOCTYPE html PUBLIC "-//W3C//DTD XHTML 1.0 Transitional//EN"
    "http://www.w3.org/TR/xhtml1/DTD/xhtml1-transitional.dtd">
<html xmlns="http://www.w3.org/1999/xhtml" xml:lang="en" lang="en">
 <head>
  <title>
</title>
<meta http-equiv="Content-Type" content="text/html;charset=utf-8" />
  <meta name='ocr-system' content='tesseract 3.04.00' />
  <meta name='ocr-capabilities' content='ocr_page ocr_carea ocr_par ocr_line ocrx_word'/>
</head>
<body>
  <div class='ocr_page' id='page_1' title='image "./operaomniaiussui13thom/operaomniaiussui13thom_0570.png"; bbox 0 0 2768 4134; ppageno 0'>
   <div class='ocr_carea' id='block_1_1' title="bbox 79 583 160 604">
    <p class='ocr_par' dir='ltr' id='par_1_1' title="bbox 79 583 160 604">
     <span class='ocr_line' id='line_1_1' title="bbox 79 583 160 604; baseline -0.012 0"><span class='ocrx_word' id='word_1_1' title='bbox 79 585 88 594; x_wconf 84' lang='lat'><strong>‘</strong></span> <span class='ocrx_word' id='word_1_2' title='bbox 103 583 160 604; x_wconf 84' lang='lat' dir='ltr'>Ibid.</span> 
     </span>
    </p>
   </div>
   <div class='ocr_carea' id='block_1_2' title="bbox 321 317 398 363">
    <p class='ocr_par' dir='ltr' id='par_1_2' title="bbox 321 317 398 363">
     <span class='ocr_line' id='line_1_2' title="bbox 321 317 398 363; baseline 0.013 -1"><span class='ocrx_word' id='word_1_3' title='bbox 321 317 398 363; x_wconf 79' lang='lat'>496</span> 
     </span>
    </p>
   </div>
   <div class='ocr_carea' id='block_1_3' title="bbox 314 429 1390 1627">
    <p class='ocr_par' dir='ltr' id='par_1_3' title="bbox 318 429 1390 783">
     <span class='ocr_line' id='line_1_3' title="bbox 985 429 1390 471; baseline -0.007 -11"><span class='ocrx_word' id='word_1_4' title='bbox 985 429 1185 471; x_wconf 80' lang='lat' dir='ltr'>generabilis</span> <span class='ocrx_word' id='word_1_5' title='bbox 1213 429 1337 459; x_wconf 84' lang='lat' dir='ltr'>scilicet</span> <span class='ocrx_word' id='word_1_6' title='bbox 1359 432 1390 457; x_wconf 84' lang='lat' dir='ltr'>et</span> 
     </span>
     <span class='ocr_line' id='line_1_4' title="bbox 320 472 1387 519; baseline -0.009 -8"><span class='ocrx_word' id='word_1_7' title='bbox 320 478 556 519; x_wconf 79' lang='lat' dir='ltr'>corruptibilis:</span> <span class='ocrx_word' id='word_1_8' title='bbox 579 482 615 507; x_wconf 93' lang='lat' dir='ltr'>ut</span> <span class='ocrx_word' id='word_1_9' title='bbox 631 482 718 517; x_wconf 87' lang='lat' dir='ltr'>patet</span> <span class='ocrx_word' id='word_1_10' title='bbox 732 485 790 516; x_wconf 89' lang='lat' dir='ltr'>per</span> <span class='ocrx_word' id='word_1_11' title='bbox 806 475 1118 510; x_wconf 89' lang='lat' dir='ltr'>Commentatorem‚</span> <span class='ocrx_word' id='word_1_12' title='bbox 1136 473 1177 503; x_wconf 91' lang='lat'>111</span> <span class='ocrx_word' id='word_1_13' title='bbox 1196 473 1236 504; x_wconf 86' lang='lat' dir='ltr'>de</span> <span class='ocrx_word' id='word_1_14' title='bbox 1258 472 1387 507; x_wconf 84' lang='lat' dir='ltr'>Anima,</span> 
     </span>
     <span class='ocr_line' id='line_1_5' title="bbox 321 517 1387 561; baseline -0.008 -7"><span class='ocrx_word' id='word_1_15' title='bbox 321 528 495 555; x_wconf 89' lang='lat' dir='ltr'>comment.</span> <span class='ocrx_word' id='word_1_16' title='bbox 526 530 574 561; x_wconf 89' lang='lat'>17.</span> <span class='ocrx_word' id='word_1_17' title='bbox 598 521 640 551; x_wconf 92' lang='lat' dir='ltr'>Et</span> <span class='ocrx_word' id='word_1_18' title='bbox 662 520 698 550; x_wconf 92' lang='lat' dir='ltr'>fit</span> <span class='ocrx_word' id='word_1_19' title='bbox 721 520 920 560; x_wconf 87' lang='lat' dir='ltr'>comparatio</span> <span class='ocrx_word' id='word_1_20' title='bbox 941 519 987 549; x_wconf 90' lang='lat' dir='ltr'>rei</span> <span class='ocrx_word' id='word_1_21' title='bbox 1010 517 1161 549; x_wconf 90' lang='lat' dir='ltr'>naturalis</span> <span class='ocrx_word' id='word_1_22' title='bbox 1180 517 1219 548; x_wconf 89' lang='lat' dir='ltr'>ad</span> <span class='ocrx_word' id='word_1_23' title='bbox 1236 517 1387 552; x_wconf 87' lang='lat' dir='ltr'>animam,</span> 
     </span>
     <span class='ocr_line' id='line_1_6' title="bbox 320 561 1388 605; baseline -0.007 -7"><span class='ocrx_word' id='word_1_24' title='bbox 320 567 499 598; x_wconf 91' lang='lat' dir='ltr'>secundum</span> <span class='ocrx_word' id='word_1_25' title='bbox 514 564 844 596; x_wconf 68' lang='lat' dir='ltr'>Commentatorem*</span> <span class='ocrx_word' id='word_1_26' title='bbox 847 564 945 605; x_wconf 83' lang='lat' dir='ltr'>,quia</span> <span class='ocrx_word' id='word_1_27' title='bbox 962 563 1072 593; x_wconf 87' lang='lat' dir='ltr'>anima</span> <span class='ocrx_word' id='word_1_28' title='bbox 1088 567 1135 593; x_wconf 82' lang='lat' dir='ltr'>est</span> <span class='ocrx_word' id='word_1_29' title='bbox 1151 571 1250 592; x_wconf 90' lang='lat' dir='ltr'>unum</span> <span class='ocrx_word' id='word_1_30' title='bbox 1267 561 1388 591; x_wconf 87' lang='lat' dir='ltr'>entium</span> 
     </span>
     <span class='ocr_line' id='line_1_7' title="bbox 319 605 1388 648; baseline -0.007 -6"><span class='ocrx_word' id='word_1_31' title='bbox 319 611 530 646; x_wconf 87' lang='lat' dir='ltr'><em>naturalium,</em></span> <span class='ocrx_word' id='word_1_32' title='bbox 555 610 622 639; x_wconf 90' lang='lat' dir='ltr'>sive</span> <span class='ocrx_word' id='word_1_33' title='bbox 644 609 698 639; x_wconf 90' lang='lat' dir='ltr'>illa</span> <span class='ocrx_word' id='word_1_34' title='bbox 721 609 760 639; x_wconf 89' lang='lat' dir='ltr'>sit</span> <span class='ocrx_word' id='word_1_35' title='bbox 784 608 943 648; x_wconf 90' lang='lat' dir='ltr'>quidditas</span> <span class='ocrx_word' id='word_1_36' title='bbox 959 607 1095 648; x_wconf 88' lang='lat' dir='ltr'>generis,</span> <span class='ocrx_word' id='word_1_37' title='bbox 1111 608 1177 637; x_wconf 84' lang='lat' dir='ltr'>sive</span> <span class='ocrx_word' id='word_1_38' title='bbox 1201 605 1329 646; x_wconf 89' lang='lat' dir='ltr'>speciei.</span> <span class='ocrx_word' id='word_1_39' title='bbox 1352 605 1388 635; x_wconf 92' lang='lat' dir='ltr'>In</span> 
     </span>
     <span class='ocr_line' id='line_1_8' title="bbox 319 650 1388 695; baseline -0.007 -9"><span class='ocrx_word' id='word_1_40' title='bbox 319 656 414 687; x_wconf 88' lang='lat' dir='ltr'>simili</span> <span class='ocrx_word' id='word_1_41' title='bbox 438 663 572 695; x_wconf 88' lang='lat' dir='ltr'>quoque</span> <span class='ocrx_word' id='word_1_42' title='bbox 595 652 830 693; x_wconf 85' lang='lat' dir='ltr'>significatione</span> <span class='ocrx_word' id='word_1_43' title='bbox 854 653 1009 692; x_wconf 87' lang='lat' dir='ltr'>accipitur</span> <span class='ocrx_word' id='word_1_44' title='bbox 1030 660 1154 682; x_wconf 91' lang='lat' dir='ltr'>nomen</span> <span class='ocrx_word' id='word_1_45' title='bbox 1168 650 1301 692; x_wconf 83' lang='lat' dir='ltr'>generis</span> <span class='ocrx_word' id='word_1_46' title='bbox 1324 650 1388 680; x_wconf 91' lang='lat' dir='ltr'>hoc</span> 
     </span>
     <span class='ocr_line' id='line_1_9' title="bbox 318 694 1389 736; baseline -0.006 -6"><span class='ocrx_word' id='word_1_47' title='bbox 318 702 352 731; x_wconf 91' lang='lat' dir='ltr'>in</span> <span class='ocrx_word' id='word_1_48' title='bbox 375 700 462 736; x_wconf 93' lang='lat' dir='ltr'>loco,</span> <span class='ocrx_word' id='word_1_49' title='bbox 486 708 562 729; x_wconf 90' lang='lat' dir='ltr'>cum</span> <span class='ocrx_word' id='word_1_50' title='bbox 578 697 710 728; x_wconf 90' lang='lat' dir='ltr'>dicitur.</span> <span class='ocrx_word' id='word_1_51' title='bbox 727 697 767 727; x_wconf 93' lang='lat' dir='ltr'>In</span> <span class='ocrx_word' id='word_1_52' title='bbox 785 698 874 728; x_wconf 86' lang='lat' dir='ltr'>omni</span> <span class='ocrx_word' id='word_1_53' title='bbox 890 702 1010 728; x_wconf 86' lang='lat' dir='ltr'>natura</span> <span class='ocrx_word' id='word_1_54' title='bbox 1026 701 1074 726; x_wconf 85' lang='lat' dir='ltr'>est</span> <span class='ocrx_word' id='word_1_55' title='bbox 1096 695 1221 736; x_wconf 82' lang='lat' dir='ltr'>aliquid</span> <span class='ocrx_word' id='word_1_56' title='bbox 1235 694 1323 735; x_wconf 83' lang='lat' dir='ltr'>quod</span> <span class='ocrx_word' id='word_1_57' title='bbox 1342 699 1389 724; x_wconf 84' lang='lat' dir='ltr'>est</span> 
     </span>
     <span class='ocr_line' id='line_1_10' title="bbox 319 742 801 783; baseline -0.004 -9"><span class='ocrx_word' id='word_1_58' title='bbox 319 744 456 774; x_wconf 86' lang='lat' dir='ltr'>materia</span> <span class='ocrx_word' id='word_1_59' title='bbox 480 743 654 783; x_wconf 84' lang='lat' dir='ltr'>unicuique</span> <span class='ocrx_word' id='word_1_60' title='bbox 675 742 801 783; x_wconf 81' lang='lat' dir='ltr'><strong><em>generi.</em></strong></span> 
     </span>
    </p>

    <p class='ocr_par' dir='ltr' id='par_1_4' title="bbox 314 783 1387 1539">
     <span class='ocr_line' id='line_1_11' title="bbox 376 783 1387 822; baseline -0.007 -3"><span class='ocrx_word' id='word_1_61' title='bbox 376 786 656 819; x_wconf 89' lang='lat' dir='ltr'>Considerandum</span> <span class='ocrx_word' id='word_1_62' title='bbox 673 786 828 822; x_wconf 87' lang='lat' dir='ltr'>secundo,</span> <span class='ocrx_word' id='word_1_63' title='bbox 853 795 928 815; x_wconf 90' lang='lat' dir='ltr'>cum</span> <span class='ocrx_word' id='word_1_64' title='bbox 945 784 1060 816; x_wconf 89' lang='lat' dir='ltr'>dicitur</span> <span class='ocrx_word' id='word_1_65' title='bbox 1076 793 1144 814; x_wconf 87' lang='lat' dir='ltr'>esse</span> <span class='ocrx_word' id='word_1_66' title='bbox 1167 784 1200 813; x_wconf 91' lang='lat' dir='ltr'>in</span> <span class='ocrx_word' id='word_1_67' title='bbox 1226 783 1317 813; x_wconf 89' lang='lat' dir='ltr'>omni</span> <span class='ocrx_word' id='word_1_68' title='bbox 1332 792 1387 812; x_wconf 91' lang='lat' dir='ltr'>na-</span> 
     </span>
     <span class='ocr_line' id='line_1_12' title="bbox 318 827 1387 873; baseline -0.007 -10"><span class='ocrx_word' id='word_1_69' title='bbox 318 839 388 863; x_wconf 87' lang='lat' dir='ltr'>tura</span> <span class='ocrx_word' id='word_1_70' title='bbox 411 832 536 873; x_wconf 84' lang='lat' dir='ltr'>aliquid</span> <span class='ocrx_word' id='word_1_71' title='bbox 558 830 646 872; x_wconf 84' lang='lat' dir='ltr'>quod</span> <span class='ocrx_word' id='word_1_72' title='bbox 668 835 715 861; x_wconf 85' lang='lat' dir='ltr'>est</span> <span class='ocrx_word' id='word_1_73' title='bbox 731 830 881 871; x_wconf 85' lang='lat' dir='ltr'>potentia</span> <span class='ocrx_word' id='word_1_74' title='bbox 898 829 1007 859; x_wconf 88' lang='lat' dir='ltr'>omnia</span> <span class='ocrx_word' id='word_1_75' title='bbox 1023 838 1107 869; x_wconf 84' lang='lat' dir='ltr'>quae</span> <span class='ocrx_word' id='word_1_76' title='bbox 1124 832 1201 858; x_wconf 85' lang='lat' dir='ltr'>sunt</span> <span class='ocrx_word' id='word_1_77' title='bbox 1223 827 1312 857; x_wconf 85' lang='lat' dir='ltr'>illius</span> <span class='ocrx_word' id='word_1_78' title='bbox 1330 836 1387 868; x_wconf 83' lang='lat' dir='ltr'>ge-</span> 
     </span>
     <span class='ocr_line' id='line_1_13' title="bbox 319 871 1387 917; baseline -0.007 -10"><span class='ocrx_word' id='word_1_79' title='bbox 319 878 416 914; x_wconf 85' lang='lat' dir='ltr'>neris,</span> <span class='ocrx_word' id='word_1_80' title='bbox 435 876 524 917; x_wconf 94' lang='lat' dir='ltr'>quod</span> <span class='ocrx_word' id='word_1_81' title='bbox 539 876 604 906; x_wconf 91' lang='lat' dir='ltr'>hoc</span> <span class='ocrx_word' id='word_1_82' title='bbox 619 885 688 905; x_wconf 91' lang='lat' dir='ltr'>non</span> <span class='ocrx_word' id='word_1_83' title='bbox 705 881 752 905; x_wconf 90' lang='lat' dir='ltr'>est</span> <span class='ocrx_word' id='word_1_84' title='bbox 768 873 1013 913; x_wconf 87' lang='lat' dir='ltr'>intelligendum</span> <span class='ocrx_word' id='word_1_85' title='bbox 1026 872 1116 912; x_wconf 87' lang='lat' dir='ltr'>quasi</span> <span class='ocrx_word' id='word_1_86' title='bbox 1133 871 1212 902; x_wconf 89' lang='lat' dir='ltr'>illud</span> <span class='ocrx_word' id='word_1_87' title='bbox 1228 871 1268 901; x_wconf 88' lang='lat' dir='ltr'>sit</span> <span class='ocrx_word' id='word_1_88' title='bbox 1282 880 1387 901; x_wconf 88' lang='lat' dir='ltr'>unum</span> 
     </span>
     <span class='ocr_line' id='line_1_14' title="bbox 318 916 1387 970; baseline -0.007 -18"><span class='ocrx_word' id='word_1_89' title='bbox 318 931 472 952; x_wconf 86' lang='lat' dir='ltr'>numero:</span> <span class='ocrx_word' id='word_1_90' title='bbox 497 920 552 951; x_wconf 92' lang='lat' dir='ltr'>sed</span> <span class='ocrx_word' id='word_1_91' title='bbox 581 920 672 970; x_wconf 81' lang='lat' dir='ltr'>quod</span> <span class='ocrx_word' id='word_1_92' title='bbox 703 925 750 949; x_wconf 85' lang='lat' dir='ltr'>est</span> <span class='ocrx_word' id='word_1_93' title='bbox 776 928 880 949; x_wconf 90' lang='lat' dir='ltr'>unum</span> <span class='ocrx_word' id='word_1_94' title='bbox 908 917 1085 948; x_wconf 82' lang='lat' dir='ltr'>secundum</span> <span class='ocrx_word' id='word_1_95' title='bbox 1111 917 1267 946; x_wconf 88' lang='lat' dir='ltr'>unitatem</span> <span class='ocrx_word' id='word_1_96' title='bbox 1298 916 1387 946; x_wconf 88' lang='lat' dir='ltr'>illius</span> 
     </span>
     <span class='ocr_line' id='line_1_15' title="bbox 319 959 1387 1002; baseline -0.007 -5"><span class='ocrx_word' id='word_1_97' title='bbox 319 971 467 996; x_wconf 86' lang='lat' dir='ltr'>naturae.</span> <span class='ocrx_word' id='word_1_98' title='bbox 489 965 565 995; x_wconf 93' lang='lat' dir='ltr'>Non</span> <span class='ocrx_word' id='word_1_99' title='bbox 582 965 668 995; x_wconf 93' lang='lat' dir='ltr'>enim</span> <span class='ocrx_word' id='word_1_100' title='bbox 685 964 816 993; x_wconf 87' lang='lat' dir='ltr'>materia</span> <span class='ocrx_word' id='word_1_101' title='bbox 832 962 962 1002; x_wconf 89' lang='lat' dir='ltr'>propria</span> <span class='ocrx_word' id='word_1_102' title='bbox 977 962 1138 1001; x_wconf 88' lang='lat' dir='ltr'>receptiva</span> <span class='ocrx_word' id='word_1_103' title='bbox 1155 961 1305 991; x_wconf 90' lang='lat' dir='ltr'>omnium</span> <span class='ocrx_word' id='word_1_104' title='bbox 1322 959 1387 990; x_wconf 90' lang='lat' dir='ltr'>for-</span> 
     </span>
     <span class='ocr_line' id='line_1_16' title="bbox 317 1007 1386 1049; baseline -0.006 -8"><span class='ocrx_word' id='word_1_105' title='bbox 317 1020 444 1041; x_wconf 89' lang='lat' dir='ltr'>marum</span> <span class='ocrx_word' id='word_1_106' title='bbox 469 1010 544 1049; x_wconf 90' lang='lat' dir='ltr'>equi</span> <span class='ocrx_word' id='word_1_107' title='bbox 568 1015 614 1039; x_wconf 89' lang='lat' dir='ltr'>est</span> <span class='ocrx_word' id='word_1_108' title='bbox 638 1018 702 1038; x_wconf 91' lang='lat' dir='ltr'>una</span> <span class='ocrx_word' id='word_1_109' title='bbox 725 1016 872 1042; x_wconf 90' lang='lat' dir='ltr'>numero,</span> <span class='ocrx_word' id='word_1_110' title='bbox 898 1007 980 1036; x_wconf 90' lang='lat' dir='ltr'>sicut</span> <span class='ocrx_word' id='word_1_111' title='bbox 1002 1015 1063 1036; x_wconf 90' lang='lat' dir='ltr'>nec</span> <span class='ocrx_word' id='word_1_112' title='bbox 1094 1010 1142 1035; x_wconf 89' lang='lat' dir='ltr'>est</span> <span class='ocrx_word' id='word_1_113' title='bbox 1171 1015 1237 1035; x_wconf 92' lang='lat' dir='ltr'>una</span> <span class='ocrx_word' id='word_1_114' title='bbox 1260 1010 1386 1036; x_wconf 89' lang='lat' dir='ltr'>tantum</span> 
     </span>
     <span class='ocr_line' id='line_1_17' title="bbox 317 1049 1386 1092; baseline -0.006 -7"><span class='ocrx_word' id='word_1_115' title='bbox 317 1064 454 1086; x_wconf 91' lang='lat' dir='ltr'>numero</span> <span class='ocrx_word' id='word_1_116' title='bbox 478 1053 582 1083; x_wconf 79' lang='lat' dir='ltr'>forma</span> <span class='ocrx_word' id='word_1_117' title='bbox 606 1053 691 1092; x_wconf 90' lang='lat' dir='ltr'>equi.</span> <span class='ocrx_word' id='word_1_118' title='bbox 709 1051 771 1082; x_wconf 89' lang='lat' dir='ltr'>Sed</span> <span class='ocrx_word' id='word_1_119' title='bbox 796 1052 821 1081; x_wconf 91' lang='lat' dir='ltr'>si</span> <span class='ocrx_word' id='word_1_120' title='bbox 844 1056 958 1080; x_wconf 88' lang='lat' dir='ltr'>natura</span> <span class='ocrx_word' id='word_1_121' title='bbox 974 1057 1021 1080; x_wconf 92' lang='lat' dir='ltr'>est</span> <span class='ocrx_word' id='word_1_122' title='bbox 1036 1059 1101 1080; x_wconf 93' lang='lat' dir='ltr'>una</span> <span class='ocrx_word' id='word_1_123' title='bbox 1117 1049 1298 1080; x_wconf 91' lang='lat' dir='ltr'>secundum</span> <span class='ocrx_word' id='word_1_124' title='bbox 1315 1059 1386 1089; x_wconf 92' lang='lat' dir='ltr'>spe-</span> 
     </span>
     <span class='ocr_line' id='line_1_18' title="bbox 319 1093 1387 1138; baseline -0.005 -9"><span class='ocrx_word' id='word_1_125' title='bbox 319 1100 411 1135; x_wconf 90' lang='lat' dir='ltr'>ciem,</span> <span class='ocrx_word' id='word_1_126' title='bbox 437 1103 565 1138; x_wconf 84' lang='lat' dir='ltr'>oportet</span> <span class='ocrx_word' id='word_1_127' title='bbox 589 1102 624 1126; x_wconf 92' lang='lat' dir='ltr'>ut</span> <span class='ocrx_word' id='word_1_128' title='bbox 648 1096 866 1136; x_wconf 88' lang='lat' dir='ltr'>susceptivum</span> <span class='ocrx_word' id='word_1_129' title='bbox 882 1096 1052 1135; x_wconf 88' lang='lat' dir='ltr'>proprium</span> <span class='ocrx_word' id='word_1_130' title='bbox 1072 1093 1195 1124; x_wconf 88' lang='lat' dir='ltr'>formae</span> <span class='ocrx_word' id='word_1_131' title='bbox 1220 1095 1260 1124; x_wconf 89' lang='lat' dir='ltr'>sit</span> <span class='ocrx_word' id='word_1_132' title='bbox 1282 1103 1387 1125; x_wconf 90' lang='lat' dir='ltr'>unum</span> 
     </span>
     <span class='ocr_line' id='line_1_19' title="bbox 318 1138 1387 1181; baseline -0.005 -8"><span class='ocrx_word' id='word_1_133' title='bbox 318 1142 496 1174; x_wconf 89' lang='lat' dir='ltr'>secundum</span> <span class='ocrx_word' id='word_1_134' title='bbox 521 1142 672 1181; x_wconf 91' lang='lat' dir='ltr'>speciem,</span> <span class='ocrx_word' id='word_1_135' title='bbox 696 1139 981 1180; x_wconf 88' lang='lat' dir='ltr'>proportionaliter</span> <span class='ocrx_word' id='word_1_136' title='bbox 997 1138 1180 1179; x_wconf 88' lang='lat' dir='ltr'>loquendo:</span> <span class='ocrx_word' id='word_1_137' title='bbox 1201 1144 1280 1179; x_wconf 89' lang='lat' dir='ltr'>puta</span> <span class='ocrx_word' id='word_1_138' title='bbox 1296 1138 1387 1179; x_wconf 92' lang='lat' dir='ltr'>quod</span> 
     </span>
     <span class='ocr_line' id='line_1_20' title="bbox 316 1183 1387 1224; baseline -0.003 -7"><span class='ocrx_word' id='word_1_139' title='bbox 316 1188 356 1217; x_wconf 91' lang='lat' dir='ltr'>sit</span> <span class='ocrx_word' id='word_1_140' title='bbox 372 1187 484 1217; x_wconf 92' lang='lat' dir='ltr'>eadem</span> <span class='ocrx_word' id='word_1_141' title='bbox 501 1195 574 1216; x_wconf 87' lang='lat' dir='ltr'>caro</span> <span class='ocrx_word' id='word_1_142' title='bbox 591 1183 772 1215; x_wconf 87' lang='lat' dir='ltr'>secundum</span> <span class='ocrx_word' id='word_1_143' title='bbox 784 1185 927 1224; x_wconf 90' lang='lat' dir='ltr'>speciem</span> <span class='ocrx_word' id='word_1_144' title='bbox 943 1184 1125 1224; x_wconf 88' lang='lat' dir='ltr'>susceptiva</span> <span class='ocrx_word' id='word_1_145' title='bbox 1140 1183 1238 1214; x_wconf 90' lang='lat' dir='ltr'>huius</span> <span class='ocrx_word' id='word_1_146' title='bbox 1255 1189 1287 1213; x_wconf 93' lang='lat' dir='ltr'>et</span> <span class='ocrx_word' id='word_1_147' title='bbox 1302 1183 1387 1214; x_wconf 87' lang='lat' dir='ltr'>illius</span> 
     </span>
     <span class='ocr_line' id='line_1_21' title="bbox 316 1228 1386 1270; baseline -0.002 -9"><span class='ocrx_word' id='word_1_148' title='bbox 316 1231 439 1262; x_wconf 88' lang='lat' dir='ltr'>formae</span> <span class='ocrx_word' id='word_1_149' title='bbox 464 1230 556 1270; x_wconf 83' lang='lat' dir='ltr'>equi;</span> <span class='ocrx_word' id='word_1_150' title='bbox 581 1235 613 1260; x_wconf 90' lang='lat' dir='ltr'>et</span> <span class='ocrx_word' id='word_1_151' title='bbox 636 1229 781 1260; x_wconf 86' lang='lat' dir='ltr'>similiter</span> <span class='ocrx_word' id='word_1_152' title='bbox 804 1228 891 1259; x_wconf 87' lang='lat' dir='ltr'>idem</span> <span class='ocrx_word' id='word_1_153' title='bbox 911 1237 948 1259; x_wconf 86' lang='lat' dir='ltr'>os</span> <span class='ocrx_word' id='word_1_154' title='bbox 972 1234 1004 1259; x_wconf 93' lang='lat' dir='ltr'>et</span> <span class='ocrx_word' id='word_1_155' title='bbox 1025 1228 1113 1258; x_wconf 89' lang='lat' dir='ltr'>idem</span> <span class='ocrx_word' id='word_1_156' title='bbox 1128 1237 1248 1258; x_wconf 89' lang='lat' dir='ltr'>nervus</span> <span class='ocrx_word' id='word_1_157' title='bbox 1270 1237 1386 1259; x_wconf 89' lang='lat' dir='ltr'>secun-</span> 
     </span>
     <span class='ocr_line' id='line_1_22' title="bbox 316 1273 1386 1315; baseline -0.004 -9"><span class='ocrx_word' id='word_1_158' title='bbox 316 1276 393 1306; x_wconf 89' lang='lat' dir='ltr'>dum</span> <span class='ocrx_word' id='word_1_159' title='bbox 411 1276 572 1315; x_wconf 85' lang='lat' dir='ltr'>speciem;</span> <span class='ocrx_word' id='word_1_160' title='bbox 597 1279 628 1304; x_wconf 90' lang='lat' dir='ltr'>et</span> <span class='ocrx_word' id='word_1_161' title='bbox 651 1274 696 1304; x_wconf 88' lang='lat' dir='ltr'>sic</span> <span class='ocrx_word' id='word_1_162' title='bbox 719 1273 760 1304; x_wconf 89' lang='lat' dir='ltr'>de</span> <span class='ocrx_word' id='word_1_163' title='bbox 784 1273 862 1304; x_wconf 92' lang='lat' dir='ltr'>aliis.</span> <span class='ocrx_word' id='word_1_164' title='bbox 880 1273 913 1304; x_wconf 91' lang='lat' dir='ltr'>Si</span> <span class='ocrx_word' id='word_1_165' title='bbox 937 1278 1046 1303; x_wconf 91' lang='lat' dir='ltr'>autem</span> <span class='ocrx_word' id='word_1_166' title='bbox 1061 1278 1175 1303; x_wconf 88' lang='lat' dir='ltr'>natura</span> <span class='ocrx_word' id='word_1_167' title='bbox 1194 1273 1233 1303; x_wconf 90' lang='lat' dir='ltr'>sit</span> <span class='ocrx_word' id='word_1_168' title='bbox 1256 1282 1321 1303; x_wconf 90' lang='lat' dir='ltr'>una</span> <span class='ocrx_word' id='word_1_169' title='bbox 1337 1282 1386 1303; x_wconf 90' lang='lat' dir='ltr'>se-</span> 
     </span>
     <span class='ocr_line' id='line_1_23' title="bbox 317 1318 1387 1360; baseline -0.004 -9"><span class='ocrx_word' id='word_1_170' title='bbox 317 1319 461 1351; x_wconf 90' lang='lat' dir='ltr'>cundum</span> <span class='ocrx_word' id='word_1_171' title='bbox 483 1328 595 1360; x_wconf 67' lang='lat' dir='ltr'>geum,</span> <span class='ocrx_word' id='word_1_172' title='bbox 619 1327 751 1349; x_wconf 90' lang='lat' dir='ltr'>necesse</span> <span class='ocrx_word' id='word_1_173' title='bbox 768 1323 815 1348; x_wconf 91' lang='lat' dir='ltr'>est</span> <span class='ocrx_word' id='word_1_174' title='bbox 839 1324 875 1348; x_wconf 91' lang='lat' dir='ltr'>ut</span> <span class='ocrx_word' id='word_1_175' title='bbox 896 1318 1029 1348; x_wconf 88' lang='lat' dir='ltr'>materia</span> <span class='ocrx_word' id='word_1_176' title='bbox 1050 1318 1181 1358; x_wconf 86' lang='lat' dir='ltr'>propria</span> <span class='ocrx_word' id='word_1_177' title='bbox 1204 1318 1387 1357; x_wconf 85' lang='lat' dir='ltr'>susceptiva</span> 
     </span>
     <span class='ocr_line' id='line_1_24' title="bbox 315 1361 1386 1403; baseline -0.003 -8"><span class='ocrx_word' id='word_1_178' title='bbox 315 1364 492 1395; x_wconf 88' lang='lat' dir='ltr'>formarum</span> <span class='ocrx_word' id='word_1_179' title='bbox 514 1363 600 1394; x_wconf 89' lang='lat' dir='ltr'>illius</span> <span class='ocrx_word' id='word_1_180' title='bbox 623 1363 748 1403; x_wconf 88' lang='lat' dir='ltr'>generis</span> <span class='ocrx_word' id='word_1_181' title='bbox 773 1363 812 1393; x_wconf 90' lang='lat' dir='ltr'>sit</span> <span class='ocrx_word' id='word_1_182' title='bbox 834 1372 900 1393; x_wconf 90' lang='lat' dir='ltr'>una</span> <span class='ocrx_word' id='word_1_183' title='bbox 915 1361 1096 1392; x_wconf 89' lang='lat' dir='ltr'>secundum</span> <span class='ocrx_word' id='word_1_184' title='bbox 1117 1361 1386 1402; x_wconf 76' lang='lat' dir='ltr'>genus:.formae</span> 
     </span>
     <span class='ocr_line' id='line_1_25' title="bbox 317 1406 1387 1447; baseline -0.004 -7"><span class='ocrx_word' id='word_1_185' title='bbox 317 1410 403 1440; x_wconf 90' lang='lat' dir='ltr'>enim</span> <span class='ocrx_word' id='word_1_186' title='bbox 427 1407 572 1439; x_wconf 84' lang='lat' dir='ltr'>eiusdem</span> <span class='ocrx_word' id='word_1_187' title='bbox 595 1408 731 1447; x_wconf 88' lang='lat' dir='ltr'>generis,</span> <span class='ocrx_word' id='word_1_188' title='bbox 762 1412 842 1447; x_wconf 90' lang='lat' dir='ltr'>puta</span> <span class='ocrx_word' id='word_1_189' title='bbox 869 1406 1025 1443; x_wconf 87' lang='lat' dir='ltr'>animalis,</span> <span class='ocrx_word' id='word_1_190' title='bbox 1057 1407 1227 1446; x_wconf 89' lang='lat' dir='ltr'>requirunt</span> <span class='ocrx_word' id='word_1_191' title='bbox 1255 1407 1387 1447; x_wconf 85' lang='lat' dir='ltr'>propria</span> 
     </span>
     <span class='ocr_line' id='line_1_26' title="bbox 315 1450 1386 1494; baseline -0.003 -10"><span class='ocrx_word' id='word_1_192' title='bbox 315 1454 496 1494; x_wconf 84' lang='lat' dir='ltr'>susceptiva</span> <span class='ocrx_word' id='word_1_193' title='bbox 511 1453 609 1483; x_wconf 91' lang='lat' dir='ltr'>unius</span> <span class='ocrx_word' id='word_1_194' title='bbox 625 1452 760 1492; x_wconf 89' lang='lat' dir='ltr'>generis,</span> <span class='ocrx_word' id='word_1_195' title='bbox 778 1452 854 1492; x_wconf 87' lang='lat' dir='ltr'>quia</span> <span class='ocrx_word' id='word_1_196' title='bbox 870 1456 1000 1492; x_wconf 86' lang='lat' dir='ltr'>oportet</span> <span class='ocrx_word' id='word_1_197' title='bbox 1015 1451 1182 1481; x_wconf 82' lang='lat' dir='ltr'>materiam</span> <span class='ocrx_word' id='word_1_198' title='bbox 1199 1456 1232 1481; x_wconf 91' lang='lat' dir='ltr'>et</span> <span class='ocrx_word' id='word_1_199' title='bbox 1247 1450 1386 1482; x_wconf 85' lang='lat' dir='ltr'>formam</span> 
     </span>
     <span class='ocr_line' id='line_1_27' title="bbox 314 1497 564 1539; baseline -0.012 -10"><span class='ocrx_word' id='word_1_200' title='bbox 314 1497 564 1539; x_wconf 86' lang='lat' dir='ltr'>proportionari.</span> 
     </span>
    </p>

    <p class='ocr_par' dir='ltr' id='par_1_5' title="bbox 315 1539 1386 1627">
     <span class='ocr_line' id='line_1_28' title="bbox 371 1539 1386 1580; baseline -0.003 -7"><span class='ocrx_word' id='word_1_201' title='bbox 371 1540 654 1573; x_wconf 82' lang='lat' dir='ltr'>Considerandum</span> <span class='ocrx_word' id='word_1_202' title='bbox 676 1541 782 1576; x_wconf 87' lang='lat' dir='ltr'>tertio,</span> <span class='ocrx_word' id='word_1_203' title='bbox 807 1539 898 1580; x_wconf 91' lang='lat' dir='ltr'>quod</span> <span class='ocrx_word' id='word_1_204' title='bbox 925 1541 978 1570; x_wconf 90' lang='lat' dir='ltr'>hic</span> <span class='ocrx_word' id='word_1_205' title='bbox 1007 1540 1166 1580; x_wconf 85' lang='lat' dir='ltr'>accipitur</span> <span class='ocrx_word' id='word_1_206' title='bbox 1195 1544 1288 1571; x_wconf 76' lang='lat' dir='ltr'>actus</span> <span class='ocrx_word' id='word_1_207' title='bbox 1317 1549 1386 1571; x_wconf 91' lang='lat' dir='ltr'>non</span> 
     </span>
     <span class='ocr_line' id='line_1_29' title="bbox 315 1584 1385 1627; baseline -0.001 -10"><span class='ocrx_word' id='word_1_208' title='bbox 315 1596 375 1627; x_wconf 90' lang='lat' dir='ltr'>pro</span> <span class='ocrx_word' id='word_1_209' title='bbox 389 1587 588 1627; x_wconf 87' lang='lat' dir='ltr'>operatione,</span> <span class='ocrx_word' id='word_1_210' title='bbox 601 1585 657 1616; x_wconf 90' lang='lat' dir='ltr'>sed</span> <span class='ocrx_word' id='word_1_211' title='bbox 669 1595 728 1626; x_wconf 91' lang='lat' dir='ltr'>pro</span> <span class='ocrx_word' id='word_1_212' title='bbox 736 1586 857 1627; x_wconf 81' lang='lat' dir='ltr'>forma</span> <span class='ocrx_word' id='word_1_213' title='bbox 866 1594 950 1626; x_wconf 83' lang='lat' dir='ltr'>quae</span> <span class='ocrx_word' id='word_1_214' title='bbox 962 1590 1010 1615; x_wconf 83' lang='lat' dir='ltr'>est</span> <span class='ocrx_word' id='word_1_215' title='bbox 1024 1590 1118 1616; x_wconf 81' lang='lat' dir='ltr'>actus</span> <span class='ocrx_word' id='word_1_216' title='bbox 1126 1584 1266 1625; x_wconf 82' lang='lat' dir='ltr'>primus.</span> <span class='ocrx_word' id='word_1_217' title='bbox 1280 1585 1385 1622; x_wconf 89' lang='lat' dir='ltr'>Unde,</span> 
     </span>
    </p>
   </div>
   <div class='ocr_carea' id='block_1_4' title="bbox 258 1629 1387 1671">
    <p class='ocr_par' dir='ltr' id='par_1_6' title="bbox 258 1629 1387 1671">
     <span class='ocr_line' id='line_1_30' title="bbox 258 1629 1387 1671; baseline -0.002 -9"><span class='ocrx_word' id='word_1_218' title='bbox 258 1629 262 1632; x_wconf 66' lang='grc'><em>’</em></span> <span class='ocrx_word' id='word_1_219' title='bbox 317 1641 391 1662; x_wconf 92' lang='lat' dir='ltr'>cum</span> <span class='ocrx_word' id='word_1_220' title='bbox 416 1631 615 1662; x_wconf 90' lang='lat' dir='ltr'>subsumitur</span> <span class='ocrx_word' id='word_1_221' title='bbox 638 1630 671 1660; x_wconf 90' lang='lat' dir='ltr'>in</span> <span class='ocrx_word' id='word_1_222' title='bbox 694 1630 819 1660; x_wconf 91' lang='lat' dir='ltr'>ratione</span> <span class='ocrx_word' id='word_1_223' title='bbox 836 1629 927 1670; x_wconf 94' lang='lat' dir='ltr'>quod</span> <span class='ocrx_word' id='word_1_224' title='bbox 942 1630 1049 1660; x_wconf 85' lang='lat' dir='ltr'>anima</span> <span class='ocrx_word' id='word_1_225' title='bbox 1071 1629 1267 1659; x_wconf 84' lang='lat' dir='ltr'>intellectiva</span> <span class='ocrx_word' id='word_1_226' title='bbox 1283 1639 1387 1671; x_wconf 81' lang='lat' dir='ltr'>quan-</span> 
     </span>
    </p>
   </div>
   <div class='ocr_carea' id='block_1_5' title="bbox 75 2572 231 2688">
    <p class='ocr_par' dir='ltr' id='par_1_7' title="bbox 75 2572 231 2688">
     <span class='ocr_line' id='line_1_31' title="bbox 75 2572 231 2601; baseline 0 -6"><span class='ocrx_word' id='word_1_227' title='bbox 75 2574 84 2583; x_wconf 83' lang='lat'><strong>·</strong></span> <span class='ocrx_word' id='word_1_228' title='bbox 100 2572 157 2601; x_wconf 76' lang='lat' dir='ltr'>Cap.</span> <span class='ocrx_word' id='word_1_229' title='bbox 166 2579 201 2599; x_wconf 83' lang='grc' dir='ltr'><em>ιιι,</em></span> <span class='ocrx_word' id='word_1_230' title='bbox 214 2580 231 2595; x_wconf 81' lang='grc' dir='ltr'>ι.</span> 
     </span>
     <span class='ocr_line' id='line_1_32' title="bbox 75 2660 231 2688; baseline 0 -6"><span class='ocrx_word' id='word_1_231' title='bbox 75 2662 84 2671; x_wconf 75' lang='grc'><strong><em>’</em></strong></span> <span class='ocrx_word' id='word_1_232' title='bbox 100 2660 157 2688; x_wconf 83' lang='lat' dir='ltr'>Cap.</span> <span class='ocrx_word' id='word_1_233' title='bbox 168 2667 198 2688; x_wconf 81' lang='grc' dir='ltr'>ιν,</span> <span class='ocrx_word' id='word_1_234' title='bbox 213 2669 231 2683; x_wconf 77' lang='grc' dir='ltr'>ι.</span> 
     </span>
    </p>
   </div>
   <div class='ocr_carea' id='block_1_6' title="bbox 76 2749 243 2777">
    <p class='ocr_par' dir='ltr' id='par_1_8' title="bbox 76 2749 243 2777">
     <span class='ocr_line' id='line_1_33' title="bbox 76 2749 243 2777; baseline 0.006 -6"><span class='ocrx_word' id='word_1_235' title='bbox 76 2751 85 2759; x_wconf 85' lang='lat'>&#39;</span> <span class='ocrx_word' id='word_1_236' title='bbox 101 2749 156 2777; x_wconf 82' lang='lat' dir='ltr'>Cap.</span> <span class='ocrx_word' id='word_1_237' title='bbox 168 2756 198 2776; x_wconf 78' lang='lat' dir='ltr'>iv,</span> <span class='ocrx_word' id='word_1_238' title='bbox 212 2756 243 2772; x_wconf 77' lang='lat'>12.</span> 
     </span>
    </p>
   </div>
   <div class='ocr_carea' id='block_1_7' title="bbox 312 1673 1388 3716">
    <p class='ocr_par' dir='ltr' id='par_1_9' title="bbox 316 1673 1388 1848">
     <span class='ocr_line' id='line_1_34' title="bbox 316 1673 1387 1716; baseline -0.001 -10"><span class='ocrx_word' id='word_1_239' title='bbox 316 1676 422 1716; x_wconf 80' lang='lat' dir='ltr'>doque</span> <span class='ocrx_word' id='word_1_240' title='bbox 444 1680 492 1706; x_wconf 83' lang='lat' dir='ltr'>est</span> <span class='ocrx_word' id='word_1_241' title='bbox 514 1675 701 1716; x_wconf 75' lang='lat' dir='ltr'>intelligens</span> <span class='ocrx_word' id='word_1_242' title='bbox 728 1674 760 1704; x_wconf 87' lang='lat' dir='ltr'>in</span> <span class='ocrx_word' id='word_1_243' title='bbox 783 1674 943 1715; x_wconf 83' lang='lat' dir='ltr'>potentia,</span> <span class='ocrx_word' id='word_1_244' title='bbox 968 1673 1163 1714; x_wconf 80' lang='lat' dir='ltr'>quandoque</span> <span class='ocrx_word' id='word_1_245' title='bbox 1190 1683 1268 1704; x_wconf 81' lang='lat' dir='ltr'>vero</span> <span class='ocrx_word' id='word_1_246' title='bbox 1293 1674 1387 1705; x_wconf 85' lang='lat' dir='ltr'>intel-</span> 
     </span>
     <span class='ocr_line' id='line_1_35' title="bbox 318 1717 1387 1763; baseline -0.002 -12"><span class='ocrx_word' id='word_1_247' title='bbox 318 1721 424 1763; x_wconf 78' lang='lat' dir='ltr'>ligens</span> <span class='ocrx_word' id='word_1_248' title='bbox 446 1720 478 1749; x_wconf 87' lang='lat' dir='ltr'>in</span> <span class='ocrx_word' id='word_1_249' title='bbox 503 1723 588 1755; x_wconf 85' lang='lat' dir='ltr'>actu,</span> <span class='ocrx_word' id='word_1_250' title='bbox 613 1728 681 1749; x_wconf 91' lang='lat' dir='ltr'>non</span> <span class='ocrx_word' id='word_1_251' title='bbox 705 1719 862 1759; x_wconf 84' lang='lat' dir='ltr'>accipitur</span> <span class='ocrx_word' id='word_1_252' title='bbox 883 1718 1065 1758; x_wconf 83' lang='lat' dir='ltr'>intelligens</span> <span class='ocrx_word' id='word_1_253' title='bbox 1087 1719 1121 1748; x_wconf 92' lang='lat' dir='ltr'>in</span> <span class='ocrx_word' id='word_1_254' title='bbox 1146 1723 1219 1749; x_wconf 83' lang='lat' dir='ltr'>actu</span> <span class='ocrx_word' id='word_1_255' title='bbox 1242 1717 1387 1749; x_wconf 85' lang='lat' dir='ltr'>secundo</span> 
     </span>
     <span class='ocr_line' id='line_1_36' title="bbox 316 1763 1388 1804; baseline -0.002 -8"><span class='ocrx_word' id='word_1_256' title='bbox 316 1769 454 1800; x_wconf 90' lang='lat' dir='ltr'>tantum,</span> <span class='ocrx_word' id='word_1_257' title='bbox 471 1763 561 1804; x_wconf 92' lang='lat' dir='ltr'>quod</span> <span class='ocrx_word' id='word_1_258' title='bbox 577 1769 624 1793; x_wconf 91' lang='lat' dir='ltr'>est</span> <span class='ocrx_word' id='word_1_259' title='bbox 639 1763 780 1803; x_wconf 87' lang='lat' dir='ltr'>operari;</span> <span class='ocrx_word' id='word_1_260' title='bbox 805 1763 861 1793; x_wconf 92' lang='lat' dir='ltr'>sed</span> <span class='ocrx_word' id='word_1_261' title='bbox 882 1763 979 1794; x_wconf 88' lang='lat' dir='ltr'>etiam</span> <span class='ocrx_word' id='word_1_262' title='bbox 1001 1763 1035 1793; x_wconf 90' lang='lat' dir='ltr'>in</span> <span class='ocrx_word' id='word_1_263' title='bbox 1059 1768 1133 1793; x_wconf 89' lang='lat' dir='ltr'>actu</span> <span class='ocrx_word' id='word_1_264' title='bbox 1156 1763 1273 1803; x_wconf 84' lang='lat' dir='ltr'>primo,</span> <span class='ocrx_word' id='word_1_265' title='bbox 1297 1763 1388 1803; x_wconf 89' lang='lat' dir='ltr'>quod</span> 
     </span>
     <span class='ocr_line' id='line_1_37' title="bbox 318 1807 1305 1848; baseline -0.002 -8"><span class='ocrx_word' id='word_1_266' title='bbox 318 1815 366 1840; x_wconf 89' lang='lat' dir='ltr'>est</span> <span class='ocrx_word' id='word_1_267' title='bbox 388 1810 506 1839; x_wconf 89' lang='lat' dir='ltr'>habere</span> <span class='ocrx_word' id='word_1_268' title='bbox 530 1808 668 1839; x_wconf 82' lang='lat' dir='ltr'>formam</span> <span class='ocrx_word' id='word_1_269' title='bbox 692 1816 750 1848; x_wconf 93' lang='lat' dir='ltr'>per</span> <span class='ocrx_word' id='word_1_270' title='bbox 773 1817 872 1848; x_wconf 87' lang='lat' dir='ltr'>quam</span> <span class='ocrx_word' id='word_1_271' title='bbox 895 1807 1076 1838; x_wconf 87' lang='lat' dir='ltr'>intellectus</span> <span class='ocrx_word' id='word_1_272' title='bbox 1093 1812 1142 1838; x_wconf 89' lang='lat' dir='ltr'>est</span> <span class='ocrx_word' id='word_1_273' title='bbox 1163 1808 1196 1838; x_wconf 92' lang='lat' dir='ltr'>in</span> <span class='ocrx_word' id='word_1_274' title='bbox 1221 1813 1305 1838; x_wconf 89' lang='lat' dir='ltr'>actu.</span> 
     </span>
    </p>

    <p class='ocr_par' dir='ltr' id='par_1_10' title="bbox 316 1851 1388 2382">
     <span class='ocr_line' id='line_1_38' title="bbox 374 1851 1388 1892; baseline -0.002 -8"><span class='ocrx_word' id='word_1_275' title='bbox 374 1852 655 1884; x_wconf 88' lang='lat' dir='ltr'>Considerandum</span> <span class='ocrx_word' id='word_1_276' title='bbox 678 1851 924 1892; x_wconf 87' lang='lat' dir='ltr'>quarto·quod‚</span> <span class='ocrx_word' id='word_1_277' title='bbox 955 1852 1030 1882; x_wconf 91' lang='lat' dir='ltr'>licet</span> <span class='ocrx_word' id='word_1_278' title='bbox 1059 1852 1167 1882; x_wconf 88' lang='lat' dir='ltr'>anima</span> <span class='ocrx_word' id='word_1_279' title='bbox 1193 1852 1388 1882; x_wconf 82' lang='lat' dir='ltr'>intellectiva</span> 
     </span>
     <span class='ocr_line' id='line_1_39' title="bbox 318 1895 1387 1936; baseline -0.002 -8"><span class='ocrx_word' id='word_1_280' title='bbox 318 1897 497 1928; x_wconf 89' lang='lat' dir='ltr'>secundum</span> <span class='ocrx_word' id='word_1_281' title='bbox 522 1905 614 1927; x_wconf 89' lang='lat' dir='ltr'>suam</span> <span class='ocrx_word' id='word_1_282' title='bbox 637 1897 847 1926; x_wconf 86' lang='lat' dir='ltr'>substantiam</span> <span class='ocrx_word' id='word_1_283' title='bbox 867 1897 906 1926; x_wconf 87' lang='lat' dir='ltr'>sit</span> <span class='ocrx_word' id='word_1_284' title='bbox 929 1901 1020 1926; x_wconf 87' lang='lat' dir='ltr'>actus</span> <span class='ocrx_word' id='word_1_285' title='bbox 1036 1895 1179 1936; x_wconf 89' lang='lat' dir='ltr'>quidam,</span> <span class='ocrx_word' id='word_1_286' title='bbox 1203 1902 1240 1926; x_wconf 90' lang='lat' dir='ltr'>ut</span> <span class='ocrx_word' id='word_1_287' title='bbox 1262 1896 1387 1926; x_wconf 89' lang='lat' dir='ltr'>intelle-</span> 
     </span>
     <span class='ocr_line' id='line_1_40' title="bbox 318 1939 1387 1980; baseline -0.002 -8"><span class='ocrx_word' id='word_1_288' title='bbox 318 1943 400 1972; x_wconf 86' lang='lat' dir='ltr'>ctiva</span> <span class='ocrx_word' id='word_1_289' title='bbox 415 1947 534 1977; x_wconf 90' lang='lat' dir='ltr'>tamen,</span> <span class='ocrx_word' id='word_1_290' title='bbox 550 1940 632 1971; x_wconf 91' lang='lat' dir='ltr'>idest</span> <span class='ocrx_word' id='word_1_291' title='bbox 646 1946 683 1971; x_wconf 91' lang='lat' dir='ltr'>ut</span> <span class='ocrx_word' id='word_1_292' title='bbox 705 1940 851 1971; x_wconf 81' lang='lat' dir='ltr'>ordinata</span> <span class='ocrx_word' id='word_1_293' title='bbox 867 1939 907 1970; x_wconf 90' lang='lat' dir='ltr'>ad</span> <span class='ocrx_word' id='word_1_294' title='bbox 929 1940 1195 1976; x_wconf 90' lang='lat' dir='ltr'>intellectionem,</span> <span class='ocrx_word' id='word_1_295' title='bbox 1211 1939 1387 1980; x_wconf 89' lang='lat' dir='ltr'>aliquando</span> 
     </span>
     <span class='ocr_line' id='line_1_41' title="bbox 318 1983 1387 2025; baseline -0.002 -9"><span class='ocrx_word' id='word_1_296' title='bbox 318 1991 365 2016; x_wconf 92' lang='lat' dir='ltr'>est</span> <span class='ocrx_word' id='word_1_297' title='bbox 379 1986 413 2016; x_wconf 91' lang='lat' dir='ltr'>in</span> <span class='ocrx_word' id='word_1_298' title='bbox 430 1990 503 2016; x_wconf 90' lang='lat' dir='ltr'>actu</span> <span class='ocrx_word' id='word_1_299' title='bbox 520 1985 626 2025; x_wconf 90' lang='lat' dir='ltr'>primo</span> <span class='ocrx_word' id='word_1_300' title='bbox 644 1985 820 2024; x_wconf 87' lang='lat' dir='ltr'>complet0‚</span> <span class='ocrx_word' id='word_1_301' title='bbox 834 1983 966 2025; x_wconf 89' lang='lat' dir='ltr'>quando</span> <span class='ocrx_word' id='word_1_302' title='bbox 982 1984 1106 2014; x_wconf 87' lang='lat' dir='ltr'>scilicet</span> <span class='ocrx_word' id='word_1_303' title='bbox 1121 1985 1218 2015; x_wconf 90' lang='lat' dir='ltr'>habet</span> <span class='ocrx_word' id='word_1_304' title='bbox 1233 1985 1266 2015; x_wconf 90' lang='lat' dir='ltr'>in</span> <span class='ocrx_word' id='word_1_305' title='bbox 1283 1985 1387 2024; x_wconf 84' lang='lat' dir='ltr'>seipsa</span> 
     </span>
     <span class='ocr_line' id='line_1_42' title="bbox 317 2028 1387 2071; baseline -0.001 -10"><span class='ocrx_word' id='word_1_306' title='bbox 317 2031 459 2071; x_wconf 91' lang='lat' dir='ltr'>speciem</span> <span class='ocrx_word' id='word_1_307' title='bbox 488 2029 737 2069; x_wconf 86' lang='lat' dir='ltr'>intelligibilem:</span> <span class='ocrx_word' id='word_1_308' title='bbox 767 2028 942 2069; x_wconf 87' lang='lat' dir='ltr'>aliquando</span> <span class='ocrx_word' id='word_1_309' title='bbox 972 2038 1050 2058; x_wconf 88' lang='lat' dir='ltr'>vero</span> <span class='ocrx_word' id='word_1_310' title='bbox 1081 2037 1150 2059; x_wconf 90' lang='lat' dir='ltr'>non</span> <span class='ocrx_word' id='word_1_311' title='bbox 1177 2034 1226 2059; x_wconf 90' lang='lat' dir='ltr'>est</span> <span class='ocrx_word' id='word_1_312' title='bbox 1254 2029 1288 2059; x_wconf 89' lang='lat' dir='ltr'>in</span> <span class='ocrx_word' id='word_1_313' title='bbox 1312 2035 1387 2060; x_wconf 86' lang='lat' dir='ltr'>actu</span> 
     </span>
     <span class='ocr_line' id='line_1_43' title="bbox 317 2072 1386 2115; baseline -0.001 -10"><span class='ocrx_word' id='word_1_314' title='bbox 317 2075 422 2115; x_wconf 91' lang='lat' dir='ltr'>primo</span> <span class='ocrx_word' id='word_1_315' title='bbox 447 2074 624 2114; x_wconf 91' lang='lat' dir='ltr'>complet0‚</span> <span class='ocrx_word' id='word_1_316' title='bbox 649 2073 704 2104; x_wconf 87' lang='lat' dir='ltr'>sed</span> <span class='ocrx_word' id='word_1_317' title='bbox 735 2078 782 2103; x_wconf 91' lang='lat' dir='ltr'>est</span> <span class='ocrx_word' id='word_1_318' title='bbox 812 2072 993 2104; x_wconf 86' lang='lat' dir='ltr'>secundum</span> <span class='ocrx_word' id='word_1_319' title='bbox 1021 2072 1143 2113; x_wconf 88' lang='lat' dir='ltr'>aliquid</span> <span class='ocrx_word' id='word_1_320' title='bbox 1171 2073 1206 2104; x_wconf 93' lang='lat' dir='ltr'>in</span> <span class='ocrx_word' id='word_1_321' title='bbox 1229 2074 1386 2113; x_wconf 84' lang='lat' dir='ltr'>potentia,</span> 
     </span>
     <span class='ocr_line' id='line_1_44' title="bbox 318 2117 1387 2158; baseline -0.001 -8"><span class='ocrx_word' id='word_1_322' title='bbox 318 2125 354 2150; x_wconf 90' lang='lat' dir='ltr'>ut</span> <span class='ocrx_word' id='word_1_323' title='bbox 377 2128 453 2150; x_wconf 89' lang='lat' dir='ltr'>cum</span> <span class='ocrx_word' id='word_1_324' title='bbox 475 2127 544 2149; x_wconf 87' lang='lat' dir='ltr'>non</span> <span class='ocrx_word' id='word_1_325' title='bbox 567 2118 664 2148; x_wconf 86' lang='lat' dir='ltr'>habet</span> <span class='ocrx_word' id='word_1_326' title='bbox 687 2118 830 2158; x_wconf 87' lang='lat' dir='ltr'>speciem</span> <span class='ocrx_word' id='word_1_327' title='bbox 853 2117 1105 2157; x_wconf 68' lang='lat' dir='ltr'>intelligibilem</span> <span class='ocrx_word' id='word_1_328' title='bbox 1129 2122 1207 2148; x_wconf 88' lang='lat' dir='ltr'>tunc</span> <span class='ocrx_word' id='word_1_329' title='bbox 1227 2118 1315 2148; x_wconf 90' lang='lat' dir='ltr'>enim</span> <span class='ocrx_word' id='word_1_330' title='bbox 1339 2117 1387 2149; x_wconf 85' lang='lat' dir='ltr'>di-</span> 
     </span>
     <span class='ocr_line' id='line_1_45' title="bbox 318 2162 1388 2203; baseline -0.001 -9"><span class='ocrx_word' id='word_1_331' title='bbox 318 2164 399 2194; x_wconf 89' lang='lat' dir='ltr'>citur</span> <span class='ocrx_word' id='word_1_332' title='bbox 421 2164 455 2194; x_wconf 88' lang='lat' dir='ltr'>in</span> <span class='ocrx_word' id='word_1_333' title='bbox 478 2163 633 2203; x_wconf 89' lang='lat' dir='ltr'>potentia,</span> <span class='ocrx_word' id='word_1_334' title='bbox 651 2162 727 2202; x_wconf 89' lang='lat' dir='ltr'>quia</span> <span class='ocrx_word' id='word_1_335' title='bbox 749 2171 818 2193; x_wconf 89' lang='lat' dir='ltr'>non</span> <span class='ocrx_word' id='word_1_336' title='bbox 841 2162 937 2192; x_wconf 90' lang='lat' dir='ltr'>habet</span> <span class='ocrx_word' id='word_1_337' title='bbox 952 2162 1063 2192; x_wconf 88' lang='lat' dir='ltr'>omnia</span> <span class='ocrx_word' id='word_1_338' title='bbox 1080 2171 1164 2202; x_wconf 89' lang='lat' dir='ltr'>quae</span> <span class='ocrx_word' id='word_1_339' title='bbox 1179 2163 1388 2202; x_wconf 84' lang='lat' dir='ltr'>requiruntur</span> 
     </span>
     <span class='ocr_line' id='line_1_46' title="bbox 318 2206 1386 2247; baseline 0 -9"><span class='ocrx_word' id='word_1_340' title='bbox 318 2207 357 2238; x_wconf 93' lang='lat' dir='ltr'>ad</span> <span class='ocrx_word' id='word_1_341' title='bbox 380 2209 443 2238; x_wconf 90' lang='lat' dir='ltr'>hoc</span> <span class='ocrx_word' id='word_1_342' title='bbox 467 2213 504 2237; x_wconf 92' lang='lat' dir='ltr'>ut</span> <span class='ocrx_word' id='word_1_343' title='bbox 527 2207 630 2247; x_wconf 90' lang='lat' dir='ltr'>possit</span> <span class='ocrx_word' id='word_1_344' title='bbox 652 2207 685 2237; x_wconf 90' lang='lat' dir='ltr'>in</span> <span class='ocrx_word' id='word_1_345' title='bbox 703 2207 926 2247; x_wconf 85' lang='lat' dir='ltr'>operationem</span> <span class='ocrx_word' id='word_1_346' title='bbox 944 2206 1039 2237; x_wconf 89' lang='lat' dir='ltr'>exire.</span> <span class='ocrx_word' id='word_1_347' title='bbox 1057 2206 1135 2237; x_wconf 85' lang='lat' dir='ltr'>ldeo</span> <span class='ocrx_word' id='word_1_348' title='bbox 1151 2206 1191 2237; x_wconf 93' lang='lat' dir='ltr'>de</span> <span class='ocrx_word' id='word_1_349' title='bbox 1215 2207 1323 2238; x_wconf 87' lang='lat' dir='ltr'>anima</span> <span class='ocrx_word' id='word_1_350' title='bbox 1338 2208 1386 2238; x_wconf 92' lang='lat' dir='ltr'>in-</span> 
     </span>
     <span class='ocr_line' id='line_1_47' title="bbox 316 2251 1387 2292; baseline 0 -9"><span class='ocrx_word' id='word_1_351' title='bbox 316 2252 475 2283; x_wconf 90' lang='lat' dir='ltr'>tellectiva</span> <span class='ocrx_word' id='word_1_352' title='bbox 490 2252 635 2292; x_wconf 89' lang='lat' dir='ltr'>loquitur</span> <span class='ocrx_word' id='word_1_353' title='bbox 650 2251 702 2282; x_wconf 86' lang='lat' dir='ltr'>bic</span> <span class='ocrx_word' id='word_1_354' title='bbox 717 2251 936 2291; x_wconf 85' lang='lat' dir='ltr'>Philosophus</span> <span class='ocrx_word' id='word_1_355' title='bbox 952 2256 990 2282; x_wconf 90' lang='lat' dir='ltr'>ut</span> <span class='ocrx_word' id='word_1_356' title='bbox 1004 2251 1199 2282; x_wconf 82' lang='lat' dir='ltr'>intellectiva</span> <span class='ocrx_word' id='word_1_357' title='bbox 1218 2257 1276 2288; x_wconf 88' lang='lat' dir='ltr'>est,</span> <span class='ocrx_word' id='word_1_358' title='bbox 1295 2261 1387 2283; x_wconf 89' lang='lat' dir='ltr'>com-</span> 
     </span>
     <span class='ocr_line' id='line_1_48' title="bbox 316 2295 1386 2338; baseline 0.001 -11"><span class='ocrx_word' id='word_1_359' title='bbox 316 2297 458 2338; x_wconf 87' lang='lat' dir='ltr'>parative</span> <span class='ocrx_word' id='word_1_360' title='bbox 482 2295 522 2327; x_wconf 86' lang='lat' dir='ltr'>ad</span> <span class='ocrx_word' id='word_1_361' title='bbox 544 2305 594 2326; x_wconf 90' lang='lat' dir='ltr'>res</span> <span class='ocrx_word' id='word_1_362' title='bbox 617 2295 788 2332; x_wconf 85' lang='lat' dir='ltr'>naturales,</span> <span class='ocrx_word' id='word_1_363' title='bbox 814 2305 898 2338; x_wconf 88' lang='lat' dir='ltr'>quae</span> <span class='ocrx_word' id='word_1_364' title='bbox 921 2295 1122 2337; x_wconf 85' lang='lat' dir='ltr'>quandoque</span> <span class='ocrx_word' id='word_1_365' title='bbox 1145 2302 1222 2327; x_wconf 91' lang='lat' dir='ltr'>sunt</span> <span class='ocrx_word' id='word_1_366' title='bbox 1245 2297 1278 2327; x_wconf 92' lang='lat' dir='ltr'>in</span> <span class='ocrx_word' id='word_1_367' title='bbox 1302 2302 1386 2334; x_wconf 89' lang='lat' dir='ltr'>actu,</span> 
     </span>
     <span class='ocr_line' id='line_1_49' title="bbox 318 2341 750 2382; baseline -0.005 -10"><span class='ocrx_word' id='word_1_368' title='bbox 318 2341 515 2382; x_wconf 88' lang='lat' dir='ltr'>quandoque</span> <span class='ocrx_word' id='word_1_369' title='bbox 538 2341 571 2371; x_wconf 90' lang='lat' dir='ltr'>in</span> <span class='ocrx_word' id='word_1_370' title='bbox 595 2341 750 2381; x_wconf 88' lang='lat' dir='ltr'>potentia.</span> 
     </span>
    </p>

    <p class='ocr_par' dir='ltr' id='par_1_11' title="bbox 312 2383 1387 2915">
     <span class='ocr_line' id='line_1_50' title="bbox 373 2383 1387 2426; baseline -0.001 -9"><span class='ocrx_word' id='word_1_371' title='bbox 373 2386 495 2417; x_wconf 90' lang='lat' dir='ltr'>Ultimo</span> <span class='ocrx_word' id='word_1_372' title='bbox 519 2384 792 2416; x_wconf 87' lang='lat' dir='ltr'>considerandum</span> <span class='ocrx_word' id='word_1_373' title='bbox 817 2383 908 2425; x_wconf 91' lang='lat' dir='ltr'>quod</span> <span class='ocrx_word' id='word_1_374' title='bbox 935 2385 969 2415; x_wconf 89' lang='lat' dir='ltr'>in</span> <span class='ocrx_word' id='word_1_375' title='bbox 998 2385 1059 2415; x_wconf 87' lang='lat' dir='ltr'>hac</span> <span class='ocrx_word' id='word_1_376' title='bbox 1082 2385 1207 2415; x_wconf 87' lang='lat' dir='ltr'>ratione</span> <span class='ocrx_word' id='word_1_377' title='bbox 1230 2386 1387 2426; x_wconf 86' lang='lat' dir='ltr'>supponit</span> 
     </span>
     <span class='ocr_line' id='line_1_51' title="bbox 315 2428 1385 2470; baseline 0 -10"><span class='ocrx_word' id='word_1_378' title='bbox 315 2430 532 2470; x_wconf 88' lang='lat' dir='ltr'>Philosophus</span> <span class='ocrx_word' id='word_1_379' title='bbox 548 2429 615 2460; x_wconf 91' lang='lat' dir='ltr'>duo</span> <span class='ocrx_word' id='word_1_380' title='bbox 635 2430 784 2470; x_wconf 90' lang='lat' dir='ltr'>superius</span> <span class='ocrx_word' id='word_1_381' title='bbox 807 2429 846 2459; x_wconf 92' lang='lat' dir='ltr'>ab</span> <span class='ocrx_word' id='word_1_382' title='bbox 869 2429 942 2470; x_wconf 89' lang='lat' dir='ltr'>ipso</span> <span class='ocrx_word' id='word_1_383' title='bbox 959 2428 1179 2460; x_wconf 85' lang='lat' dir='ltr'>determinata.</span> <span class='ocrx_word' id='word_1_384' title='bbox 1197 2429 1308 2460; x_wconf 88' lang='lat' dir='ltr'>Unum</span> <span class='ocrx_word' id='word_1_385' title='bbox 1327 2435 1385 2467; x_wconf 91' lang='lat' dir='ltr'>est,</span> 
     </span>
     <span class='ocr_line' id='line_1_52' title="bbox 317 2473 1387 2515; baseline 0 -10"><span class='ocrx_word' id='word_1_386' title='bbox 317 2474 407 2515; x_wconf 93' lang='lat' dir='ltr'>quod</span> <span class='ocrx_word' id='word_1_387' title='bbox 437 2474 543 2505; x_wconf 89' lang='lat' dir='ltr'>anima</span> <span class='ocrx_word' id='word_1_388' title='bbox 565 2474 599 2504; x_wconf 93' lang='lat' dir='ltr'>in</span> <span class='ocrx_word' id='word_1_389' title='bbox 629 2474 734 2514; x_wconf 88' lang='lat' dir='ltr'>seipsa</span> <span class='ocrx_word' id='word_1_390' title='bbox 756 2474 863 2510; x_wconf 90' lang='lat' dir='ltr'>habet,</span> <span class='ocrx_word' id='word_1_391' title='bbox 887 2479 1043 2514; x_wconf 89' lang='lat' dir='ltr'>tanquam</span> <span class='ocrx_word' id='word_1_392' title='bbox 1066 2473 1289 2514; x_wconf 84' lang='lat' dir='ltr'>proprietates,</span> <span class='ocrx_word' id='word_1_393' title='bbox 1317 2474 1387 2506; x_wconf 89' lang='lat' dir='ltr'>illas</span> 
     </span>
     <span class='ocr_line' id='line_1_53' title="bbox 314 2517 1386 2559; baseline -0.001 -9"><span class='ocrx_word' id='word_1_394' title='bbox 314 2520 474 2559; x_wconf 87' lang='lat' dir='ltr'>potentias</span> <span class='ocrx_word' id='word_1_395' title='bbox 499 2528 582 2559; x_wconf 85' lang='lat' dir='ltr'>quae</span> <span class='ocrx_word' id='word_1_396' title='bbox 607 2518 647 2549; x_wconf 89' lang='lat' dir='ltr'>ad</span> <span class='ocrx_word' id='word_1_397' title='bbox 669 2518 916 2558; x_wconf 81' lang='lat' dir='ltr'>intelligendum</span> <span class='ocrx_word' id='word_1_398' title='bbox 943 2518 1161 2558; x_wconf 90' lang='lat' dir='ltr'>requiruntur.</span> <span class='ocrx_word' id='word_1_399' title='bbox 1192 2517 1268 2549; x_wconf 88' lang='lat' dir='ltr'>Hoc</span> <span class='ocrx_word' id='word_1_400' title='bbox 1298 2519 1386 2550; x_wconf 91' lang='lat' dir='ltr'>enim</span> 
     </span>
     <span class='ocr_line' id='line_1_54' title="bbox 315 2562 1386 2603; baseline 0 -9"><span class='ocrx_word' id='word_1_401' title='bbox 315 2563 392 2594; x_wconf 90' lang='lat' dir='ltr'>dixit</span> <span class='ocrx_word' id='word_1_402' title='bbox 408 2562 640 2599; x_wconf 90' lang='lat' dir='ltr'>enumerando,</span> <span class='ocrx_word' id='word_1_403' title='bbox 657 2563 690 2593; x_wconf 89' lang='lat' dir='ltr'>in</span> <span class='ocrx_word' id='word_1_404' title='bbox 706 2562 734 2594; x_wconf 91' lang='lat'>11</span> <span class='ocrx_word' id='word_1_405' title='bbox 750 2563 790 2593; x_wconf 89' lang='lat' dir='ltr'>de</span> <span class='ocrx_word' id='word_1_406' title='bbox 808 2562 927 2593; x_wconf 85' lang='lat' dir='ltr'>Anima</span> <span class='ocrx_word' id='word_1_407' title='bbox 939 2563 966 2600; x_wconf 45' lang='grc' dir='ltr'><strong>ἦ</strong></span> <span class='ocrx_word' id='word_1_408' title='bbox 982 2563 1066 2593; x_wconf 90' lang='lat' dir='ltr'>inter</span> <span class='ocrx_word' id='word_1_409' title='bbox 1081 2563 1244 2603; x_wconf 82' lang='lat' dir='ltr'>potentias</span> <span class='ocrx_word' id='word_1_410' title='bbox 1259 2563 1386 2594; x_wconf 84' lang='lat' dir='ltr'>animae</span> 
     </span>
     <span class='ocr_line' id='line_1_55' title="bbox 314 2606 1386 2648; baseline -0.001 -9"><span class='ocrx_word' id='word_1_411' title='bbox 314 2609 410 2639; x_wconf 89' lang='lat' dir='ltr'>etiam</span> <span class='ocrx_word' id='word_1_412' title='bbox 433 2608 683 2644; x_wconf 82' lang='lat' dir='ltr'>intellectivum;</span> <span class='ocrx_word' id='word_1_413' title='bbox 706 2612 738 2638; x_wconf 92' lang='lat' dir='ltr'>et</span> <span class='ocrx_word' id='word_1_414' title='bbox 760 2607 794 2637; x_wconf 89' lang='lat' dir='ltr'>in</span> <span class='ocrx_word' id='word_1_415' title='bbox 812 2606 855 2638; x_wconf 87' lang='lat'>111</span> <span class='ocrx_word' id='word_1_416' title='bbox 879 2616 966 2644; x_wconf 90' lang='lat' dir='ltr'>cum,</span> <span class='ocrx_word' id='word_1_417' title='bbox 981 2607 1140 2648; x_wconf 87' lang='lat' dir='ltr'>incipiens</span> <span class='ocrx_word' id='word_1_418' title='bbox 1159 2607 1200 2639; x_wconf 88' lang='lat' dir='ltr'>de</span> <span class='ocrx_word' id='word_1_419' title='bbox 1219 2607 1386 2639; x_wconf 85' lang='lat' dir='ltr'>intellectu</span> 
     </span>
     <span class='ocr_line' id='line_1_56' title="bbox 314 2651 1386 2694; baseline 0 -11"><span class='ocrx_word' id='word_1_420' title='bbox 314 2652 536 2689; x_wconf 89' lang='lat' dir='ltr'>determinare,</span> <span class='ocrx_word' id='word_1_421' title='bbox 559 2652 710 2692; x_wconf 71' lang='lat' dir='ltr'>inquit*:</span> <span class='ocrx_word' id='word_1_422' title='bbox 734 2651 786 2682; x_wconf 85' lang='lat' dir='ltr'>De</span> <span class='ocrx_word' id='word_1_423' title='bbox 802 2657 902 2692; x_wconf 80' lang='lat' dir='ltr'>parte</span> <span class='ocrx_word' id='word_1_424' title='bbox 920 2657 1028 2683; x_wconf 81' lang='lat' dir='ltr'>autem</span> <span class='ocrx_word' id='word_1_425' title='bbox 1048 2653 1179 2683; x_wconf 83' lang='lat' dir='ltr'>animae</span> <span class='ocrx_word' id='word_1_426' title='bbox 1201 2661 1266 2694; x_wconf 80' lang='lat' dir='ltr'>qua</span> <span class='ocrx_word' id='word_1_427' title='bbox 1291 2652 1386 2684; x_wconf 79' lang='lat' dir='ltr'>intel-</span> 
     </span>
     <span class='ocr_line' id='line_1_57' title="bbox 313 2696 1386 2739; baseline 0.001 -12"><span class='ocrx_word' id='word_1_428' title='bbox 313 2697 388 2739; x_wconf 75' lang='lat' dir='ltr'>ligit</span> <span class='ocrx_word' id='word_1_429' title='bbox 416 2702 448 2728; x_wconf 88' lang='lat' dir='ltr'>et</span> <span class='ocrx_word' id='word_1_430' title='bbox 475 2697 569 2738; x_wconf 77' lang='lat' dir='ltr'>sapit,</span> <span class='ocrx_word' id='word_1_431' title='bbox 601 2697 657 2727; x_wconf 92' lang='lat' dir='ltr'>ubi</span> <span class='ocrx_word' id='word_1_432' title='bbox 688 2696 890 2728; x_wconf 90' lang='lat' dir='ltr'>intellectum</span> <span class='ocrx_word' id='word_1_433' title='bbox 912 2701 1042 2737; x_wconf 77' lang='lat' dir='ltr'>partem</span> <span class='ocrx_word' id='word_1_434' title='bbox 1073 2697 1204 2728; x_wconf 81' lang='lat' dir='ltr'>animae</span> <span class='ocrx_word' id='word_1_435' title='bbox 1233 2702 1339 2728; x_wconf 85' lang='lat' dir='ltr'>vocat.</span> <span class='ocrx_word' id='word_1_436' title='bbox 1364 2714 1386 2720; x_wconf 92' lang='lat'>-</span> 
     </span>
     <span class='ocr_line' id='line_1_58' title="bbox 313 2740 1384 2782; baseline 0 -10"><span class='ocrx_word' id='word_1_437' title='bbox 313 2742 459 2773; x_wconf 82' lang='lat' dir='ltr'>Alterum</span> <span class='ocrx_word' id='word_1_438' title='bbox 477 2747 524 2772; x_wconf 91' lang='lat' dir='ltr'>est</span> <span class='ocrx_word' id='word_1_439' title='bbox 540 2741 630 2782; x_wconf 91' lang='lat' dir='ltr'>quod</span> <span class='ocrx_word' id='word_1_440' title='bbox 645 2740 830 2772; x_wconf 84' lang='lat' dir='ltr'>immediate</span> <span class='ocrx_word' id='word_1_441' title='bbox 846 2746 920 2772; x_wconf 86' lang='lat' dir='ltr'>ante</span> <span class='ocrx_word' id='word_1_442' title='bbox 943 2742 1027 2772; x_wconf 87' lang='lat' dir='ltr'>hanc</span> <span class='ocrx_word' id='word_1_443' title='bbox 1045 2742 1205 2773; x_wconf 88' lang='lat' dir='ltr'>rationem</span> <span class='ocrx_word' id='word_1_444' title='bbox 1224 2741 1346 2773; x_wconf 85' lang='lat' dir='ltr'>dixerat</span> <span class='ocrx_word' id='word_1_445' title='bbox 1357 2742 1384 2779; x_wconf 71' lang='lat'>⁵,</span> 
     </span>
     <span class='ocr_line' id='line_1_59' title="bbox 312 2786 1384 2828; baseline 0.001 -11"><span class='ocrx_word' id='word_1_446' title='bbox 312 2786 432 2817; x_wconf 90' lang='lat' dir='ltr'>scilicet</span> <span class='ocrx_word' id='word_1_447' title='bbox 456 2796 508 2817; x_wconf 87' lang='lat' dir='ltr'>res</span> <span class='ocrx_word' id='word_1_448' title='bbox 530 2786 717 2816; x_wconf 82' lang='lat' dir='ltr'>materiales</span> <span class='ocrx_word' id='word_1_449' title='bbox 741 2795 806 2816; x_wconf 84' lang='lat' dir='ltr'>non</span> <span class='ocrx_word' id='word_1_450' title='bbox 831 2795 900 2816; x_wconf 79' lang='lat' dir='ltr'>esse</span> <span class='ocrx_word' id='word_1_451' title='bbox 923 2786 1145 2828; x_wconf 67' lang='lat' dir='ltr'>intelligibiles</span> <span class='ocrx_word' id='word_1_452' title='bbox 1172 2787 1236 2818; x_wconf 72' lang='lat' dir='ltr'>nisi</span> <span class='ocrx_word' id='word_1_453' title='bbox 1264 2787 1297 2817; x_wconf 84' lang='lat' dir='ltr'>in</span> <span class='ocrx_word' id='word_1_454' title='bbox 1322 2797 1384 2828; x_wconf 81' lang='lat' dir='ltr'>po-</span> 
     </span>
     <span class='ocr_line' id='line_1_60' title="bbox 314 2830 1385 2871; baseline 0.002 -10"><span class='ocrx_word' id='word_1_455' title='bbox 314 2831 431 2862; x_wconf 79' lang='lat' dir='ltr'>tentia:</span> <span class='ocrx_word' id='word_1_456' title='bbox 454 2840 491 2861; x_wconf 89' lang='lat' dir='ltr'>ex</span> <span class='ocrx_word' id='word_1_457' title='bbox 516 2840 583 2871; x_wconf 93' lang='lat' dir='ltr'>quo</span> <span class='ocrx_word' id='word_1_458' title='bbox 607 2831 752 2871; x_wconf 87' lang='lat' dir='ltr'>sequitur</span> <span class='ocrx_word' id='word_1_459' title='bbox 774 2830 859 2871; x_wconf 90' lang='lat' dir='ltr'>ipsas</span> <span class='ocrx_word' id='word_1_460' title='bbox 882 2840 940 2871; x_wconf 91' lang='lat' dir='ltr'>per</span> <span class='ocrx_word' id='word_1_461' title='bbox 963 2840 997 2862; x_wconf 90' lang='lat' dir='ltr'>se</span> <span class='ocrx_word' id='word_1_462' title='bbox 1020 2830 1215 2863; x_wconf 86' lang='lat' dir='ltr'>sufficientes</span> <span class='ocrx_word' id='word_1_463' title='bbox 1229 2841 1299 2862; x_wconf 91' lang='lat' dir='ltr'>non</span> <span class='ocrx_word' id='word_1_464' title='bbox 1315 2841 1385 2863; x_wconf 86' lang='lat' dir='ltr'>esse</span> 
     </span>
     <span class='ocr_line' id='line_1_61' title="bbox 314 2875 994 2915; baseline 0 -9"><span class='ocrx_word' id='word_1_465' title='bbox 314 2875 353 2906; x_wconf 92' lang='lat' dir='ltr'>ad</span> <span class='ocrx_word' id='word_1_466' title='bbox 376 2876 594 2906; x_wconf 90' lang='lat' dir='ltr'>actuationem</span> <span class='ocrx_word' id='word_1_467' title='bbox 617 2875 798 2905; x_wconf 81' lang='lat' dir='ltr'>intellectus</span> <span class='ocrx_word' id='word_1_468' title='bbox 822 2875 994 2915; x_wconf 87' lang='lat' dir='ltr'>possibilis.</span> 
     </span>
    </p>

    <p class='ocr_par' dir='ltr' id='par_1_12' title="bbox 313 2919 1385 3716">
     <span class='ocr_line' id='line_1_62' title="bbox 368 2919 1384 2961; baseline 0.002 -11"><span class='ocrx_word' id='word_1_469' title='bbox 368 2919 415 2950; x_wconf 86' lang='lat' dir='ltr'>Ex</span> <span class='ocrx_word' id='word_1_470' title='bbox 440 2920 591 2950; x_wconf 89' lang='lat' dir='ltr'>omnibus</span> <span class='ocrx_word' id='word_1_471' title='bbox 615 2920 652 2950; x_wconf 85' lang='lat' dir='ltr'>iis</span> <span class='ocrx_word' id='word_1_472' title='bbox 677 2920 822 2960; x_wconf 89' lang='lat' dir='ltr'>sequitur</span> <span class='ocrx_word' id='word_1_473' title='bbox 838 2919 928 2961; x_wconf 93' lang='lat' dir='ltr'>quod</span> <span class='ocrx_word' id='word_1_474' title='bbox 953 2921 1153 2960; x_wconf 87' lang='lat' dir='ltr'>comparatio</span> <span class='ocrx_word' id='word_1_475' title='bbox 1178 2920 1312 2952; x_wconf 84' lang='lat' dir='ltr'>aliarum</span> <span class='ocrx_word' id='word_1_476' title='bbox 1328 2931 1384 2952; x_wconf 90' lang='lat' dir='ltr'>na-</span> 
     </span>
     <span class='ocr_line' id='line_1_63' title="bbox 313 2964 1385 3006; baseline 0.002 -12"><span class='ocrx_word' id='word_1_477' title='bbox 313 2970 456 2995; x_wconf 85' lang='lat' dir='ltr'>turarum</span> <span class='ocrx_word' id='word_1_478' title='bbox 480 2964 712 3005; x_wconf 87' lang='lat' dir='ltr'>generabilium</span> <span class='ocrx_word' id='word_1_479' title='bbox 729 2969 760 2994; x_wconf 91' lang='lat' dir='ltr'>et</span> <span class='ocrx_word' id='word_1_480' title='bbox 785 2964 1044 3005; x_wconf 86' lang='lat' dir='ltr'>corruptibilium</span> <span class='ocrx_word' id='word_1_481' title='bbox 1061 2964 1101 2995; x_wconf 88' lang='lat' dir='ltr'>ad</span> <span class='ocrx_word' id='word_1_482' title='bbox 1117 2965 1259 2996; x_wconf 83' lang='lat' dir='ltr'>animam</span> <span class='ocrx_word' id='word_1_483' title='bbox 1275 2965 1385 3006; x_wconf 88' lang='lat' dir='ltr'>quoad</span> 
     </span>
     <span class='ocr_line' id='line_1_64' title="bbox 313 3009 1384 3050; baseline 0.002 -11"><span class='ocrx_word' id='word_1_484' title='bbox 313 3009 508 3049; x_wconf 88' lang='lat' dir='ltr'>principium</span> <span class='ocrx_word' id='word_1_485' title='bbox 524 3009 664 3039; x_wconf 88' lang='lat' dir='ltr'>activum</span> <span class='ocrx_word' id='word_1_486' title='bbox 681 3013 712 3039; x_wconf 88' lang='lat' dir='ltr'>et</span> <span class='ocrx_word' id='word_1_487' title='bbox 735 3009 909 3049; x_wconf 84' lang='lat' dir='ltr'>passivum,</span> <span class='ocrx_word' id='word_1_488' title='bbox 925 3018 994 3040; x_wconf 92' lang='lat' dir='ltr'>non</span> <span class='ocrx_word' id='word_1_489' title='bbox 1010 3014 1057 3040; x_wconf 88' lang='lat' dir='ltr'>est</span> <span class='ocrx_word' id='word_1_490' title='bbox 1081 3014 1239 3050; x_wconf 86' lang='lat' dir='ltr'>quantum</span> <span class='ocrx_word' id='word_1_491' title='bbox 1256 3009 1296 3040; x_wconf 88' lang='lat' dir='ltr'>ad</span> <span class='ocrx_word' id='word_1_492' title='bbox 1311 3019 1384 3041; x_wconf 89' lang='lat' dir='ltr'>mo-</span> 
     </span>
     <span class='ocr_line' id='line_1_65' title="bbox 314 3052 1383 3094; baseline 0.002 -11"><span class='ocrx_word' id='word_1_493' title='bbox 314 3052 391 3083; x_wconf 89' lang='lat' dir='ltr'>dum</span> <span class='ocrx_word' id='word_1_494' title='bbox 415 3052 554 3084; x_wconf 89' lang='lat' dir='ltr'>habendi</span> <span class='ocrx_word' id='word_1_495' title='bbox 576 3053 640 3090; x_wconf 88' lang='lat' dir='ltr'>illa,</span> <span class='ocrx_word' id='word_1_496' title='bbox 664 3052 721 3084; x_wconf 89' lang='lat' dir='ltr'>sed</span> <span class='ocrx_word' id='word_1_497' title='bbox 743 3059 903 3094; x_wconf 88' lang='lat' dir='ltr'>quantum</span> <span class='ocrx_word' id='word_1_498' title='bbox 927 3053 967 3084; x_wconf 91' lang='lat' dir='ltr'>ad</span> <span class='ocrx_word' id='word_1_499' title='bbox 986 3054 1210 3085; x_wconf 87' lang='lat' dir='ltr'>necessitatem</span> <span class='ocrx_word' id='word_1_500' title='bbox 1233 3054 1383 3091; x_wconf 86' lang='lat' dir='ltr'>habendi,</span> 
     </span>
     <span class='ocr_line' id='line_1_66' title="bbox 314 3097 1382 3139; baseline 0.002 -11"><span class='ocrx_word' id='word_1_501' title='bbox 314 3097 575 3138; x_wconf 89' lang='lat' dir='ltr'>unumquodque</span> <span class='ocrx_word' id='word_1_502' title='bbox 598 3103 707 3129; x_wconf 90' lang='lat' dir='ltr'>tamen</span> <span class='ocrx_word' id='word_1_503' title='bbox 731 3107 792 3129; x_wconf 91' lang='lat' dir='ltr'>suo</span> <span class='ocrx_word' id='word_1_504' title='bbox 807 3097 921 3129; x_wconf 89' lang='lat' dir='ltr'>modo.</span> <span class='ocrx_word' id='word_1_505' title='bbox 938 3098 979 3129; x_wconf 91' lang='lat' dir='ltr'>Et</span> <span class='ocrx_word' id='word_1_506' title='bbox 1002 3104 1050 3129; x_wconf 82' lang='lat' dir='ltr'>est</span> <span class='ocrx_word' id='word_1_507' title='bbox 1073 3099 1273 3139; x_wconf 80' lang='lat' dir='ltr'>comparatio</span> <span class='ocrx_word' id='word_1_508' title='bbox 1296 3099 1382 3130; x_wconf 85' lang='lat' dir='ltr'>talis:</span> 
     </span>
     <span class='ocr_line' id='line_1_67' title="bbox 314 3142 1383 3184; baseline 0.003 -12"><span class='ocrx_word' id='word_1_509' title='bbox 314 3142 404 3182; x_wconf 92' lang='lat' dir='ltr'>quod</span> <span class='ocrx_word' id='word_1_510' title='bbox 427 3143 510 3173; x_wconf 90' lang='lat' dir='ltr'>sicut</span> <span class='ocrx_word' id='word_1_511' title='bbox 533 3143 566 3172; x_wconf 89' lang='lat' dir='ltr'>in</span> <span class='ocrx_word' id='word_1_512' title='bbox 589 3148 702 3173; x_wconf 88' lang='lat' dir='ltr'>natura</span> <span class='ocrx_word' id='word_1_513' title='bbox 725 3143 881 3174; x_wconf 89' lang='lat' dir='ltr'>materiali</span> <span class='ocrx_word' id='word_1_514' title='bbox 905 3142 1102 3183; x_wconf 87' lang='lat' dir='ltr'>procedente</span> <span class='ocrx_word' id='word_1_515' title='bbox 1118 3143 1159 3174; x_wconf 90' lang='lat' dir='ltr'>de</span> <span class='ocrx_word' id='word_1_516' title='bbox 1181 3144 1327 3184; x_wconf 91' lang='lat' dir='ltr'>potentia</span> <span class='ocrx_word' id='word_1_517' title='bbox 1344 3143 1383 3175; x_wconf 89' lang='lat' dir='ltr'>ad</span> 
     </span>
     <span class='ocr_line' id='line_1_68' title="bbox 314 3187 1383 3228; baseline 0.003 -12"><span class='ocrx_word' id='word_1_518' title='bbox 314 3192 431 3223; x_wconf 86' lang='lat' dir='ltr'>actum,</span> <span class='ocrx_word' id='word_1_519' title='bbox 445 3192 574 3227; x_wconf 88' lang='lat' dir='ltr'>oportet</span> <span class='ocrx_word' id='word_1_520' title='bbox 586 3195 654 3217; x_wconf 89' lang='lat' dir='ltr'>esse</span> <span class='ocrx_word' id='word_1_521' title='bbox 671 3188 868 3228; x_wconf 87' lang='lat' dir='ltr'>principium</span> <span class='ocrx_word' id='word_1_522' title='bbox 886 3187 1078 3228; x_wconf 81' lang='lat' dir='ltr'>[passivum]</span> <span class='ocrx_word' id='word_1_523' title='bbox 1097 3188 1247 3219; x_wconf 90' lang='lat' dir='ltr'>omnium</span> <span class='ocrx_word' id='word_1_524' title='bbox 1265 3188 1383 3219; x_wconf 87' lang='lat' dir='ltr'>forma-</span> 
     </span>
     <span class='ocr_line' id='line_1_69' title="bbox 314 3231 1382 3273; baseline 0.003 -13"><span class='ocrx_word' id='word_1_525' title='bbox 314 3240 384 3261; x_wconf 91' lang='lat' dir='ltr'>rum</span> <span class='ocrx_word' id='word_1_526' title='bbox 400 3231 483 3261; x_wconf 86' lang='lat' dir='ltr'>illius</span> <span class='ocrx_word' id='word_1_527' title='bbox 499 3237 641 3268; x_wconf 86' lang='lat' dir='ltr'>naturae,</span> <span class='ocrx_word' id='word_1_528' title='bbox 659 3237 689 3262; x_wconf 92' lang='lat' dir='ltr'>et</span> <span class='ocrx_word' id='word_1_529' title='bbox 706 3231 901 3272; x_wconf 89' lang='lat' dir='ltr'>principium</span> <span class='ocrx_word' id='word_1_530' title='bbox 918 3232 1059 3263; x_wconf 82' lang='lat' dir='ltr'>activum</span> <span class='ocrx_word' id='word_1_531' title='bbox 1074 3232 1211 3269; x_wconf 87' lang='lat' dir='ltr'>illarum,</span> <span class='ocrx_word' id='word_1_532' title='bbox 1227 3238 1382 3273; x_wconf 86' lang='lat' dir='ltr'>tanquam</span> 
     </span>
     <span class='ocr_line' id='line_1_70' title="bbox 315 3275 1382 3318; baseline 0.004 -14"><span class='ocrx_word' id='word_1_533' title='bbox 315 3280 464 3305; x_wconf 85' lang='lat' dir='ltr'>contenta</span> <span class='ocrx_word' id='word_1_534' title='bbox 495 3276 554 3305; x_wconf 86' lang='lat' dir='ltr'>sub</span> <span class='ocrx_word' id='word_1_535' title='bbox 587 3275 639 3306; x_wconf 89' lang='lat' dir='ltr'>illa</span> <span class='ocrx_word' id='word_1_536' title='bbox 664 3283 778 3308; x_wconf 88' lang='lat' dir='ltr'>natura</span> <span class='ocrx_word' id='word_1_537' title='bbox 802 3277 973 3318; x_wconf 87' lang='lat' dir='ltr'>(principia</span> <span class='ocrx_word' id='word_1_538' title='bbox 997 3277 1084 3307; x_wconf 90' lang='lat' dir='ltr'>enim</span> <span class='ocrx_word' id='word_1_539' title='bbox 1108 3278 1228 3317; x_wconf 90' lang='lat' dir='ltr'>speciei</span> <span class='ocrx_word' id='word_1_540' title='bbox 1252 3283 1327 3308; x_wconf 90' lang='lat' dir='ltr'>sunt</span> <span class='ocrx_word' id='word_1_541' title='bbox 1349 3278 1382 3308; x_wconf 91' lang='lat' dir='ltr'>in</span> 
     </span>
     <span class='ocr_line' id='line_1_71' title="bbox 314 3318 1382 3360; baseline 0.004 -12"><span class='ocrx_word' id='word_1_542' title='bbox 314 3318 367 3348; x_wconf 88' lang='lat' dir='ltr'>illa</span> <span class='ocrx_word' id='word_1_543' title='bbox 390 3319 496 3359; x_wconf 88' lang='lat' dir='ltr'>specie</span> <span class='ocrx_word' id='word_1_544' title='bbox 525 3319 717 3360; x_wconf 89' lang='lat' dir='ltr'>reductive);</span> <span class='ocrx_word' id='word_1_545' title='bbox 734 3322 777 3351; x_wconf 88' lang='lat' dir='ltr'>ita</span> <span class='ocrx_word' id='word_1_546' title='bbox 792 3321 826 3351; x_wconf 90' lang='lat' dir='ltr'>in</span> <span class='ocrx_word' id='word_1_547' title='bbox 850 3321 956 3351; x_wconf 89' lang='lat' dir='ltr'>anima</span> <span class='ocrx_word' id='word_1_548' title='bbox 979 3321 1184 3358; x_wconf 85' lang='lat' dir='ltr'>intellectiva,</span> <span class='ocrx_word' id='word_1_549' title='bbox 1201 3321 1382 3353; x_wconf 89' lang='lat' dir='ltr'>secundum</span> 
     </span>
     <span class='ocr_line' id='line_1_72' title="bbox 315 3363 1382 3406; baseline 0.005 -14"><span class='ocrx_word' id='word_1_550' title='bbox 315 3363 404 3402; x_wconf 90' lang='lat' dir='ltr'>quod</span> <span class='ocrx_word' id='word_1_551' title='bbox 427 3369 474 3394; x_wconf 91' lang='lat' dir='ltr'>est</span> <span class='ocrx_word' id='word_1_552' title='bbox 497 3364 671 3404; x_wconf 89' lang='lat' dir='ltr'>aliquando</span> <span class='ocrx_word' id='word_1_553' title='bbox 695 3366 727 3395; x_wconf 91' lang='lat' dir='ltr'>in</span> <span class='ocrx_word' id='word_1_554' title='bbox 744 3371 827 3401; x_wconf 90' lang='lat' dir='ltr'>actu,</span> <span class='ocrx_word' id='word_1_555' title='bbox 852 3371 888 3396; x_wconf 93' lang='lat' dir='ltr'>ut</span> <span class='ocrx_word' id='word_1_556' title='bbox 911 3365 1105 3396; x_wconf 81' lang='lat' dir='ltr'>intellectiva</span> <span class='ocrx_word' id='word_1_557' title='bbox 1126 3371 1183 3402; x_wconf 91' lang='lat' dir='ltr'>est</span> <span class='ocrx_word' id='word_1_558' title='bbox 1207 3366 1382 3406; x_wconf 84' lang='lat' dir='ltr'>aliquando</span> 
     </span>
     <span class='ocr_line' id='line_1_73' title="bbox 315 3409 1381 3451; baseline 0.005 -15"><span class='ocrx_word' id='word_1_559' title='bbox 315 3416 391 3437; x_wconf 86' lang='lat' dir='ltr'>vero</span> <span class='ocrx_word' id='word_1_560' title='bbox 415 3409 447 3438; x_wconf 91' lang='lat' dir='ltr'>in</span> <span class='ocrx_word' id='word_1_561' title='bbox 468 3410 621 3448; x_wconf 89' lang='lat' dir='ltr'>potentia,</span> <span class='ocrx_word' id='word_1_562' title='bbox 639 3415 778 3449; x_wconf 88' lang='lat' dir='ltr'>oportet,</span> <span class='ocrx_word' id='word_1_563' title='bbox 803 3419 878 3440; x_wconf 91' lang='lat' dir='ltr'>cum</span> <span class='ocrx_word' id='word_1_564' title='bbox 903 3410 1068 3441; x_wconf 89' lang='lat' dir='ltr'>obiectum</span> <span class='ocrx_word' id='word_1_565' title='bbox 1092 3411 1290 3451; x_wconf 81' lang='lat' dir='ltr'>intelligibile</span> <span class='ocrx_word' id='word_1_566' title='bbox 1313 3420 1381 3442; x_wconf 91' lang='lat' dir='ltr'>non</span> 
     </span>
     <span class='ocr_line' id='line_1_74' title="bbox 315 3450 1383 3495; baseline 0.006 -15"><span class='ocrx_word' id='word_1_567' title='bbox 315 3450 471 3482; x_wconf 86' lang='lat' dir='ltr'>sufficiat</span> <span class='ocrx_word' id='word_1_568' title='bbox 464 3461 496 3482; x_wconf 88' lang='lat' dir='ltr'>m</span> <span class='ocrx_word' id='word_1_569' title='bbox 513 3453 711 3484; x_wconf 89' lang='lat' dir='ltr'>intellectum</span> <span class='ocrx_word' id='word_1_570' title='bbox 728 3463 831 3495; x_wconf 87' lang='lat' dir='ltr'>agere,</span> <span class='ocrx_word' id='word_1_571' title='bbox 849 3463 917 3485; x_wconf 88' lang='lat' dir='ltr'>esse</span> <span class='ocrx_word' id='word_1_572' title='bbox 936 3455 1005 3485; x_wconf 85' lang='lat' dir='ltr'>illas</span> <span class='ocrx_word' id='word_1_573' title='bbox 1021 3453 1214 3486; x_wconf 81' lang='lat' dir='ltr'>differentias</span> <span class='ocrx_word' id='word_1_574' title='bbox 1237 3456 1331 3486; x_wconf 90' lang='lat' dir='ltr'>activi</span> <span class='ocrx_word' id='word_1_575' title='bbox 1352 3461 1383 3486; x_wconf 93' lang='lat' dir='ltr'>et</span> 
     </span>
     <span class='ocr_line' id='line_1_75' title="bbox 315 3496 1382 3551; baseline 0.007 -27"><span class='ocrx_word' id='word_1_576' title='bbox 315 3496 430 3544; x_wconf 86' lang='lat' dir='ltr'>passivi</span> <span class='ocrx_word' id='word_1_577' title='bbox 454 3506 513 3527; x_wconf 90' lang='lat' dir='ltr'>suo</span> <span class='ocrx_word' id='word_1_578' title='bbox 536 3497 655 3534; x_wconf 90' lang='lat' dir='ltr'>modo,</span> <span class='ocrx_word' id='word_1_579' title='bbox 689 3508 746 3538; x_wconf 92' lang='lat' dir='ltr'>per</span> <span class='ocrx_word' id='word_1_580' title='bbox 775 3499 912 3529; x_wconf 89' lang='lat' dir='ltr'>modum</span> <span class='ocrx_word' id='word_1_581' title='bbox 942 3499 1064 3530; x_wconf 91' lang='lat' dir='ltr'>scilicet</span> <span class='ocrx_word' id='word_1_582' title='bbox 1090 3500 1325 3551; x_wconf 84' lang='lat' dir='ltr'>proprietatum</span> <span class='ocrx_word' id='word_1_583' title='bbox 1349 3501 1382 3530; x_wconf 86' lang='lat' dir='ltr'>in</span> 
     </span>
     <span class='ocr_line' id='line_1_76' title="bbox 315 3539 1383 3588; baseline 0.007 -20"><span class='ocrx_word' id='word_1_584' title='bbox 315 3539 383 3588; x_wconf 83' lang='lat' dir='ltr'>ipsa</span> <span class='ocrx_word' id='word_1_585' title='bbox 399 3549 463 3570; x_wconf 87' lang='lat' dir='ltr'>una</span> <span class='ocrx_word' id='word_1_586' title='bbox 482 3542 606 3571; x_wconf 88' lang='lat' dir='ltr'>animae</span> <span class='ocrx_word' id='word_1_587' title='bbox 623 3543 798 3573; x_wconf 87' lang='lat' dir='ltr'>substantia</span> <span class='ocrx_word' id='word_1_588' title='bbox 814 3544 1032 3580; x_wconf 86' lang='lat' dir='ltr'>existentium;</span> <span class='ocrx_word' id='word_1_589' title='bbox 1048 3553 1125 3575; x_wconf 91' lang='lat' dir='ltr'>narn</span> <span class='ocrx_word' id='word_1_590' title='bbox 1149 3553 1248 3574; x_wconf 90' lang='lat' dir='ltr'>omne</span> <span class='ocrx_word' id='word_1_591' title='bbox 1264 3545 1383 3584; x_wconf 88' lang='lat' dir='ltr'>princi-</span> 
     </span>
     <span class='ocr_line' id='line_1_77' title="bbox 317 3583 1382 3628; baseline 0.008 -16"><span class='ocrx_word' id='word_1_592' title='bbox 317 3583 406 3621; x_wconf 86' lang='lat' dir='ltr'>pium</span> <span class='ocrx_word' id='word_1_593' title='bbox 429 3585 644 3625; x_wconf 84' lang='lat' dir='ltr'>principaliter</span> <span class='ocrx_word' id='word_1_594' title='bbox 659 3588 850 3627; x_wconf 87' lang='lat' dir='ltr'>requisitum</span> <span class='ocrx_word' id='word_1_595' title='bbox 867 3587 906 3618; x_wconf 90' lang='lat' dir='ltr'>ad</span> <span class='ocrx_word' id='word_1_596' title='bbox 922 3588 1187 3625; x_wconf 86' lang='lat' dir='ltr'>intellectionem,</span> <span class='ocrx_word' id='word_1_597' title='bbox 1204 3594 1334 3628; x_wconf 88' lang='lat' dir='ltr'>oportet</span> <span class='ocrx_word' id='word_1_598' title='bbox 1348 3589 1382 3620; x_wconf 89' lang='lat' dir='ltr'>in</span> 
     </span>
     <span class='ocr_line' id='line_1_78' title="bbox 318 3627 1380 3673; baseline 0.009 -18"><span class='ocrx_word' id='word_1_599' title='bbox 318 3627 422 3656; x_wconf 88' lang='lat' dir='ltr'>anima</span> <span class='ocrx_word' id='word_1_600' title='bbox 445 3628 637 3660; x_wconf 83' lang='lat' dir='ltr'>intellectiva</span> <span class='ocrx_word' id='word_1_601' title='bbox 658 3640 725 3661; x_wconf 89' lang='lat' dir='ltr'>esse</span> <span class='ocrx_word' id='word_1_602' title='bbox 742 3637 777 3662; x_wconf 92' lang='lat' dir='ltr'>ut</span> <span class='ocrx_word' id='word_1_603' title='bbox 798 3632 866 3662; x_wconf 87' lang='lat' dir='ltr'>eius</span> <span class='ocrx_word' id='word_1_604' title='bbox 885 3633 1069 3672; x_wconf 88' lang='lat' dir='ltr'>passionem</span> <span class='ocrx_word' id='word_1_605' title='bbox 1086 3638 1118 3664; x_wconf 88' lang='lat' dir='ltr'>et</span> <span class='ocrx_word' id='word_1_606' title='bbox 1141 3633 1380 3673; x_wconf 88' lang='lat' dir='ltr'>proprietatem</span> 
     </span>
     <span class='ocr_line' id='line_1_79' title="bbox 317 3669 1382 3716; baseline 0.008 -17"><span class='ocrx_word' id='word_1_607' title='bbox 317 3669 414 3701; x_wconf 85' lang='lat' dir='ltr'>Hunc</span> <span class='ocrx_word' id='word_1_608' title='bbox 431 3672 516 3702; x_wconf 89' lang='lat' dir='ltr'>enirn</span> <span class='ocrx_word' id='word_1_609' title='bbox 532 3673 730 3705; x_wconf 90' lang='lat' dir='ltr'>intellectum</span> <span class='ocrx_word' id='word_1_610' title='bbox 743 3678 993 3716; x_wconf 88' lang='lat' dir='ltr'>comparationis</span> <span class='ocrx_word' id='word_1_611' title='bbox 1009 3677 1182 3708; x_wconf 87' lang='lat' dir='ltr'>insinuavit</span> <span class='ocrx_word' id='word_1_612' title='bbox 1194 3677 1382 3709; x_wconf 85' lang='lat' dir='ltr'>Aristoteles</span> 
     </span>
    </p>
   </div>
   <div class='ocr_carea' id='block_1_8' title="bbox 767 302 2067 348">
    <p class='ocr_par' dir='ltr' id='par_1_13' title="bbox 767 302 2067 348">
     <span class='ocr_line' id='line_1_80' title="bbox 767 302 2067 348; baseline -0.006 -3"><span class='ocrx_word' id='word_1_613' title='bbox 767 308 954 345; x_wconf 91' lang='lat' dir='ltr'>SUMMA</span> <span class='ocrx_word' id='word_1_614' title='bbox 984 305 1206 343; x_wconf 90' lang='lat' dir='ltr'>CONTRA</span> <span class='ocrx_word' id='word_1_615' title='bbox 1233 303 1510 348; x_wconf 86' lang='lat' dir='ltr'>GENTlLES,</span> <span class='ocrx_word' id='word_1_616' title='bbox 1539 303 1633 339; x_wconf 92' lang='lat' dir='ltr'>LIB.</span> <span class='ocrx_word' id='word_1_617' title='bbox 1659 303 1700 347; x_wconf 95' lang='lat'>11,</span> <span class='ocrx_word' id='word_1_618' title='bbox 1731 302 1842 339; x_wconf 92' lang='lat' dir='ltr'>CAP.</span> <span class='ocrx_word' id='word_1_619' title='bbox 1863 302 2067 338; x_wconf 90' lang='lat' dir='ltr'>LXXVIII.</span> 
     </span>
    </p>
   </div>
   <div class='ocr_carea' id='block_1_9' title="bbox 257 382 2519 467">
    <p class='ocr_par' dir='ltr' id='par_1_14' title="bbox 257 382 2519 467">
     <span class='ocr_line' id='line_1_81' title="bbox 285 382 2519 437; baseline -0.005 -14"><span class='ocrx_word' id='word_1_620' title='bbox 285 416 292 423; x_wconf 91' lang='lat'>.</span> <span class='ocrx_word' id='word_1_621' title='bbox 322 394 406 433; x_wconf 78' lang='lat' dir='ltr'>taph.</span> <span class='ocrx_word' id='word_1_622' title='bbox 420 393 446 427; x_wconf 47' lang='grc' dir='ltr'>θ’,</span> <span class='ocrx_word' id='word_1_623' title='bbox 471 392 532 420; x_wconf 92' lang='lat' dir='ltr'>hoc</span> <span class='ocrx_word' id='word_1_624' title='bbox 557 390 632 419; x_wconf 92' lang='lat' dir='ltr'>loco</span> <span class='ocrx_word' id='word_1_625' title='bbox 657 388 813 437; x_wconf 87' lang='lat' dir='ltr'>accipitur</span> <span class='ocrx_word' id='word_1_626' title='bbox 835 391 947 416; x_wconf 87' lang='lat' dir='ltr'>natura</span> <span class='ocrx_word' id='word_1_627' title='bbox 968 391 1066 426; x_wconf 90' lang='lat' dir='ltr'>prout</span> <span class='ocrx_word' id='word_1_628' title='bbox 1089 383 1247 425; x_wconf 88' lang='lat' dir='ltr'>significat</span> <span class='ocrx_word' id='word_1_629' title='bbox 1262 382 1418 424; x_wconf 58' lang='lat' dir='ltr'>quiricii-1</span> <span class='ocrx_word' id='word_1_630' title='bbox 1443 382 1642 422; x_wconf 85' lang='lat' dir='ltr'>subiungens</span> <span class='ocrx_word' id='word_1_631' title='bbox 1665 387 1741 422; x_wconf 91' lang='lat' dir='ltr'>post</span> <span class='ocrx_word' id='word_1_632' title='bbox 1764 382 2054 433; x_wconf 84' lang='lat' dir='ltr'>comparationem,</span> <span class='ocrx_word' id='word_1_633' title='bbox 2075 382 2167 422; x_wconf 91' lang='lat' dir='ltr'>quod</span> <span class='ocrx_word' id='word_1_634' title='bbox 2189 384 2331 415; x_wconf 82' lang='lat' dir='ltr'>activum</span> <span class='ocrx_word' id='word_1_635' title='bbox 2353 385 2388 415; x_wconf 88' lang='lat' dir='ltr'>in</span> <span class='ocrx_word' id='word_1_636' title='bbox 2410 385 2519 416; x_wconf 87' lang='lat' dir='ltr'>anima</span> 
     </span>
     <span class='ocr_line' id='line_1_82' title="bbox 257 431 958 467; baseline -0.012 1"><span class='ocrx_word' id='word_1_637' title='bbox 257 435 276 449; x_wconf 59' lang='lat' dir='ltr'>v·</span> <span class='ocrx_word' id='word_1_638' title='bbox 321 442 416 467; x_wconf 87' lang='lat' dir='ltr'>tatem</span> <span class='ocrx_word' id='word_1_639' title='bbox 447 440 478 465; x_wconf 88' lang='lat' dir='ltr'>et</span> <span class='ocrx_word' id='word_1_640' title='bbox 507 433 676 464; x_wconf 83' lang='lat' dir='ltr'>essentiam</span> <span class='ocrx_word' id='word_1_641' title='bbox 707 432 755 462; x_wconf 90' lang='lat' dir='ltr'>rei</span> <span class='ocrx_word' id='word_1_642' title='bbox 786 431 958 466; x_wconf 85' lang='lat' dir='ltr'>naturalis,</span> 
     </span>
    </p>
   </div>
   <div class='ocr_carea' id='block_1_10' title="bbox 1441 425 2519 1359">
    <p class='ocr_par' dir='ltr' id='par_1_15' title="bbox 1443 425 2518 546">
     <span class='ocr_line' id='line_1_83' title="bbox 1444 425 2517 469; baseline 0.005 -13"><span class='ocrx_word' id='word_1_643' title='bbox 1444 431 1492 456; x_wconf 90' lang='lat' dir='ltr'>est</span> <span class='ocrx_word' id='word_1_644' title='bbox 1514 426 1696 456; x_wconf 90' lang='lat' dir='ltr'>intellectus</span> <span class='ocrx_word' id='word_1_645' title='bbox 1718 427 1752 456; x_wconf 90' lang='lat' dir='ltr'>in</span> <span class='ocrx_word' id='word_1_646' title='bbox 1770 425 1920 456; x_wconf 83' lang='lat' dir='ltr'>faciendo</span> <span class='ocrx_word' id='word_1_647' title='bbox 1940 427 2052 456; x_wconf 88' lang='lat' dir='ltr'>omnia</span> <span class='ocrx_word' id='word_1_648' title='bbox 2075 431 2112 456; x_wconf 84' lang='lat' dir='ltr'>ut</span> <span class='ocrx_word' id='word_1_649' title='bbox 2132 426 2261 459; x_wconf 80' lang='lat' dir='ltr'>habitus</span> <span class='ocrx_word' id='word_1_650' title='bbox 2283 429 2425 469; x_wconf 81' lang='lat' dir='ltr'>quidam.</span> <span class='ocrx_word' id='word_1_651' title='bbox 2450 429 2517 460; x_wconf 80' lang='lat' dir='ltr'>Ha-</span> 
     </span>
     <span class='ocr_line' id='line_1_84' title="bbox 1443 470 2518 505; baseline 0.005 -5"><span class='ocrx_word' id='word_1_652' title='bbox 1443 471 1528 501; x_wconf 89' lang='lat' dir='ltr'>bitus</span> <span class='ocrx_word' id='word_1_653' title='bbox 1556 470 1644 500; x_wconf 91' lang='lat' dir='ltr'>enim</span> <span class='ocrx_word' id='word_1_654' title='bbox 1668 475 1715 500; x_wconf 84' lang='lat' dir='ltr'>est</span> <span class='ocrx_word' id='word_1_655' title='bbox 1738 470 1916 501; x_wconf 88' lang='lat' dir='ltr'>subiective</span> <span class='ocrx_word' id='word_1_656' title='bbox 1939 471 1973 501; x_wconf 89' lang='lat' dir='ltr'>in</span> <span class='ocrx_word' id='word_1_657' title='bbox 1994 480 2035 501; x_wconf 89' lang='lat' dir='ltr'>eo</span> <span class='ocrx_word' id='word_1_658' title='bbox 2063 471 2156 502; x_wconf 90' lang='lat' dir='ltr'>cuius</span> <span class='ocrx_word' id='word_1_659' title='bbox 2183 477 2230 502; x_wconf 89' lang='lat' dir='ltr'>est</span> <span class='ocrx_word' id='word_1_660' title='bbox 2252 473 2396 504; x_wconf 88' lang='lat' dir='ltr'>habitus:</span> <span class='ocrx_word' id='word_1_661' title='bbox 2422 479 2458 505; x_wconf 91' lang='lat' dir='ltr'>ut</span> <span class='ocrx_word' id='word_1_662' title='bbox 2482 474 2518 504; x_wconf 91' lang='lat' dir='ltr'>in</span> 
     </span>
     <span class='ocr_line' id='line_1_85' title="bbox 1443 514 2197 546; baseline 0.003 -2"><span class='ocrx_word' id='word_1_663' title='bbox 1443 515 1534 545; x_wconf 88' lang='lat' dir='ltr'>tertia</span> <span class='ocrx_word' id='word_1_664' title='bbox 1557 514 1682 544; x_wconf 89' lang='lat' dir='ltr'>ratione</span> <span class='ocrx_word' id='word_1_665' title='bbox 1702 515 1837 545; x_wconf 91' lang='lat' dir='ltr'>assumit</span> <span class='ocrx_word' id='word_1_666' title='bbox 1860 514 1996 546; x_wconf 90' lang='lat' dir='ltr'>Sanctus</span> <span class='ocrx_word' id='word_1_667' title='bbox 2012 515 2158 546; x_wconf 88' lang='lat' dir='ltr'>Thomas</span> <span class='ocrx_word' id='word_1_668' title='bbox 2170 516 2197 546; x_wconf 58' lang='grc' dir='ltr'>’ἱ</span> 
     </span>
    </p>

    <p class='ocr_par' dir='ltr' id='par_1_16' title="bbox 1441 558 2519 1359">
     <span class='ocr_line' id='line_1_86' title="bbox 1500 558 2518 613; baseline 0.005 -25"><span class='ocrx_word' id='word_1_669' title='bbox 1500 558 1552 588; x_wconf 94' lang='lat' dir='ltr'>IV.</span> <span class='ocrx_word' id='word_1_670' title='bbox 1578 558 1647 588; x_wconf 88' lang='lat' dir='ltr'>Istis</span> <span class='ocrx_word' id='word_1_671' title='bbox 1671 559 1717 589; x_wconf 92' lang='lat' dir='ltr'>sic</span> <span class='ocrx_word' id='word_1_672' title='bbox 1741 559 1905 600; x_wconf 86' lang='lat' dir='ltr'>expositis,</span> <span class='ocrx_word' id='word_1_673' title='bbox 1921 565 2011 600; x_wconf 89' lang='lat' dir='ltr'>patet</span> <span class='ocrx_word' id='word_1_674' title='bbox 2034 559 2125 600; x_wconf 90' lang='lat' dir='ltr'>quod</span> <span class='ocrx_word' id='word_1_675' title='bbox 2139 560 2221 590; x_wconf 92' lang='lat' dir='ltr'>ratio</span> <span class='ocrx_word' id='word_1_676' title='bbox 2239 561 2420 592; x_wconf 87' lang='lat' dir='ltr'>Aristotelis</span> <span class='ocrx_word' id='word_1_677' title='bbox 2441 571 2518 613; x_wconf 77' lang='lat' dir='ltr'>pro·</span> 
     </span>
     <span class='ocr_line' id='line_1_87' title="bbox 1442 602 2518 644; baseline 0.004 -11"><span class='ocrx_word' id='word_1_678' title='bbox 1442 603 1588 644; x_wconf 88' lang='lat' dir='ltr'>positum</span> <span class='ocrx_word' id='word_1_679' title='bbox 1612 602 1779 634; x_wconf 88' lang='lat' dir='ltr'>concludit</span> <span class='ocrx_word' id='word_1_680' title='bbox 1801 608 1838 634; x_wconf 86' lang='lat' dir='ltr'>ut</span> <span class='ocrx_word' id='word_1_681' title='bbox 1861 613 1933 634; x_wconf 89' lang='lat' dir='ltr'>eam</span> <span class='ocrx_word' id='word_1_682' title='bbox 1957 603 2093 635; x_wconf 89' lang='lat' dir='ltr'>Sanctus</span> <span class='ocrx_word' id='word_1_683' title='bbox 2117 604 2263 635; x_wconf 88' lang='lat' dir='ltr'>Th0mas</span> <span class='ocrx_word' id='word_1_684' title='bbox 2290 605 2409 636; x_wconf 85' lang='lat' dir='ltr'>format</span> <span class='ocrx_word' id='word_1_685' title='bbox 2420 606 2448 643; x_wconf 77' lang='lat'>*‚</span> <span class='ocrx_word' id='word_1_686' title='bbox 2471 606 2518 637; x_wconf 89' lang='lat' dir='ltr'>sic</span> 
     </span>
     <span class='ocr_line' id='line_1_88' title="bbox 1444 647 2518 690; baseline 0.004 -13"><span class='ocrx_word' id='word_1_687' title='bbox 1444 647 1621 687; x_wconf 85' lang='lat' dir='ltr'>arguendo.</span> <span class='ocrx_word' id='word_1_688' title='bbox 1645 647 1682 678; x_wconf 92' lang='lat' dir='ltr'>In</span> <span class='ocrx_word' id='word_1_689' title='bbox 1706 648 1798 678; x_wconf 90' lang='lat' dir='ltr'>omni</span> <span class='ocrx_word' id='word_1_690' title='bbox 1821 654 1936 679; x_wconf 86' lang='lat' dir='ltr'>natura</span> <span class='ocrx_word' id='word_1_691' title='bbox 1964 649 2000 680; x_wconf 89' lang='lat' dir='ltr'>in</span> <span class='ocrx_word' id='word_1_692' title='bbox 2030 658 2095 689; x_wconf 86' lang='lat' dir='ltr'>qua</span> <span class='ocrx_word' id='word_1_693' title='bbox 2125 650 2289 680; x_wconf 89' lang='lat' dir='ltr'>invenitur</span> <span class='ocrx_word' id='word_1_694' title='bbox 2311 651 2459 690; x_wconf 88' lang='lat' dir='ltr'>potentia</span> <span class='ocrx_word' id='word_1_695' title='bbox 2486 657 2518 681; x_wconf 91' lang='lat' dir='ltr'>et</span> 
     </span>
     <span class='ocr_line' id='line_1_89' title="bbox 1443 692 2518 734; baseline 0.005 -13"><span class='ocrx_word' id='word_1_696' title='bbox 1443 697 1544 728; x_wconf 91' lang='lat' dir='ltr'>aetus,</span> <span class='ocrx_word' id='word_1_697' title='bbox 1569 698 1617 722; x_wconf 85' lang='lat' dir='ltr'>est</span> <span class='ocrx_word' id='word_1_698' title='bbox 1639 692 1762 733; x_wconf 88' lang='lat' dir='ltr'>aliquid</span> <span class='ocrx_word' id='word_1_699' title='bbox 1783 693 1876 733; x_wconf 86' lang='lat' dir='ltr'>quasi</span> <span class='ocrx_word' id='word_1_700' title='bbox 1898 693 2032 724; x_wconf 86' lang='lat' dir='ltr'>materia</span> <span class='ocrx_word' id='word_1_701' title='bbox 2050 694 2215 734; x_wconf 87' lang='lat' dir='ltr'>receptiva</span> <span class='ocrx_word' id='word_1_702' title='bbox 2230 694 2409 725; x_wconf 86' lang='lat' dir='ltr'>formarum</span> <span class='ocrx_word' id='word_1_703' title='bbox 2432 694 2518 726; x_wconf 87' lang='lat' dir='ltr'>iuius</span> 
     </span>
     <span class='ocr_line' id='line_1_90' title="bbox 1443 736 2518 780; baseline 0.005 -14"><span class='ocrx_word' id='word_1_704' title='bbox 1443 736 1579 776; x_wconf 85' lang='lat' dir='ltr'>generis,</span> <span class='ocrx_word' id='word_1_705' title='bbox 1596 741 1628 767; x_wconf 93' lang='lat' dir='ltr'>et</span> <span class='ocrx_word' id='word_1_706' title='bbox 1651 736 1775 777; x_wconf 90' lang='lat' dir='ltr'>aliquid</span> <span class='ocrx_word' id='word_1_707' title='bbox 1798 738 1891 777; x_wconf 89' lang='lat' dir='ltr'>quasi</span> <span class='ocrx_word' id='word_1_708' title='bbox 1913 746 2022 778; x_wconf 82' lang='lat' dir='ltr'>agens,</span> <span class='ocrx_word' id='word_1_709' title='bbox 2052 738 2093 769; x_wconf 92' lang='lat' dir='ltr'>ad</span> <span class='ocrx_word' id='word_1_710' title='bbox 2122 738 2213 769; x_wconf 86' lang='lat' dir='ltr'>illam</span> <span class='ocrx_word' id='word_1_711' title='bbox 2242 745 2391 770; x_wconf 87' lang='lat' dir='ltr'>naturam</span> <span class='ocrx_word' id='word_1_712' title='bbox 2419 740 2518 780; x_wconf 87' lang='lat' dir='ltr'>perti-</span> 
     </span>
     <span class='ocr_line' id='line_1_91' title="bbox 1443 781 2517 822; baseline 0.005 -12"><span class='ocrx_word' id='word_1_713' title='bbox 1443 781 1553 811; x_wconf 86' lang='lat' dir='ltr'>nentia</span> <span class='ocrx_word' id='word_1_714' title='bbox 1575 786 1732 822; x_wconf 90' lang='lat' dir='ltr'>tanquam</span> <span class='ocrx_word' id='word_1_715' title='bbox 1754 781 1914 822; x_wconf 85' lang='lat' dir='ltr'>principia</span> <span class='ocrx_word' id='word_1_716' title='bbox 1937 791 1997 812; x_wconf 90' lang='lat' dir='ltr'>suo</span> <span class='ocrx_word' id='word_1_717' title='bbox 2021 781 2133 813; x_wconf 87' lang='lat' dir='ltr'>modo.</span> <span class='ocrx_word' id='word_1_718' title='bbox 2154 782 2219 814; x_wconf 90' lang='lat' dir='ltr'>Sed</span> <span class='ocrx_word' id='word_1_719' title='bbox 2241 783 2276 814; x_wconf 91' lang='lat' dir='ltr'>in</span> <span class='ocrx_word' id='word_1_720' title='bbox 2294 784 2402 815; x_wconf 90' lang='lat' dir='ltr'>anima</span> <span class='ocrx_word' id='word_1_721' title='bbox 2423 784 2517 815; x_wconf 84' lang='lat' dir='ltr'>intel-</span> 
     </span>
     <span class='ocr_line' id='line_1_92' title="bbox 1443 825 2517 868; baseline 0.005 -13"><span class='ocrx_word' id='word_1_722' title='bbox 1443 825 1559 855; x_wconf 90' lang='lat' dir='ltr'>lectiva</span> <span class='ocrx_word' id='word_1_723' title='bbox 1589 831 1638 855; x_wconf 90' lang='lat' dir='ltr'>est</span> <span class='ocrx_word' id='word_1_724' title='bbox 1667 831 1756 856; x_wconf 91' lang='lat' dir='ltr'>actus</span> <span class='ocrx_word' id='word_1_725' title='bbox 1787 831 1819 856; x_wconf 91' lang='lat' dir='ltr'>et</span> <span class='ocrx_word' id='word_1_726' title='bbox 1846 826 2007 866; x_wconf 90' lang='lat' dir='ltr'>potentia:</span> <span class='ocrx_word' id='word_1_727' title='bbox 2037 836 2114 857; x_wconf 90' lang='lat' dir='ltr'>cum</span> <span class='ocrx_word' id='word_1_728' title='bbox 2145 826 2345 868; x_wconf 88' lang='lat' dir='ltr'>quandoque</span> <span class='ocrx_word' id='word_1_729' title='bbox 2373 829 2413 859; x_wconf 90' lang='lat' dir='ltr'>sit</span> <span class='ocrx_word' id='word_1_730' title='bbox 2443 834 2517 860; x_wconf 88' lang='lat' dir='ltr'>actu</span> 
     </span>
     <span class='ocr_line' id='line_1_93' title="bbox 1442 869 2516 914; baseline 0.005 -15"><span class='ocrx_word' id='word_1_731' title='bbox 1442 870 1550 910; x_wconf 90' lang='lat' dir='ltr'>primo</span> <span class='ocrx_word' id='word_1_732' title='bbox 1573 869 1765 910; x_wconf 88' lang='lat' dir='ltr'>intelligens,</span> <span class='ocrx_word' id='word_1_733' title='bbox 1793 869 1995 911; x_wconf 91' lang='lat' dir='ltr'>quandoque</span> <span class='ocrx_word' id='word_1_734' title='bbox 2019 880 2098 901; x_wconf 90' lang='lat' dir='ltr'>vero</span> <span class='ocrx_word' id='word_1_735' title='bbox 2129 871 2164 902; x_wconf 90' lang='lat' dir='ltr'>in</span> <span class='ocrx_word' id='word_1_736' title='bbox 2186 873 2343 912; x_wconf 86' lang='lat' dir='ltr'>potentia.</span> <span class='ocrx_word' id='word_1_737' title='bbox 2371 873 2459 914; x_wconf 86' lang='lat' dir='ltr'>Ergo</span> <span class='ocrx_word' id='word_1_738' title='bbox 2482 874 2516 904; x_wconf 91' lang='lat' dir='ltr'>in</span> 
     </span>
     <span class='ocr_line' id='line_1_94' title="bbox 1443 914 2517 956; baseline 0.005 -12"><span class='ocrx_word' id='word_1_739' title='bbox 1443 915 1512 944; x_wconf 91' lang='lat' dir='ltr'>eius</span> <span class='ocrx_word' id='word_1_740' title='bbox 1535 919 1649 944; x_wconf 89' lang='lat' dir='ltr'>natura</span> <span class='ocrx_word' id='word_1_741' title='bbox 1677 920 1724 945; x_wconf 88' lang='lat' dir='ltr'>est</span> <span class='ocrx_word' id='word_1_742' title='bbox 1751 914 1873 956; x_wconf 90' lang='lat' dir='ltr'>aliquid</span> <span class='ocrx_word' id='word_1_743' title='bbox 1903 915 1987 946; x_wconf 91' lang='lat' dir='ltr'>sicut</span> <span class='ocrx_word' id='word_1_744' title='bbox 2013 916 2155 952; x_wconf 86' lang='lat' dir='ltr'>materia,</span> <span class='ocrx_word' id='word_1_745' title='bbox 2186 916 2309 947; x_wconf 89' lang='lat' dir='ltr'>scilicet</span> <span class='ocrx_word' id='word_1_746' title='bbox 2335 917 2517 949; x_wconf 90' lang='lat' dir='ltr'>intellectus</span> 
     </span>
     <span class='ocr_line' id='line_1_95' title="bbox 1442 958 2516 1003; baseline 0.004 -14"><span class='ocrx_word' id='word_1_747' title='bbox 1442 959 1614 999; x_wconf 90' lang='lat' dir='ltr'>possibilis,</span> <span class='ocrx_word' id='word_1_748' title='bbox 1632 964 1664 989; x_wconf 90' lang='lat' dir='ltr'>et</span> <span class='ocrx_word' id='word_1_749' title='bbox 1679 958 1802 1000; x_wconf 89' lang='lat' dir='ltr'>aliquid</span> <span class='ocrx_word' id='word_1_750' title='bbox 1813 960 1898 990; x_wconf 90' lang='lat' dir='ltr'>sicut</span> <span class='ocrx_word' id='word_1_751' title='bbox 1912 960 2065 996; x_wconf 88' lang='lat' dir='ltr'>activum,</span> <span class='ocrx_word' id='word_1_752' title='bbox 2078 960 2200 991; x_wconf 88' lang='lat' dir='ltr'>scilicet</span> <span class='ocrx_word' id='word_1_753' title='bbox 2214 961 2396 992; x_wconf 89' lang='lat' dir='ltr'>intellectus</span> <span class='ocrx_word' id='word_1_754' title='bbox 2407 972 2516 1003; x_wconf 83' lang='lat' dir='ltr'>agens.</span> 
     </span>
     <span class='ocr_line' id='line_1_96' title="bbox 1443 1003 2517 1044; baseline 0.005 -11"><span class='ocrx_word' id='word_1_755' title='bbox 1443 1003 1483 1034; x_wconf 91' lang='lat' dir='ltr'>ad</span> <span class='ocrx_word' id='word_1_756' title='bbox 1505 1009 1654 1034; x_wconf 86' lang='lat' dir='ltr'>naturam</span> <span class='ocrx_word' id='word_1_757' title='bbox 1685 1004 1765 1041; x_wconf 90' lang='lat' dir='ltr'>eius,</span> <span class='ocrx_word' id='word_1_758' title='bbox 1793 1004 1990 1044; x_wconf 88' lang='lat' dir='ltr'>inquantum</span> <span class='ocrx_word' id='word_1_759' title='bbox 2019 1004 2215 1036; x_wconf 85' lang='lat' dir='ltr'>intellectiva</span> <span class='ocrx_word' id='word_1_760' title='bbox 2238 1010 2295 1042; x_wconf 89' lang='lat' dir='ltr'>est,</span> <span class='ocrx_word' id='word_1_761' title='bbox 2326 1014 2388 1036; x_wconf 85' lang='lat' dir='ltr'>suo</span> <span class='ocrx_word' id='word_1_762' title='bbox 2414 1006 2517 1038; x_wconf 88' lang='lat' dir='ltr'>modo</span> 
     </span>
     <span class='ocr_line' id='line_1_97' title="bbox 1442 1048 2517 1092; baseline 0.004 -14"><span class='ocrx_word' id='word_1_763' title='bbox 1442 1048 1645 1089; x_wconf 88' lang='lat' dir='ltr'>pertinentia.</span> <span class='ocrx_word' id='word_1_764' title='bbox 1671 1048 1734 1079; x_wconf 89' lang='lat' dir='ltr'>Sed</span> <span class='ocrx_word' id='word_1_765' title='bbox 1751 1049 1895 1089; x_wconf 91' lang='lat' dir='ltr'>(supple)</span> <span class='ocrx_word' id='word_1_766' title='bbox 1913 1049 2032 1080; x_wconf 92' lang='lat' dir='ltr'>modus</span> <span class='ocrx_word' id='word_1_767' title='bbox 2056 1050 2183 1080; x_wconf 85' lang='lat' dir='ltr'>animae</span> <span class='ocrx_word' id='word_1_768' title='bbox 2202 1049 2343 1080; x_wconf 89' lang='lat' dir='ltr'>habendi</span> <span class='ocrx_word' id='word_1_769' title='bbox 2358 1051 2517 1092; x_wconf 65' lang='lat' dir='ltr'>principia</span> 
     </span>
     <span class='ocr_line' id='line_1_98' title="bbox 1442 1092 2518 1135; baseline 0.003 -12"><span class='ocrx_word' id='word_1_770' title='bbox 1442 1093 1561 1133; x_wconf 91' lang='lat' dir='ltr'>quibus</span> <span class='ocrx_word' id='word_1_771' title='bbox 1579 1092 1616 1123; x_wconf 88' lang='lat' dir='ltr'>fit</span> <span class='ocrx_word' id='word_1_772' title='bbox 1638 1092 1832 1124; x_wconf 89' lang='lat' dir='ltr'>intellectiva</span> <span class='ocrx_word' id='word_1_773' title='bbox 1855 1099 1931 1124; x_wconf 89' lang='lat' dir='ltr'>actu</span> <span class='ocrx_word' id='word_1_774' title='bbox 1955 1093 1994 1124; x_wconf 93' lang='lat' dir='ltr'>de</span> <span class='ocrx_word' id='word_1_775' title='bbox 2014 1093 2209 1125; x_wconf 89' lang='lat' dir='ltr'>intellectiva</span> <span class='ocrx_word' id='word_1_776' title='bbox 2232 1095 2266 1125; x_wconf 90' lang='lat' dir='ltr'>in</span> <span class='ocrx_word' id='word_1_777' title='bbox 2288 1095 2446 1135; x_wconf 83' lang='lat' dir='ltr'>potentia,</span> <span class='ocrx_word' id='word_1_778' title='bbox 2470 1101 2518 1126; x_wconf 88' lang='lat' dir='ltr'>est</span> 
     </span>
     <span class='ocr_line' id='line_1_99' title="bbox 1442 1137 2517 1179; baseline 0.004 -12"><span class='ocrx_word' id='word_1_779' title='bbox 1442 1142 1479 1168; x_wconf 92' lang='lat' dir='ltr'>ut</span> <span class='ocrx_word' id='word_1_780' title='bbox 1501 1137 1554 1168; x_wconf 91' lang='lat' dir='ltr'>illa</span> <span class='ocrx_word' id='word_1_781' title='bbox 1578 1138 1642 1168; x_wconf 88' lang='lat' dir='ltr'>sint</span> <span class='ocrx_word' id='word_1_782' title='bbox 1665 1138 1734 1168; x_wconf 92' lang='lat' dir='ltr'>eius</span> <span class='ocrx_word' id='word_1_783' title='bbox 1758 1139 1925 1178; x_wconf 90' lang='lat' dir='ltr'>potentiae</span> <span class='ocrx_word' id='word_1_784' title='bbox 1949 1143 1981 1169; x_wconf 90' lang='lat' dir='ltr'>et</span> <span class='ocrx_word' id='word_1_785' title='bbox 2002 1139 2231 1179; x_wconf 89' lang='lat' dir='ltr'>proprietates:</span> <span class='ocrx_word' id='word_1_786' title='bbox 2251 1149 2328 1170; x_wconf 91' lang='lat' dir='ltr'>cum</span> <span class='ocrx_word' id='word_1_787' title='bbox 2346 1139 2517 1171; x_wconf 89' lang='lat' dir='ltr'>intellecti-</span> 
     </span>
     <span class='ocr_line' id='line_1_100' title="bbox 1441 1182 2518 1225; baseline 0.004 -13"><span class='ocrx_word' id='word_1_788' title='bbox 1441 1191 1520 1213; x_wconf 90' lang='lat' dir='ltr'>vum</span> <span class='ocrx_word' id='word_1_789' title='bbox 1544 1182 1584 1212; x_wconf 88' lang='lat' dir='ltr'>sit</span> <span class='ocrx_word' id='word_1_790' title='bbox 1607 1182 1736 1214; x_wconf 86' lang='lat' dir='ltr'>animae</span> <span class='ocrx_word' id='word_1_791' title='bbox 1758 1183 1915 1223; x_wconf 86' lang='lat' dir='ltr'>potentia.</span> <span class='ocrx_word' id='word_1_792' title='bbox 1940 1182 2028 1223; x_wconf 77' lang='lat' dir='ltr'>Ergo</span> <span class='ocrx_word' id='word_1_793' title='bbox 2054 1183 2238 1215; x_wconf 88' lang='lat' dir='ltr'>intellectus</span> <span class='ocrx_word' id='word_1_794' title='bbox 2261 1193 2360 1224; x_wconf 82' lang='lat' dir='ltr'>agens</span> <span class='ocrx_word' id='word_1_795' title='bbox 2386 1189 2419 1216; x_wconf 84' lang='lat' dir='ltr'>et</span> <span class='ocrx_word' id='word_1_796' title='bbox 2440 1193 2518 1225; x_wconf 81' lang='lat' dir='ltr'>pos-</span> 
     </span>
     <span class='ocr_line' id='line_1_101' title="bbox 1441 1226 2518 1268; baseline 0.005 -11"><span class='ocrx_word' id='word_1_797' title='bbox 1441 1226 1541 1257; x_wconf 87' lang='lat' dir='ltr'>sibilis</span> <span class='ocrx_word' id='word_1_798' title='bbox 1565 1232 1641 1257; x_wconf 89' lang='lat' dir='ltr'>sunt</span> <span class='ocrx_word' id='word_1_799' title='bbox 1663 1228 1698 1258; x_wconf 87' lang='lat' dir='ltr'>in</span> <span class='ocrx_word' id='word_1_800' title='bbox 1721 1228 1830 1258; x_wconf 87' lang='lat' dir='ltr'>anima</span> <span class='ocrx_word' id='word_1_801' title='bbox 1853 1234 1890 1258; x_wconf 85' lang='lat' dir='ltr'>ut</span> <span class='ocrx_word' id='word_1_802' title='bbox 1912 1228 1982 1258; x_wconf 85' lang='lat' dir='ltr'>eius</span> <span class='ocrx_word' id='word_1_803' title='bbox 2005 1228 2188 1268; x_wconf 86' lang='lat' dir='ltr'>potentiae:</span> <span class='ocrx_word' id='word_1_804' title='bbox 2211 1237 2282 1260; x_wconf 87' lang='lat' dir='ltr'>non</span> <span class='ocrx_word' id='word_1_805' title='bbox 2309 1233 2419 1260; x_wconf 82' lang='lat' dir='ltr'>autem</span> <span class='ocrx_word' id='word_1_806' title='bbox 2441 1230 2518 1263; x_wconf 75' lang='lat' dir='ltr'>sunt</span> 
     </span>
     <span class='ocr_line' id='line_1_102' title="bbox 1442 1271 2519 1313; baseline 0.003 -11"><span class='ocrx_word' id='word_1_807' title='bbox 1442 1271 1638 1302; x_wconf 89' lang='lat' dir='ltr'>substantiae</span> <span class='ocrx_word' id='word_1_808' title='bbox 1661 1277 1836 1312; x_wconf 82' lang='lat' dir='ltr'>separatae.</span> <span class='ocrx_word' id='word_1_809' title='bbox 1853 1289 1876 1294; x_wconf 88' lang='lat'>-</span> <span class='ocrx_word' id='word_1_810' title='bbox 1889 1272 1977 1303; x_wconf 88' lang='lat' dir='ltr'>Eoce</span> <span class='ocrx_word' id='word_1_811' title='bbox 1999 1272 2110 1312; x_wconf 88' lang='lat' dir='ltr'>itaque</span> <span class='ocrx_word' id='word_1_812' title='bbox 2127 1271 2219 1313; x_wconf 92' lang='lat' dir='ltr'>quod</span> <span class='ocrx_word' id='word_1_813' title='bbox 2233 1273 2418 1305; x_wconf 82' lang='lat' dir='ltr'>Aristotelis</span> <span class='ocrx_word' id='word_1_814' title='bbox 2434 1274 2519 1307; x_wconf 78' lang='lat' dir='ltr'>ratio</span> 
     </span>
     <span class='ocr_line' id='line_1_103' title="bbox 1442 1316 2518 1359; baseline 0.006 -13"><span class='ocrx_word' id='word_1_815' title='bbox 1442 1316 1594 1353; x_wconf 90' lang='lat' dir='ltr'>ostendit,</span> <span class='ocrx_word' id='word_1_816' title='bbox 1611 1322 1648 1347; x_wconf 91' lang='lat' dir='ltr'>ut</span> <span class='ocrx_word' id='word_1_817' title='bbox 1671 1316 1798 1348; x_wconf 86' lang='lat' dir='ltr'>dicebat</span> <span class='ocrx_word' id='word_1_818' title='bbox 1813 1316 1951 1348; x_wconf 87' lang='lat' dir='ltr'>Sanctus</span> <span class='ocrx_word' id='word_1_819' title='bbox 1966 1316 2123 1354; x_wconf 57' lang='lat' dir='ltr'>Thema,</span> <span class='ocrx_word' id='word_1_820' title='bbox 2146 1317 2350 1350; x_wconf 87' lang='lat' dir='ltr'>intellectum</span> <span class='ocrx_word' id='word_1_821' title='bbox 2365 1323 2518 1359; x_wconf 78' lang='lat' dir='ltr'>agentem</span> 
     </span>
    </p>
   </div>
   <div class='ocr_carea' id='block_1_11' title="bbox 2545 521 2745 550">
    <p class='ocr_par' dir='ltr' id='par_1_17' title="bbox 2545 521 2745 550">
     <span class='ocr_line' id='line_1_104' title="bbox 2545 521 2745 550; baseline 0 -7"><span class='ocrx_word' id='word_1_822' title='bbox 2545 521 2606 543; x_wconf 84' lang='lat' dir='ltr'>&#39;&#39;Cf.</span> <span class='ocrx_word' id='word_1_823' title='bbox 2622 527 2687 543; x_wconf 87' lang='lat' dir='ltr'>num.</span> <span class='ocrx_word' id='word_1_824' title='bbox 2699 527 2715 549; x_wconf 71' lang='grc' dir='ltr'>ι,</span> <span class='ocrx_word' id='word_1_825' title='bbox 2725 528 2745 550; x_wconf 87' lang='lat'>3.</span> 
     </span>
    </p>
   </div>
   <div class='ocr_carea' id='block_1_12' title="bbox 2545 610 2759 658">
    <p class='ocr_par' dir='ltr' id='par_1_18' title="bbox 2545 610 2759 658">
     <span class='ocr_line' id='line_1_105' title="bbox 2547 610 2759 637; baseline 0 -6"><span class='ocrx_word' id='word_1_826' title='bbox 2547 610 2601 632; x_wconf 67' lang='lat' dir='ltr'>&#39;Ch</span> <span class='ocrx_word' id='word_1_827' title='bbox 2612 615 2676 631; x_wconf 89' lang='lat' dir='ltr'>num.</span> <span class='ocrx_word' id='word_1_828' title='bbox 2682 615 2759 637; x_wconf 83' lang='lat' dir='ltr'>praec.</span> 
     </span>
     <span class='ocr_line' id='line_1_106' title="bbox 2545 636 2595 658; baseline 0.024 -1"><span class='ocrx_word' id='word_1_829' title='bbox 2545 636 2595 658; x_wconf 80' lang='lat' dir='ltr'>init.</span> 
     </span>
    </p>
   </div>
   <div class='ocr_carea' id='block_1_13' title="bbox 1442 1361 2562 1404">
    <p class='ocr_par' dir='ltr' id='par_1_19' title="bbox 1442 1361 2562 1404">
     <span class='ocr_line' id='line_1_107' title="bbox 1442 1361 2562 1404; baseline 0.004 -13"><span class='ocrx_word' id='word_1_830' title='bbox 1442 1370 1510 1391; x_wconf 92' lang='lat' dir='ltr'>non</span> <span class='ocrx_word' id='word_1_831' title='bbox 1535 1370 1604 1392; x_wconf 88' lang='lat' dir='ltr'>esse</span> <span class='ocrx_word' id='word_1_832' title='bbox 1627 1361 1840 1392; x_wconf 87' lang='lat' dir='ltr'>substantiam</span> <span class='ocrx_word' id='word_1_833' title='bbox 1861 1366 2052 1402; x_wconf 85' lang='lat' dir='ltr'>separatam.</span> <span class='ocrx_word' id='word_1_834' title='bbox 2075 1361 2118 1392; x_wconf 92' lang='lat' dir='ltr'>Et</span> <span class='ocrx_word' id='word_1_835' title='bbox 2140 1362 2186 1392; x_wconf 88' lang='lat' dir='ltr'>sic</span> <span class='ocrx_word' id='word_1_836' title='bbox 2209 1362 2380 1403; x_wconf 79' lang='lat' dir='ltr'>responsio</span> <span class='ocrx_word' id='word_1_837' title='bbox 2396 1361 2438 1395; x_wconf 84' lang='lat' dir='ltr'>ad</span> <span class='ocrx_word' id='word_1_838' title='bbox 2451 1363 2517 1404; x_wconf 74' lang='lat' dir='ltr'>pti-</span> <span class='ocrx_word' id='word_1_839' title='bbox 2550 1365 2562 1378; x_wconf 61' lang='lat'><em>³</em></span> 
     </span>
    </p>
   </div>
   <div class='ocr_carea' id='block_1_14' title="bbox 1431 1405 2519 3715">
    <p class='ocr_par' dir='ltr' id='par_1_20' title="bbox 1442 1405 2471 1439">
     <span class='ocr_line' id='line_1_108' title="bbox 1442 1405 2471 1439; baseline 0.003 -3"><span class='ocrx_word' id='word_1_840' title='bbox 1442 1415 1529 1436; x_wconf 90' lang='lat' dir='ltr'>mam</span> <span class='ocrx_word' id='word_1_841' title='bbox 1554 1411 1586 1436; x_wconf 89' lang='lat' dir='ltr'>et</span> <span class='ocrx_word' id='word_1_842' title='bbox 1609 1405 1787 1437; x_wconf 88' lang='lat' dir='ltr'>secundam</span> <span class='ocrx_word' id='word_1_843' title='bbox 1808 1406 1970 1437; x_wconf 91' lang='lat' dir='ltr'>rationem</span> <span class='ocrx_word' id='word_1_844' title='bbox 1992 1405 2102 1437; x_wconf 86' lang='lat' dir='ltr'>Sancti</span> <span class='ocrx_word' id='word_1_845' title='bbox 2128 1405 2279 1437; x_wconf 81' lang='lat' dir='ltr'>Thomae</span> <span class='ocrx_word' id='word_1_846' title='bbox 2301 1406 2391 1438; x_wconf 81' lang='lat' dir='ltr'>nulla</span> <span class='ocrx_word' id='word_1_847' title='bbox 2413 1412 2471 1439; x_wconf 82' lang='lat' dir='ltr'>est.</span> 
     </span>
    </p>

    <p class='ocr_par' dir='ltr' id='par_1_21' title="bbox 1441 1439 2519 2068">
     <span class='ocr_line' id='line_1_109' title="bbox 1498 1439 2517 1497; baseline 0.005 -17"><span class='ocrx_word' id='word_1_848' title='bbox 1498 1449 1599 1488; x_wconf 92' lang='lat' dir='ltr'>Quod</span> <span class='ocrx_word' id='word_1_849' title='bbox 1623 1451 1720 1481; x_wconf 89' lang='lat' dir='ltr'>etiam</span> <span class='ocrx_word' id='word_1_850' title='bbox 1743 1451 1914 1491; x_wconf 90' lang='lat' dir='ltr'>responsio</span> <span class='ocrx_word' id='word_1_851' title='bbox 1943 1450 1985 1482; x_wconf 86' lang='lat' dir='ltr'>ad</span> <span class='ocrx_word' id='word_1_852' title='bbox 2012 1450 2140 1481; x_wconf 83' lang='lat' dir='ltr'>tertiam</span> <span class='ocrx_word' id='word_1_853' title='bbox 2169 1451 2330 1483; x_wconf 85' lang='lat' dir='ltr'>rationem</span> <span class='ocrx_word' id='word_1_854' title='bbox 2351 1451 2443 1486; x_wconf 74' lang='lat' dir='ltr'>nulla</span> <span class='ocrx_word' id='word_1_855' title='bbox 2463 1439 2517 1497; x_wconf 54' lang='lat' dir='ltr'>aa,</span> 
     </span>
     <span class='ocr_line' id='line_1_110' title="bbox 1442 1494 2517 1536; baseline 0.002 -11"><span class='ocrx_word' id='word_1_856' title='bbox 1442 1499 1530 1535; x_wconf 87' lang='lat' dir='ltr'>patet</span> <span class='ocrx_word' id='word_1_857' title='bbox 1553 1504 1592 1526; x_wconf 85' lang='lat' dir='ltr'>ex</span> <span class='ocrx_word' id='word_1_858' title='bbox 1613 1495 1720 1526; x_wconf 85' lang='lat' dir='ltr'>verbis</span> <span class='ocrx_word' id='word_1_859' title='bbox 1742 1495 1974 1536; x_wconf 85' lang='lat' dir='ltr'>responsionis.</span> <span class='ocrx_word' id='word_1_860' title='bbox 1998 1494 2094 1531; x_wconf 86' lang='lat' dir='ltr'>Nam,</span> <span class='ocrx_word' id='word_1_861' title='bbox 2110 1503 2268 1527; x_wconf 83' lang='lat' dir='ltr'>concesso</span> <span class='ocrx_word' id='word_1_862' title='bbox 2285 1495 2377 1536; x_wconf 88' lang='lat' dir='ltr'>quod</span> <span class='ocrx_word' id='word_1_863' title='bbox 2398 1496 2459 1530; x_wconf 76' lang='lat' dir='ltr'>ina:</span> <span class='ocrx_word' id='word_1_864' title='bbox 2467 1505 2517 1527; x_wconf 77' lang='lat' dir='ltr'>as·</span> 
     </span>
     <span class='ocr_line' id='line_1_111' title="bbox 1442 1539 2519 1580; baseline 0.004 -10"><span class='ocrx_word' id='word_1_865' title='bbox 1442 1539 1596 1570; x_wconf 88' lang='lat' dir='ltr'>similatio</span> <span class='ocrx_word' id='word_1_866' title='bbox 1619 1540 1659 1570; x_wconf 88' lang='lat' dir='ltr'>sit</span> <span class='ocrx_word' id='word_1_867' title='bbox 1681 1540 1864 1571; x_wconf 87' lang='lat' dir='ltr'>secundum</span> <span class='ocrx_word' id='word_1_868' title='bbox 1885 1539 2025 1571; x_wconf 88' lang='lat' dir='ltr'>modum</span> <span class='ocrx_word' id='word_1_869' title='bbox 2048 1539 2165 1580; x_wconf 82' lang='lat' dir='ltr'>agendi</span> <span class='ocrx_word' id='word_1_870' title='bbox 2187 1540 2372 1573; x_wconf 76' lang='lat' dir='ltr'>intellectus</span> <span class='ocrx_word' id='word_1_871' title='bbox 2401 1546 2437 1573; x_wconf 85' lang='lat' dir='ltr'>et</span> <span class='ocrx_word' id='word_1_872' title='bbox 2459 1541 2519 1576; x_wconf 65' lang='lat' dir='ltr'>lis-2</span> 
     </span>
     <span class='ocr_line' id='line_1_112' title="bbox 1442 1584 2519 1626; baseline 0.004 -12"><span class='ocrx_word' id='word_1_873' title='bbox 1442 1584 1538 1620; x_wconf 84' lang='lat' dir='ltr'>bitus,</span> <span class='ocrx_word' id='word_1_874' title='bbox 1564 1585 1641 1624; x_wconf 89' lang='lat' dir='ltr'>quia</span> <span class='ocrx_word' id='word_1_875' title='bbox 1663 1584 1785 1615; x_wconf 85' lang='lat' dir='ltr'>scilicet</span> <span class='ocrx_word' id='word_1_876' title='bbox 1813 1590 1956 1626; x_wconf 88' lang='lat' dir='ltr'>utroque</span> <span class='ocrx_word' id='word_1_877' title='bbox 1983 1594 2159 1625; x_wconf 87' lang='lat' dir='ltr'>operamur</span> <span class='ocrx_word' id='word_1_878' title='bbox 2188 1584 2322 1626; x_wconf 86' lang='lat' dir='ltr'>quando</span> <span class='ocrx_word' id='word_1_879' title='bbox 2351 1585 2519 1623; x_wconf 66' lang='lat' dir='ltr'>volumus„</span> 
     </span>
     <span class='ocr_line' id='line_1_113' title="bbox 1443 1628 2518 1670; baseline 0.003 -12"><span class='ocrx_word' id='word_1_880' title='bbox 1443 1629 1586 1668; x_wconf 83' lang='lat' dir='ltr'>arguitur</span> <span class='ocrx_word' id='word_1_881' title='bbox 1609 1629 1664 1660; x_wconf 90' lang='lat' dir='ltr'>sic.</span> <span class='ocrx_word' id='word_1_882' title='bbox 1690 1628 1726 1659; x_wconf 93' lang='lat' dir='ltr'>Id</span> <span class='ocrx_word' id='word_1_883' title='bbox 1749 1639 1818 1669; x_wconf 92' lang='lat' dir='ltr'>quo</span> <span class='ocrx_word' id='word_1_884' title='bbox 1845 1629 1968 1660; x_wconf 89' lang='lat' dir='ltr'>utimur</span> <span class='ocrx_word' id='word_1_885' title='bbox 1995 1628 2164 1670; x_wconf 85' lang='lat' dir='ltr'>operando</span> <span class='ocrx_word' id='word_1_886' title='bbox 2194 1628 2329 1670; x_wconf 87' lang='lat' dir='ltr'>quando</span> <span class='ocrx_word' id='word_1_887' title='bbox 2352 1629 2518 1668; x_wconf 58' lang='lat' dir='ltr'>volum,</span> 
     </span>
     <span class='ocr_line' id='line_1_114' title="bbox 1442 1673 2518 1716; baseline 0.003 -13"><span class='ocrx_word' id='word_1_888' title='bbox 1442 1682 1511 1703; x_wconf 91' lang='lat' dir='ltr'>non</span> <span class='ocrx_word' id='word_1_889' title='bbox 1540 1678 1588 1703; x_wconf 85' lang='lat' dir='ltr'>est</span> <span class='ocrx_word' id='word_1_890' title='bbox 1617 1673 1795 1704; x_wconf 85' lang='lat' dir='ltr'>substantia</span> <span class='ocrx_word' id='word_1_891' title='bbox 1819 1679 1974 1714; x_wconf 86' lang='lat' dir='ltr'>separata,</span> <span class='ocrx_word' id='word_1_892' title='bbox 2005 1673 2062 1704; x_wconf 84' lang='lat' dir='ltr'>sed</span> <span class='ocrx_word' id='word_1_893' title='bbox 2085 1679 2134 1704; x_wconf 89' lang='lat' dir='ltr'>est</span> <span class='ocrx_word' id='word_1_894' title='bbox 2160 1674 2194 1705; x_wconf 87' lang='lat' dir='ltr'>in</span> <span class='ocrx_word' id='word_1_895' title='bbox 2223 1674 2330 1706; x_wconf 75' lang='lat' dir='ltr'>nobis.</span> <span class='ocrx_word' id='word_1_896' title='bbox 2360 1673 2436 1711; x_wconf 81' lang='lat' dir='ltr'>Sed,</span> <span class='ocrx_word' id='word_1_897' title='bbox 2452 1682 2518 1716; x_wconf 71' lang='lat' dir='ltr'>per</span> 
     </span>
     <span class='ocr_line' id='line_1_115' title="bbox 1441 1717 2517 1758; baseline 0.004 -11"><span class='ocrx_word' id='word_1_898' title='bbox 1441 1722 1483 1754; x_wconf 88' lang='lat' dir='ltr'>te,</span> <span class='ocrx_word' id='word_1_899' title='bbox 1507 1717 1674 1748; x_wconf 88' lang='lat' dir='ltr'>intellectu</span> <span class='ocrx_word' id='word_1_900' title='bbox 1704 1723 1820 1758; x_wconf 85' lang='lat' dir='ltr'>agente</span> <span class='ocrx_word' id='word_1_901' title='bbox 1847 1718 1970 1749; x_wconf 89' lang='lat' dir='ltr'>utimur</span> <span class='ocrx_word' id='word_1_902' title='bbox 1995 1717 2164 1758; x_wconf 87' lang='lat' dir='ltr'>operando</span> <span class='ocrx_word' id='word_1_903' title='bbox 2191 1717 2324 1758; x_wconf 77' lang='lat' dir='ltr'>quando</span> <span class='ocrx_word' id='word_1_904' title='bbox 2350 1718 2517 1758; x_wconf 60' lang='lat' dir='ltr'>volumus,</span> 
     </span>
     <span class='ocr_line' id='line_1_116' title="bbox 1442 1762 2517 1814; baseline 0.005 -22"><span class='ocrx_word' id='word_1_905' title='bbox 1442 1762 1536 1792; x_wconf 88' lang='lat' dir='ltr'>sicuti</span> <span class='ocrx_word' id='word_1_906' title='bbox 1558 1762 1682 1792; x_wconf 86' lang='lat' dir='ltr'>habitu.</span> <span class='ocrx_word' id='word_1_907' title='bbox 1699 1762 1787 1802; x_wconf 81' lang='lat' dir='ltr'>Ergo</span> <span class='ocrx_word' id='word_1_908' title='bbox 1810 1772 1879 1793; x_wconf 90' lang='lat' dir='ltr'>non</span> <span class='ocrx_word' id='word_1_909' title='bbox 1895 1768 1943 1793; x_wconf 81' lang='lat' dir='ltr'>est</span> <span class='ocrx_word' id='word_1_910' title='bbox 1961 1763 2138 1794; x_wconf 68' lang='lat' dir='ltr'>substantia</span> <span class='ocrx_word' id='word_1_911' title='bbox 2153 1767 2308 1814; x_wconf 73' lang='lat' dir='ltr'>separata,</span> <span class='ocrx_word' id='word_1_912' title='bbox 2331 1762 2388 1794; x_wconf 79' lang='lat' dir='ltr'>sed</span> <span class='ocrx_word' id='word_1_913' title='bbox 2411 1768 2462 1797; x_wconf 78' lang='lat' dir='ltr'>est</span> <span class='ocrx_word' id='word_1_914' title='bbox 2481 1764 2517 1797; x_wconf 69' lang='lat' dir='ltr'>in</span> 
     </span>
     <span class='ocr_line' id='line_1_117' title="bbox 1441 1806 2518 1859; baseline 0.005 -23"><span class='ocrx_word' id='word_1_915' title='bbox 1441 1807 1546 1837; x_wconf 87' lang='lat' dir='ltr'>nobis.</span> <span class='ocrx_word' id='word_1_916' title='bbox 1562 1823 1585 1829; x_wconf 86' lang='lat'><em>—</em></span> <span class='ocrx_word' id='word_1_917' title='bbox 1601 1807 1707 1838; x_wconf 88' lang='lat' dir='ltr'>Maior</span> <span class='ocrx_word' id='word_1_918' title='bbox 1721 1807 1886 1847; x_wconf 85' lang='lat' dir='ltr'>probatur.</span> <span class='ocrx_word' id='word_1_919' title='bbox 1903 1806 1989 1845; x_wconf 84' lang='lat' dir='ltr'>Quia</span> <span class='ocrx_word' id='word_1_920' title='bbox 2010 1806 2136 1839; x_wconf 84' lang='lat' dir='ltr'>formae</span> <span class='ocrx_word' id='word_1_921' title='bbox 2158 1807 2300 1839; x_wconf 86' lang='lat' dir='ltr'>maxime</span> <span class='ocrx_word' id='word_1_922' title='bbox 2315 1813 2489 1859; x_wconf 72' lang='lat' dir='ltr'>separatae</span> <span class='ocrx_word' id='word_1_923' title='bbox 2496 1818 2518 1843; x_wconf 68' lang='lat' dir='ltr'>a</span> 
     </span>
     <span class='ocr_line' id='line_1_118' title="bbox 1441 1851 2517 1898; baseline 0.005 -17"><span class='ocrx_word' id='word_1_924' title='bbox 1441 1851 1575 1881; x_wconf 87' lang='lat' dir='ltr'>materia</span> <span class='ocrx_word' id='word_1_925' title='bbox 1590 1856 1623 1881; x_wconf 86' lang='lat' dir='ltr'>et</span> <span class='ocrx_word' id='word_1_926' title='bbox 1637 1851 1678 1882; x_wconf 87' lang='lat' dir='ltr'>ad</span> <span class='ocrx_word' id='word_1_927' title='bbox 1697 1852 1900 1892; x_wconf 86' lang='lat' dir='ltr'>superiorem</span> <span class='ocrx_word' id='word_1_928' title='bbox 1919 1851 2068 1882; x_wconf 83' lang='lat' dir='ltr'>ordinem</span> <span class='ocrx_word' id='word_1_929' title='bbox 2091 1860 2200 1882; x_wconf 81' lang='lat' dir='ltr'>rerum</span> <span class='ocrx_word' id='word_1_930' title='bbox 2223 1852 2414 1891; x_wconf 75' lang='lat' dir='ltr'>pertinentis</span> <span class='ocrx_word' id='word_1_931' title='bbox 2432 1860 2517 1898; x_wconf 57' lang='lat' dir='ltr'>one:</span> 
     </span>
     <span class='ocr_line' id='line_1_119' title="bbox 1441 1885 2518 1936; baseline 0.002 -11"><span class='ocrx_word' id='word_1_932' title='bbox 1441 1895 1522 1925; x_wconf 87' lang='lat' dir='ltr'>ratio</span> <span class='ocrx_word' id='word_1_933' title='bbox 1546 1904 1615 1926; x_wconf 92' lang='lat' dir='ltr'>non</span> <span class='ocrx_word' id='word_1_934' title='bbox 1632 1900 1680 1926; x_wconf 86' lang='lat' dir='ltr'>est</span> <span class='ocrx_word' id='word_1_935' title='bbox 1701 1895 1735 1926; x_wconf 88' lang='lat' dir='ltr'>in</span> <span class='ocrx_word' id='word_1_936' title='bbox 1750 1899 1910 1936; x_wconf 79' lang='lat' dir='ltr'>potestate</span> <span class='ocrx_word' id='word_1_937' title='bbox 1926 1901 2046 1932; x_wconf 87' lang='lat' dir='ltr'>nostra,</span> <span class='ocrx_word' id='word_1_938' title='bbox 2061 1901 2100 1926; x_wconf 91' lang='lat' dir='ltr'>ut</span> <span class='ocrx_word' id='word_1_939' title='bbox 2121 1895 2286 1936; x_wconf 76' lang='lat' dir='ltr'>possimus</span> <span class='ocrx_word' id='word_1_940' title='bbox 2301 1905 2362 1936; x_wconf 81' lang='lat' dir='ltr'>pro</span> <span class='ocrx_word' id='word_1_941' title='bbox 2383 1885 2518 1932; x_wconf 61' lang='lat' dir='ltr'>arbim</span> 
     </span>
     <span class='ocr_line' id='line_1_120' title="bbox 1441 1939 2518 1987; baseline 0.005 -18"><span class='ocrx_word' id='word_1_942' title='bbox 1441 1944 1554 1969; x_wconf 83' lang='lat' dir='ltr'>nostro</span> <span class='ocrx_word' id='word_1_943' title='bbox 1579 1939 1667 1969; x_wconf 87' lang='lat' dir='ltr'>illam</span> <span class='ocrx_word' id='word_1_944' title='bbox 1690 1940 1917 1980; x_wconf 78' lang='lat' dir='ltr'>operationem</span> <span class='ocrx_word' id='word_1_945' title='bbox 1940 1949 2100 1971; x_wconf 86' lang='lat' dir='ltr'>exercere.</span> <span class='ocrx_word' id='word_1_946' title='bbox 2116 1939 2193 1971; x_wconf 91' lang='lat' dir='ltr'>Non</span> <span class='ocrx_word' id='word_1_947' title='bbox 2217 1945 2265 1971; x_wconf 84' lang='lat' dir='ltr'>est</span> <span class='ocrx_word' id='word_1_948' title='bbox 2287 1939 2377 1973; x_wconf 87' lang='lat' dir='ltr'>enim</span> <span class='ocrx_word' id='word_1_949' title='bbox 2399 1940 2518 1987; x_wconf 62' lang='lat' dir='ltr'>volupe-</span> 
     </span>
     <span class='ocr_line' id='line_1_121' title="bbox 1441 1978 2519 2056; baseline 0.003 -43"><span class='ocrx_word' id='word_1_950' title='bbox 1441 1983 1559 2013; x_wconf 85' lang='lat' dir='ltr'>tarium</span> <span class='ocrx_word' id='word_1_951' title='bbox 1582 1984 1676 2014; x_wconf 89' lang='lat' dir='ltr'>cuius</span> <span class='ocrx_word' id='word_1_952' title='bbox 1698 1984 1897 2024; x_wconf 89' lang='lat' dir='ltr'>principium</span> <span class='ocrx_word' id='word_1_953' title='bbox 1919 1989 1968 2015; x_wconf 88' lang='lat' dir='ltr'>est</span> <span class='ocrx_word' id='word_1_954' title='bbox 1995 1989 2094 2020; x_wconf 83' lang='lat' dir='ltr'>extra,</span> <span class='ocrx_word' id='word_1_955' title='bbox 2117 1983 2175 2015; x_wconf 88' lang='lat' dir='ltr'>sed</span> <span class='ocrx_word' id='word_1_956' title='bbox 2204 1983 2298 2015; x_wconf 77' lang='lat' dir='ltr'>cuius</span> <span class='ocrx_word' id='word_1_957' title='bbox 2313 1978 2519 2056; x_wconf 58' lang='lat' dir='ltr'>prim</span> 
     </span>
     <span class='ocr_line' id='line_1_122' title="bbox 1442 2027 1925 2068; baseline 0.004 -11"><span class='ocrx_word' id='word_1_958' title='bbox 1442 2027 1531 2058; x_wconf 84' lang='lat' dir='ltr'>intra</span> <span class='ocrx_word' id='word_1_959' title='bbox 1554 2037 1616 2058; x_wconf 81' lang='lat' dir='ltr'>nos</span> <span class='ocrx_word' id='word_1_960' title='bbox 1638 2032 1687 2058; x_wconf 90' lang='grc' dir='ltr'>εει</span> <span class='ocrx_word' id='word_1_961' title='bbox 1700 2029 1727 2059; x_wconf 72' lang='lat'>*.</span> <span class='ocrx_word' id='word_1_962' title='bbox 1751 2028 1839 2068; x_wconf 83' lang='lat' dir='ltr'>Ergo</span> <span class='ocrx_word' id='word_1_963' title='bbox 1863 2033 1925 2059; x_wconf 89' lang='lat' dir='ltr'>etc.</span> 
     </span>
    </p>

    <p class='ocr_par' dir='ltr' id='par_1_22' title="bbox 1441 2049 2518 2205">
     <span class='ocr_line' id='line_1_123' title="bbox 1498 2049 2518 2113; baseline 0.006 -10"><span class='ocrx_word' id='word_1_964' title='bbox 1498 2072 1536 2103; x_wconf 91' lang='lat' dir='ltr'>V.</span> <span class='ocrx_word' id='word_1_965' title='bbox 1561 2051 1732 2111; x_wconf 75' lang='lat' dir='ltr'>Quantum</span> <span class='ocrx_word' id='word_1_966' title='bbox 1755 2072 1797 2103; x_wconf 83' lang='lat' dir='ltr'>ad</span> <span class='ocrx_word' id='word_1_967' title='bbox 1811 2071 1995 2104; x_wconf 86' lang='lat' dir='ltr'>secundum</span> <span class='ocrx_word' id='word_1_968' title='bbox 2006 2073 2034 2109; x_wconf 63' lang='lat'>⁹,</span> <span class='ocrx_word' id='word_1_969' title='bbox 2059 2049 2195 2113; x_wconf 85' lang='lat' dir='ltr'>exponit</span> <span class='ocrx_word' id='word_1_970' title='bbox 2208 2072 2348 2106; x_wconf 79' lang='lat' dir='ltr'>Sanctus</span> <span class='ocrx_word' id='word_1_971' title='bbox 2370 2071 2518 2109; x_wconf 65' lang='lat' dir='ltr'>‘nam</span> 
     </span>
     <span class='ocr_line' id='line_1_124' title="bbox 1442 2110 2518 2159; baseline 0.004 -12"><span class='ocrx_word' id='word_1_972' title='bbox 1442 2115 1598 2157; x_wconf 82' lang='lat' dir='ltr'>quasdam</span> <span class='ocrx_word' id='word_1_973' title='bbox 1609 2117 1792 2148; x_wconf 79' lang='lat' dir='ltr'>Aristotelis</span> <span class='ocrx_word' id='word_1_974' title='bbox 1803 2117 2020 2154; x_wconf 82' lang='lat' dir='ltr'>auctoritates,</span> <span class='ocrx_word' id='word_1_975' title='bbox 2032 2124 2071 2148; x_wconf 77' lang='lat' dir='ltr'>ex</span> <span class='ocrx_word' id='word_1_976' title='bbox 2084 2117 2205 2158; x_wconf 81' lang='lat' dir='ltr'>quibus</span> <span class='ocrx_word' id='word_1_977' title='bbox 2214 2117 2263 2149; x_wconf 84' lang='lat' dir='ltr'>illi</span> <span class='ocrx_word' id='word_1_978' title='bbox 2276 2118 2335 2159; x_wconf 85' lang='lat' dir='ltr'>qui</span> <span class='ocrx_word' id='word_1_979' title='bbox 2349 2110 2518 2155; x_wconf 59' lang='lat' dir='ltr'>suntabsi-</span> 
     </span>
     <span class='ocr_line' id='line_1_125' title="bbox 1441 2161 2516 2205; baseline 0.007 -14"><span class='ocrx_word' id='word_1_980' title='bbox 1441 2161 1554 2192; x_wconf 86' lang='lat' dir='ltr'>trarise</span> <span class='ocrx_word' id='word_1_981' title='bbox 1567 2161 1742 2202; x_wconf 85' lang='lat' dir='ltr'>opinionis,</span> <span class='ocrx_word' id='word_1_982' title='bbox 1755 2162 1973 2203; x_wconf 80' lang='lat' dir='ltr'>argumentari</span> <span class='ocrx_word' id='word_1_983' title='bbox 1984 2166 2128 2202; x_wconf 77' lang='lat' dir='ltr'>possent.</span> <span class='ocrx_word' id='word_1_984' title='bbox 2141 2161 2225 2193; x_wconf 90' lang='lat' dir='ltr'>Sunt</span> <span class='ocrx_word' id='word_1_985' title='bbox 2235 2168 2346 2195; x_wconf 80' lang='lat' dir='ltr'>autem</span> <span class='ocrx_word' id='word_1_986' title='bbox 2357 2163 2516 2205; x_wconf 73' lang='lat' dir='ltr'>quinque.</span> 
     </span>
    </p>

    <p class='ocr_par' dir='ltr' id='par_1_23' title="bbox 1441 2205 2518 2381">
     <span class='ocr_line' id='line_1_126' title="bbox 1498 2205 2518 2247; baseline 0.004 -11"><span class='ocrx_word' id='word_1_987' title='bbox 1498 2205 1604 2236; x_wconf 87' lang='lat' dir='ltr'>Prima</span> <span class='ocrx_word' id='word_1_988' title='bbox 1620 2211 1668 2236; x_wconf 85' lang='lat' dir='ltr'>est</span> <span class='ocrx_word' id='word_1_989' title='bbox 1689 2206 1724 2237; x_wconf 91' lang='lat' dir='ltr'>in</span> <span class='ocrx_word' id='word_1_990' title='bbox 1748 2205 1789 2237; x_wconf 89' lang='lat'>111</span> <span class='ocrx_word' id='word_1_991' title='bbox 1812 2206 1855 2237; x_wconf 82' lang='lat' dir='ltr'>de</span> <span class='ocrx_word' id='word_1_992' title='bbox 1868 2207 1999 2243; x_wconf 74' lang='lat' dir='ltr'>Anima,</span> <span class='ocrx_word' id='word_1_993' title='bbox 2023 2211 2101 2237; x_wconf 82' lang='lat' dir='ltr'>text.</span> <span class='ocrx_word' id='word_1_994' title='bbox 2121 2213 2172 2247; x_wconf 80' lang='lat'>¹9,</span> <span class='ocrx_word' id='word_1_995' title='bbox 2188 2206 2244 2238; x_wconf 91' lang='lat' dir='ltr'>ubi</span> <span class='ocrx_word' id='word_1_996' title='bbox 2260 2207 2305 2238; x_wconf 84' lang='lat' dir='ltr'>ait</span> <span class='ocrx_word' id='word_1_997' title='bbox 2326 2207 2518 2243; x_wconf 66' lang='lat' dir='ltr'>Aristoteles</span> 
     </span>
     <span class='ocr_line' id='line_1_127' title="bbox 1442 2249 2516 2294; baseline 0.006 -14"><span class='ocrx_word' id='word_1_998' title='bbox 1442 2249 1533 2290; x_wconf 91' lang='lat' dir='ltr'>quod</span> <span class='ocrx_word' id='word_1_999' title='bbox 1556 2249 1739 2282; x_wconf 86' lang='lat' dir='ltr'>intellectus</span> <span class='ocrx_word' id='word_1_1000' title='bbox 1755 2259 1853 2291; x_wconf 80' lang='lat' dir='ltr'>agens</span> <span class='ocrx_word' id='word_1_1001' title='bbox 1868 2256 1917 2282; x_wconf 81' lang='lat' dir='ltr'>est</span> <span class='ocrx_word' id='word_1_1002' title='bbox 1937 2254 2112 2291; x_wconf 74' lang='lat' dir='ltr'>separatus</span> <span class='ocrx_word' id='word_1_1003' title='bbox 2126 2255 2159 2282; x_wconf 82' lang='grc' dir='ltr'>ει</span> <span class='ocrx_word' id='word_1_1004' title='bbox 2178 2250 2358 2283; x_wconf 62' lang='lat' dir='ltr'>inmixtus.</span> <span class='ocrx_word' id='word_1_1005' title='bbox 2378 2252 2516 2294; x_wconf 66' lang='lat' dir='ltr'>Exqui-</span> 
     </span>
     <span class='ocr_line' id='line_1_128' title="bbox 1441 2295 2516 2365; baseline 0.005 -40"><span class='ocrx_word' id='word_1_1006' title='bbox 1441 2295 1502 2325; x_wconf 91' lang='lat' dir='ltr'>bus</span> <span class='ocrx_word' id='word_1_1007' title='bbox 1525 2295 1678 2336; x_wconf 84' lang='lat' dir='ltr'>arguitur.</span> <span class='ocrx_word' id='word_1_1008' title='bbox 1703 2295 1888 2327; x_wconf 83' lang='lat' dir='ltr'>Intellectus</span> <span class='ocrx_word' id='word_1_1009' title='bbox 1910 2303 2010 2336; x_wconf 80' lang='lat' dir='ltr'>agens</span> <span class='ocrx_word' id='word_1_1010' title='bbox 2033 2300 2081 2327; x_wconf 77' lang='lat' dir='ltr'>est</span> <span class='ocrx_word' id='word_1_1011' title='bbox 2103 2301 2268 2336; x_wconf 75' lang='lat' dir='ltr'>separatus</span> <span class='ocrx_word' id='word_1_1012' title='bbox 2283 2301 2317 2327; x_wconf 91' lang='lat' dir='ltr'>et</span> <span class='ocrx_word' id='word_1_1013' title='bbox 2338 2297 2516 2365; x_wconf 58' lang='lat' dir='ltr'>Q</span> 
     </span>
     <span class='ocr_line' id='line_1_129' title="bbox 1442 2338 2465 2381; baseline 0.004 -12"><span class='ocrx_word' id='word_1_1014' title='bbox 1442 2339 1528 2379; x_wconf 83' lang='lat' dir='ltr'>Ergo</span> <span class='ocrx_word' id='word_1_1015' title='bbox 1551 2349 1621 2370; x_wconf 91' lang='lat' dir='ltr'>non</span> <span class='ocrx_word' id='word_1_1016' title='bbox 1645 2345 1693 2370; x_wconf 80' lang='lat' dir='ltr'>est</span> <span class='ocrx_word' id='word_1_1017' title='bbox 1715 2341 1750 2371; x_wconf 90' lang='grc' dir='ltr'>ιιι</span> <span class='ocrx_word' id='word_1_1018' title='bbox 1773 2338 1891 2377; x_wconf 77' lang='lat' dir='ltr'>anim&#39;a,</span> <span class='ocrx_word' id='word_1_1019' title='bbox 1914 2339 1972 2372; x_wconf 84' lang='lat' dir='ltr'>sed</span> <span class='ocrx_word' id='word_1_1020' title='bbox 1994 2345 2043 2371; x_wconf 88' lang='lat' dir='ltr'>est</span> <span class='ocrx_word' id='word_1_1021' title='bbox 2068 2339 2247 2371; x_wconf 80' lang='lat' dir='ltr'>substantia</span> <span class='ocrx_word' id='word_1_1022' title='bbox 2270 2346 2465 2381; x_wconf 75' lang='lat' dir='ltr'>separata.</span> 
     </span>
    </p>

    <p class='ocr_par' dir='ltr' id='par_1_24' title="bbox 1440 2383 2516 2603">
     <span class='ocr_line' id='line_1_130' title="bbox 1497 2383 2516 2428; baseline 0.007 -14"><span class='ocrx_word' id='word_1_1023' title='bbox 1497 2383 1647 2414; x_wconf 88' lang='lat' dir='ltr'>Secunda</span> <span class='ocrx_word' id='word_1_1024' title='bbox 1663 2390 1712 2415; x_wconf 92' lang='lat' dir='ltr'>est</span> <span class='ocrx_word' id='word_1_1025' title='bbox 1734 2384 1867 2416; x_wconf 86' lang='lat' dir='ltr'>ibidem.</span> <span class='ocrx_word' id='word_1_1026' title='bbox 1882 2385 1939 2416; x_wconf 83' lang='lat' dir='ltr'>Ait</span> <span class='ocrx_word' id='word_1_1027' title='bbox 1952 2394 2096 2426; x_wconf 81' lang='lat' dir='ltr'>namque</span> <span class='ocrx_word' id='word_1_1028' title='bbox 2112 2383 2204 2426; x_wconf 85' lang='lat' dir='ltr'>quod</span> <span class='ocrx_word' id='word_1_1029' title='bbox 2219 2384 2402 2418; x_wconf 74' lang='lat' dir='ltr'>intellectus</span> <span class='ocrx_word' id='word_1_1030' title='bbox 2417 2393 2516 2428; x_wconf 63' lang='lat' dir='ltr'>§fleas</span> 
     </span>
     <span class='ocr_line' id='line_1_131' title="bbox 1442 2428 2516 2470; baseline 0.003 -11"><span class='ocrx_word' id='word_1_1031' title='bbox 1442 2433 1490 2459; x_wconf 89' lang='lat' dir='ltr'>est</span> <span class='ocrx_word' id='word_1_1032' title='bbox 1511 2428 1693 2460; x_wconf 80' lang='lat' dir='ltr'>substantia</span> <span class='ocrx_word' id='word_1_1033' title='bbox 1715 2433 1791 2460; x_wconf 83' lang='lat' dir='ltr'>actu</span> <span class='ocrx_word' id='word_1_1034' title='bbox 1815 2439 1882 2460; x_wconf 80' lang='lat' dir='ltr'>ens.</span> <span class='ocrx_word' id='word_1_1035' title='bbox 1914 2428 1979 2460; x_wconf 88' lang='lat' dir='ltr'>Sed</span> <span class='ocrx_word' id='word_1_1036' title='bbox 2007 2429 2089 2461; x_wconf 86' lang='lat' dir='ltr'>nibil</span> <span class='ocrx_word' id='word_1_1037' title='bbox 2118 2434 2269 2470; x_wconf 72' lang='lat' dir='ltr'>respectu</span> <span class='ocrx_word' id='word_1_1038' title='bbox 2298 2428 2516 2467; x_wconf 52' lang='lat' dir='ltr'>eiusdemrest</span> 
     </span>
     <span class='ocr_line' id='line_1_132' title="bbox 1440 2472 2516 2515; baseline 0.004 -12"><span class='ocrx_word' id='word_1_1039' title='bbox 1440 2472 1475 2503; x_wconf 85' lang='lat' dir='ltr'>in</span> <span class='ocrx_word' id='word_1_1040' title='bbox 1498 2477 1574 2503; x_wconf 85' lang='lat' dir='ltr'>actu</span> <span class='ocrx_word' id='word_1_1041' title='bbox 1598 2478 1630 2504; x_wconf 89' lang='lat' dir='ltr'>et</span> <span class='ocrx_word' id='word_1_1042' title='bbox 1651 2473 1686 2504; x_wconf 90' lang='lat' dir='ltr'>in</span> <span class='ocrx_word' id='word_1_1043' title='bbox 1702 2474 1857 2514; x_wconf 88' lang='lat' dir='ltr'>potentia.</span> <span class='ocrx_word' id='word_1_1044' title='bbox 1874 2473 1974 2515; x_wconf 83' lang='lat' dir='ltr'>Ergo,</span> <span class='ocrx_word' id='word_1_1045' title='bbox 1990 2482 2068 2505; x_wconf 91' lang='lat' dir='ltr'>cum</span> <span class='ocrx_word' id='word_1_1046' title='bbox 2089 2473 2125 2505; x_wconf 90' lang='lat' dir='ltr'>in</span> <span class='ocrx_word' id='word_1_1047' title='bbox 2141 2473 2250 2506; x_wconf 74' lang='lat' dir='ltr'>anima</span> <span class='ocrx_word' id='word_1_1048' title='bbox 2271 2474 2313 2505; x_wconf 80' lang='lat' dir='ltr'>sit</span> <span class='ocrx_word' id='word_1_1049' title='bbox 2333 2473 2516 2510; x_wconf 59' lang='lat' dir='ltr'>intellectu</span> 
     </span>
     <span class='ocr_line' id='line_1_133' title="bbox 1440 2517 2516 2560; baseline 0.005 -13"><span class='ocrx_word' id='word_1_1050' title='bbox 1440 2517 1614 2557; x_wconf 81' lang='lat' dir='ltr'>possibilis,</span> <span class='ocrx_word' id='word_1_1051' title='bbox 1638 2527 1706 2558; x_wconf 90' lang='lat' dir='ltr'>quo</span> <span class='ocrx_word' id='word_1_1052' title='bbox 1731 2523 1780 2549; x_wconf 88' lang='lat' dir='ltr'>est</span> <span class='ocrx_word' id='word_1_1053' title='bbox 1801 2518 1835 2549; x_wconf 89' lang='lat' dir='ltr'>in</span> <span class='ocrx_word' id='word_1_1054' title='bbox 1858 2518 2016 2558; x_wconf 85' lang='lat' dir='ltr'>potentia,</span> <span class='ocrx_word' id='word_1_1055' title='bbox 2039 2527 2110 2550; x_wconf 89' lang='lat' dir='ltr'>non</span> <span class='ocrx_word' id='word_1_1056' title='bbox 2138 2518 2260 2559; x_wconf 87' lang='lat' dir='ltr'>poterit</span> <span class='ocrx_word' id='word_1_1057' title='bbox 2287 2518 2324 2550; x_wconf 87' lang='lat' dir='ltr'>in</span> <span class='ocrx_word' id='word_1_1058' title='bbox 2351 2519 2427 2560; x_wconf 68' lang='lat' dir='ltr'>ipse</span> <span class='ocrx_word' id='word_1_1059' title='bbox 2444 2527 2516 2554; x_wconf 60' lang='lat' dir='ltr'>ene</span> 
     </span>
     <span class='ocr_line' id='line_1_134' title="bbox 1440 2561 2492 2603; baseline 0.005 -11"><span class='ocrx_word' id='word_1_1060' title='bbox 1440 2561 1625 2593; x_wconf 84' lang='lat' dir='ltr'>intellectus</span> <span class='ocrx_word' id='word_1_1061' title='bbox 1647 2571 1756 2603; x_wconf 79' lang='lat' dir='ltr'>agens.</span> <span class='ocrx_word' id='word_1_1062' title='bbox 2429 2570 2492 2597; x_wconf 38' lang='lat' dir='ltr'>...vm</span> 
     </span>
    </p>

    <p class='ocr_par' dir='ltr' id='par_1_25' title="bbox 1438 2606 2516 2871">
     <span class='ocr_line' id='line_1_135' title="bbox 1496 2606 2516 2648; baseline 0.004 -11"><span class='ocrx_word' id='word_1_1063' title='bbox 1496 2606 1607 2637; x_wconf 84' lang='lat' dir='ltr'>Tertia</span> <span class='ocrx_word' id='word_1_1064' title='bbox 1628 2616 1765 2648; x_wconf 87' lang='lat' dir='ltr'>quoque</span> <span class='ocrx_word' id='word_1_1065' title='bbox 1780 2612 1829 2637; x_wconf 88' lang='lat' dir='ltr'>est</span> <span class='ocrx_word' id='word_1_1066' title='bbox 1850 2606 1972 2638; x_wconf 89' lang='lat' dir='ltr'>ibidem</span> <span class='ocrx_word' id='word_1_1067' title='bbox 1983 2607 2011 2644; x_wconf 65' lang='lat'>⁹,</span> <span class='ocrx_word' id='word_1_1068' title='bbox 2030 2607 2086 2639; x_wconf 89' lang='lat' dir='ltr'>ubi</span> <span class='ocrx_word' id='word_1_1069' title='bbox 2109 2607 2153 2638; x_wconf 78' lang='lat' dir='ltr'>ait</span> <span class='ocrx_word' id='word_1_1070' title='bbox 2169 2607 2262 2647; x_wconf 86' lang='lat' dir='ltr'>quod</span> <span class='ocrx_word' id='word_1_1071' title='bbox 2288 2607 2373 2639; x_wconf 79' lang='lat' dir='ltr'>idem</span> <span class='ocrx_word' id='word_1_1072' title='bbox 2394 2613 2516 2641; x_wconf 68' lang='lat' dir='ltr'>est-u-</span> 
     </span>
     <span class='ocr_line' id='line_1_136' title="bbox 1440 2650 2515 2692; baseline 0.004 -10"><span class='ocrx_word' id='word_1_1073' title='bbox 1440 2650 1582 2682; x_wconf 85' lang='lat' dir='ltr'>cundum</span> <span class='ocrx_word' id='word_1_1074' title='bbox 1598 2657 1706 2683; x_wconf 83' lang='lat' dir='ltr'>actum</span> <span class='ocrx_word' id='word_1_1075' title='bbox 1719 2651 1856 2683; x_wconf 75' lang='lat' dir='ltr'>scientia</span> <span class='ocrx_word' id='word_1_1076' title='bbox 1877 2652 1936 2683; x_wconf 77' lang='lat' dir='ltr'>rei.</span> <span class='ocrx_word' id='word_1_1077' title='bbox 1957 2651 2060 2691; x_wconf 88' lang='lat' dir='ltr'>Quod</span> <span class='ocrx_word' id='word_1_1078' title='bbox 2081 2660 2249 2692; x_wconf 86' lang='lat' dir='ltr'>exponens</span> <span class='ocrx_word' id='word_1_1079' title='bbox 2265 2651 2515 2688; x_wconf 60' lang='lat' dir='ltr'>commentat«</span> 
     </span>
     <span class='ocr_line' id='line_1_137' title="bbox 1440 2695 2514 2738; baseline 0.004 -12"><span class='ocrx_word' id='word_1_1080' title='bbox 1440 2695 1484 2726; x_wconf 89' lang='lat' dir='ltr'>ait</span> <span class='ocrx_word' id='word_1_1081' title='bbox 1507 2695 1599 2737; x_wconf 89' lang='lat' dir='ltr'>quod</span> <span class='ocrx_word' id='word_1_1082' title='bbox 1621 2696 1656 2727; x_wconf 90' lang='lat' dir='ltr'>in</span> <span class='ocrx_word' id='word_1_1083' title='bbox 1672 2696 1840 2728; x_wconf 85' lang='lat' dir='ltr'>intellectu</span> <span class='ocrx_word' id='word_1_1084' title='bbox 1854 2702 1970 2737; x_wconf 83' lang='lat' dir='ltr'>agente</span> <span class='ocrx_word' id='word_1_1085' title='bbox 1993 2696 2081 2728; x_wconf 89' lang='lat' dir='ltr'>idem</span> <span class='ocrx_word' id='word_1_1086' title='bbox 2097 2701 2146 2727; x_wconf 87' lang='lat' dir='ltr'>est</span> <span class='ocrx_word' id='word_1_1087' title='bbox 2167 2696 2350 2738; x_wconf 81' lang='lat' dir='ltr'>intelligens</span> <span class='ocrx_word' id='word_1_1088' title='bbox 2365 2702 2398 2730; x_wconf 89' lang='lat' dir='ltr'>et</span> <span class='ocrx_word' id='word_1_1089' title='bbox 2419 2697 2514 2732; x_wconf 73' lang='lat' dir='ltr'>intel-</span> 
     </span>
     <span class='ocr_line' id='line_1_138' title="bbox 1438 2739 2515 2783; baseline 0.003 -12"><span class='ocrx_word' id='word_1_1090' title='bbox 1438 2739 1571 2777; x_wconf 86' lang='lat' dir='ltr'>lectum,</span> <span class='ocrx_word' id='word_1_1091' title='bbox 1595 2749 1664 2772; x_wconf 89' lang='lat' dir='ltr'>non</span> <span class='ocrx_word' id='word_1_1092' title='bbox 1687 2746 1797 2773; x_wconf 87' lang='lat' dir='ltr'>autem</span> <span class='ocrx_word' id='word_1_1093' title='bbox 1820 2741 1853 2772; x_wconf 90' lang='lat' dir='ltr'>in</span> <span class='ocrx_word' id='word_1_1094' title='bbox 1877 2741 2034 2783; x_wconf 84' lang='lat' dir='ltr'>possibili.</span> <span class='ocrx_word' id='word_1_1095' title='bbox 2051 2740 2139 2782; x_wconf 83' lang='lat' dir='ltr'>Ergo</span> <span class='ocrx_word' id='word_1_1096' title='bbox 2154 2740 2337 2774; x_wconf 83' lang='lat' dir='ltr'>intellectus</span> <span class='ocrx_word' id='word_1_1097' title='bbox 2352 2750 2451 2783; x_wconf 52' lang='lat' dir='ltr'>qens</span> <span class='ocrx_word' id='word_1_1098' title='bbox 2466 2747 2515 2777; x_wconf 76' lang='lat' dir='ltr'>est</span> 
     </span>
     <span class='ocr_line' id='line_1_139' title="bbox 1439 2785 2513 2827; baseline 0.006 -12"><span class='ocrx_word' id='word_1_1099' title='bbox 1439 2791 1618 2825; x_wconf 81' lang='lat' dir='ltr'>separatus:</span> <span class='ocrx_word' id='word_1_1100' title='bbox 1642 2786 1719 2826; x_wconf 87' lang='lat' dir='ltr'>quia</span> <span class='ocrx_word' id='word_1_1101' title='bbox 1743 2786 1776 2817; x_wconf 83' lang='lat' dir='ltr'>in</span> <span class='ocrx_word' id='word_1_1102' title='bbox 1799 2785 1881 2817; x_wconf 81' lang='lat' dir='ltr'>solis</span> <span class='ocrx_word' id='word_1_1103' title='bbox 1900 2785 2064 2827; x_wconf 74' lang='lat' dir='ltr'>separatis</span> <span class='ocrx_word' id='word_1_1104' title='bbox 2082 2795 2103 2817; x_wconf 87' lang='lat' dir='ltr'>a</span> <span class='ocrx_word' id='word_1_1105' title='bbox 2126 2786 2266 2818; x_wconf 77' lang='lat' dir='ltr'>materia</span> <span class='ocrx_word' id='word_1_1106' title='bbox 2289 2786 2374 2818; x_wconf 74' lang='lat' dir='ltr'>idem</span> <span class='ocrx_word' id='word_1_1107' title='bbox 2393 2791 2443 2818; x_wconf 66' lang='lat' dir='ltr'>m</span> <span class='ocrx_word' id='word_1_1108' title='bbox 2461 2787 2513 2821; x_wconf 67' lang='lat' dir='ltr'>in-</span> 
     </span>
     <span class='ocr_line' id='line_1_140' title="bbox 1439 2829 2489 2871; baseline 0.005 -11"><span class='ocrx_word' id='word_1_1109' title='bbox 1439 2829 1590 2871; x_wconf 77' lang='lat' dir='ltr'>telligens</span> <span class='ocrx_word' id='word_1_1110' title='bbox 1612 2835 1644 2861; x_wconf 84' lang='lat' dir='ltr'>et</span> <span class='ocrx_word' id='word_1_1111' title='bbox 1666 2830 1875 2862; x_wconf 75' lang='lat' dir='ltr'>intellectum.</span> <span class='ocrx_word' id='word_1_1112' title='bbox 2481 2847 2489 2852; x_wconf 64' lang='lat'>&lt;</span> 
     </span>
    </p>

    <p class='ocr_par' dir='ltr' id='par_1_26' title="bbox 1439 2874 2513 3006">
     <span class='ocr_line' id='line_1_141' title="bbox 1495 2874 2513 2916; baseline 0.003 -10"><span class='ocrx_word' id='word_1_1113' title='bbox 1495 2874 1618 2913; x_wconf 66' lang='lat' dir='ltr'>Quarta</span> <span class='ocrx_word' id='word_1_1114' title='bbox 1641 2881 1689 2906; x_wconf 87' lang='lat' dir='ltr'>est</span> <span class='ocrx_word' id='word_1_1115' title='bbox 1710 2876 1746 2906; x_wconf 91' lang='lat' dir='ltr'>in</span> <span class='ocrx_word' id='word_1_1116' title='bbox 1770 2874 1888 2907; x_wconf 78' lang='lat' dir='ltr'>eodem</span> <span class='ocrx_word' id='word_1_1117' title='bbox 1910 2874 1998 2912; x_wconf 89' lang='lat' dir='ltr'>loco,</span> <span class='ocrx_word' id='word_1_1118' title='bbox 2021 2879 2098 2906; x_wconf 87' lang='lat' dir='ltr'>text.</span> <span class='ocrx_word' id='word_1_1119' title='bbox 2124 2883 2177 2911; x_wconf 66' lang='grc' dir='ltr'>πο,</span> <span class='ocrx_word' id='word_1_1120' title='bbox 2201 2875 2258 2907; x_wconf 90' lang='lat' dir='ltr'>ubi</span> <span class='ocrx_word' id='word_1_1121' title='bbox 2280 2875 2325 2907; x_wconf 80' lang='lat' dir='ltr'>sit</span> <span class='ocrx_word' id='word_1_1122' title='bbox 2347 2874 2441 2916; x_wconf 82' lang='lat' dir='ltr'>quod</span> <span class='ocrx_word' id='word_1_1123' title='bbox 2463 2875 2513 2909; x_wconf 76' lang='lat' dir='ltr'>in-</span> 
     </span>
     <span class='ocr_line' id='line_1_142' title="bbox 1439 2919 2513 2962; baseline 0.001 -12"><span class='ocrx_word' id='word_1_1124' title='bbox 1439 2919 1586 2950; x_wconf 86' lang='lat' dir='ltr'>tellectus</span> <span class='ocrx_word' id='word_1_1125' title='bbox 1609 2929 1706 2960; x_wconf 81' lang='lat' dir='ltr'>agens</span> <span class='ocrx_word' id='word_1_1126' title='bbox 1723 2929 1790 2951; x_wconf 82' lang='lat' dir='ltr'>non</span> <span class='ocrx_word' id='word_1_1127' title='bbox 1806 2919 1986 2961; x_wconf 66' lang='lat' dir='ltr'>aliquando</span> <span class='ocrx_word' id='word_1_1128' title='bbox 2005 2919 2134 2961; x_wconf 79' lang='lat' dir='ltr'>quidem</span> <span class='ocrx_word' id='word_1_1129' title='bbox 2150 2919 2316 2961; x_wconf 73' lang='lat' dir='ltr'>intelligit,</span> <span class='ocrx_word' id='word_1_1130' title='bbox 2333 2919 2513 2962; x_wconf 71' lang='lat' dir='ltr'>aliquando</span> 
     </span>
     <span class='ocr_line' id='line_1_143' title="bbox 1439 2963 2512 3006; baseline 0.003 -12"><span class='ocrx_word' id='word_1_1131' title='bbox 1439 2968 1548 2994; x_wconf 81' lang='lat' dir='ltr'>autem</span> <span class='ocrx_word' id='word_1_1132' title='bbox 1560 2974 1626 2994; x_wconf 88' lang='lat' dir='ltr'>non</span> <span class='ocrx_word' id='word_1_1133' title='bbox 1640 2964 1805 3006; x_wconf 73' lang='lat' dir='ltr'>intelligit.</span> <span class='ocrx_word' id='word_1_1134' title='bbox 1817 2964 1906 2996; x_wconf 81' lang='lat' dir='ltr'>Nihil</span> <span class='ocrx_word' id='word_1_1135' title='bbox 1921 2969 2030 2995; x_wconf 79' lang='lat' dir='ltr'>autem</span> <span class='ocrx_word' id='word_1_1136' title='bbox 2042 2964 2105 2996; x_wconf 82' lang='lat' dir='ltr'>tale</span> <span class='ocrx_word' id='word_1_1137' title='bbox 2122 2969 2171 2996; x_wconf 82' lang='lat' dir='ltr'>est</span> <span class='ocrx_word' id='word_1_1138' title='bbox 2183 2964 2218 2996; x_wconf 88' lang='lat' dir='ltr'>in</span> <span class='ocrx_word' id='word_1_1139' title='bbox 2232 2964 2338 2996; x_wconf 80' lang='lat' dir='ltr'>nobis.</span> <span class='ocrx_word' id='word_1_1140' title='bbox 2351 2963 2442 3006; x_wconf 74' lang='lat' dir='ltr'>Ergo</span> <span class='ocrx_word' id='word_1_1141' title='bbox 2451 2969 2512 2997; x_wconf 85' lang='lat' dir='ltr'>etc.</span> 
     </span>
    </p>

    <p class='ocr_par' dir='ltr' id='par_1_27' title="bbox 1431 3007 2514 3140">
     <span class='ocr_line' id='line_1_144' title="bbox 1494 3007 2512 3050; baseline 0.004 -11"><span class='ocrx_word' id='word_1_1142' title='bbox 1494 3007 1620 3046; x_wconf 85' lang='lat' dir='ltr'>Quinta</span> <span class='ocrx_word' id='word_1_1143' title='bbox 1644 3014 1692 3039; x_wconf 86' lang='lat' dir='ltr'>est</span> <span class='ocrx_word' id='word_1_1144' title='bbox 1713 3009 1748 3040; x_wconf 91' lang='lat' dir='ltr'>in</span> <span class='ocrx_word' id='word_1_1145' title='bbox 1772 3008 1890 3040; x_wconf 87' lang='lat' dir='ltr'>eodem</span> <span class='ocrx_word' id='word_1_1146' title='bbox 1913 3013 2013 3046; x_wconf 82' lang='lat' dir='ltr'>textu,</span> <span class='ocrx_word' id='word_1_1147' title='bbox 2036 3009 2094 3040; x_wconf 91' lang='lat' dir='ltr'>ubi</span> <span class='ocrx_word' id='word_1_1148' title='bbox 2116 3010 2176 3040; x_wconf 85' lang='lat' dir='ltr'>ait:</span> <span class='ocrx_word' id='word_1_1149' title='bbox 2201 3008 2382 3050; x_wconf 67' lang='lat' dir='ltr'>Separatur</span> <span class='ocrx_word' id='word_1_1150' title='bbox 2401 3013 2512 3044; x_wconf 62' lang='lat' dir='ltr'>aran</span> 
     </span>
     <span class='ocr_line' id='line_1_145' title="bbox 1438 3050 2514 3095; baseline 0.004 -12"><span class='ocrx_word' id='word_1_1151' title='bbox 1438 3058 1487 3084; x_wconf 87' lang='grc' dir='ltr'>εει</span> <span class='ocrx_word' id='word_1_1152' title='bbox 1506 3053 1614 3084; x_wconf 79' lang='lat' dir='ltr'>solum</span> <span class='ocrx_word' id='word_1_1153' title='bbox 1636 3050 1700 3084; x_wconf 74' lang='lat' dir='ltr'>hoc</span> <span class='ocrx_word' id='word_1_1154' title='bbox 1721 3054 1810 3095; x_wconf 82' lang='lat' dir='ltr'>quod</span> <span class='ocrx_word' id='word_1_1155' title='bbox 1831 3063 1909 3085; x_wconf 77' lang='lat' dir='ltr'>vere</span> <span class='ocrx_word' id='word_1_1156' title='bbox 1930 3058 1990 3090; x_wconf 85' lang='grc' dir='ltr'><em>εει,</em></span> <span class='ocrx_word' id='word_1_1157' title='bbox 2013 3058 2046 3084; x_wconf 84' lang='grc' dir='ltr'>ει</span> <span class='ocrx_word' id='word_1_1158' title='bbox 2066 3054 2130 3085; x_wconf 77' lang='lat' dir='ltr'>hoc</span> <span class='ocrx_word' id='word_1_1159' title='bbox 2147 3053 2254 3085; x_wconf 83' lang='lat' dir='ltr'>solum</span> <span class='ocrx_word' id='word_1_1160' title='bbox 2279 3053 2514 3091; x_wconf 58' lang='lat' dir='ltr'>immortale«</span> 
     </span>
     <span class='ocr_line' id='line_1_146' title="bbox 1431 3098 2170 3140; baseline 0.001 -12"><span class='ocrx_word' id='word_1_1161' title='bbox 1431 3103 1627 3139; x_wconf 75' lang='lat' dir='ltr'>perpetuum</span> <span class='ocrx_word' id='word_1_1162' title='bbox 1650 3103 1706 3129; x_wconf 81' lang='lat' dir='ltr'>est.</span> <span class='ocrx_word' id='word_1_1163' title='bbox 1731 3098 1820 3140; x_wconf 85' lang='lat' dir='ltr'>Ergo</span> <span class='ocrx_word' id='word_1_1164' title='bbox 1843 3107 1913 3129; x_wconf 87' lang='lat' dir='ltr'>non</span> <span class='ocrx_word' id='word_1_1165' title='bbox 1937 3103 1987 3129; x_wconf 83' lang='lat' dir='ltr'>est</span> <span class='ocrx_word' id='word_1_1166' title='bbox 2008 3098 2043 3129; x_wconf 83' lang='lat' dir='ltr'>in</span> <span class='ocrx_word' id='word_1_1167' title='bbox 2065 3098 2170 3130; x_wconf 86' lang='lat' dir='ltr'>nobis.</span> 
     </span>
    </p>

    <p class='ocr_par' dir='ltr' id='par_1_28' title="bbox 1436 3141 2512 3540">
     <span class='ocr_line' id='line_1_147' title="bbox 1493 3141 2512 3194; baseline 0.003 -21"><span class='ocrx_word' id='word_1_1168' title='bbox 1493 3142 1548 3174; x_wconf 89' lang='lat' dir='ltr'>VI.</span> <span class='ocrx_word' id='word_1_1169' title='bbox 1571 3142 1624 3174; x_wconf 84' lang='lat' dir='ltr'>Ad</span> <span class='ocrx_word' id='word_1_1170' title='bbox 1646 3143 1784 3184; x_wconf 84' lang='lat' dir='ltr'>primam</span> <span class='ocrx_word' id='word_1_1171' title='bbox 1807 3143 1924 3174; x_wconf 79' lang='lat' dir='ltr'>harum</span> <span class='ocrx_word' id='word_1_1172' title='bbox 1938 3143 2168 3175; x_wconf 71' lang='lat' dir='ltr'>auctoritatum</span> <span class='ocrx_word' id='word_1_1173' title='bbox 2185 3141 2362 3194; x_wconf 78' lang='lat' dir='ltr'>respondet</span> <span class='ocrx_word' id='word_1_1174' title='bbox 2375 3141 2512 3176; x_wconf 59' lang='lat' dir='ltr'>Sumtus</span> 
     </span>
     <span class='ocr_line' id='line_1_148' title="bbox 1438 3185 2511 3238; baseline 0.001 -20"><span class='ocrx_word' id='word_1_1175' title='bbox 1438 3186 1594 3224; x_wconf 86' lang='lat' dir='ltr'>Thomas,</span> <span class='ocrx_word' id='word_1_1176' title='bbox 1614 3187 1819 3228; x_wconf 80' lang='lat' dir='ltr'>explanando</span> <span class='ocrx_word' id='word_1_1177' title='bbox 1833 3193 1979 3238; x_wconf 71' lang='lat' dir='ltr'>mentem</span> <span class='ocrx_word' id='word_1_1178' title='bbox 2001 3187 2183 3219; x_wconf 77' lang='lat' dir='ltr'>Aristotelis</span> <span class='ocrx_word' id='word_1_1179' title='bbox 2197 3187 2282 3219; x_wconf 83' lang='lat' dir='ltr'>circa</span> <span class='ocrx_word' id='word_1_1180' title='bbox 2305 3185 2511 3222; x_wconf 64' lang='lat' dir='ltr'>conditiones</span> 
     </span>
     <span class='ocr_line' id='line_1_149' title="bbox 1437 3229 2511 3273; baseline 0.001 -11"><span class='ocrx_word' id='word_1_1181' title='bbox 1437 3232 1603 3263; x_wconf 84' lang='lat' dir='ltr'>attributas</span> <span class='ocrx_word' id='word_1_1182' title='bbox 1618 3232 1798 3264; x_wconf 88' lang='lat' dir='ltr'>intellectui</span> <span class='ocrx_word' id='word_1_1183' title='bbox 1813 3232 1921 3273; x_wconf 81' lang='lat' dir='ltr'>agenti</span> <span class='ocrx_word' id='word_1_1184' title='bbox 1943 3232 1978 3263; x_wconf 88' lang='lat' dir='ltr'>in</span> <span class='ocrx_word' id='word_1_1185' title='bbox 1994 3232 2240 3272; x_wconf 85' lang='lat' dir='ltr'>comparatione</span> <span class='ocrx_word' id='word_1_1186' title='bbox 2254 3230 2295 3263; x_wconf 81' lang='lat' dir='ltr'>ad</span> <span class='ocrx_word' id='word_1_1187' title='bbox 2308 3229 2511 3263; x_wconf 80' lang='lat' dir='ltr'>intellectum</span> 
     </span>
     <span class='ocr_line' id='line_1_150' title="bbox 1438 3274 2510 3318; baseline 0 -11"><span class='ocrx_word' id='word_1_1188' title='bbox 1438 3277 1636 3317; x_wconf 85' lang='lat' dir='ltr'>possibilem,</span> <span class='ocrx_word' id='word_1_1189' title='bbox 1662 3276 1752 3318; x_wconf 90' lang='lat' dir='ltr'>quod</span> <span class='ocrx_word' id='word_1_1190' title='bbox 1774 3276 1965 3308; x_wconf 82' lang='lat' dir='ltr'>Aristoteles</span> <span class='ocrx_word' id='word_1_1191' title='bbox 1988 3285 2057 3308; x_wconf 88' lang='grc' dir='ltr'><em>ιιοιι</em></span> <span class='ocrx_word' id='word_1_1192' title='bbox 2079 3275 2159 3308; x_wconf 88' lang='lat' dir='ltr'>dixit</span> <span class='ocrx_word' id='word_1_1193' title='bbox 2188 3274 2389 3307; x_wconf 75' lang='lat' dir='ltr'>intellectum</span> <span class='ocrx_word' id='word_1_1194' title='bbox 2412 3283 2510 3315; x_wconf 74' lang='lat' dir='ltr'>agen-</span> 
     </span>
     <span class='ocr_line' id='line_1_151' title="bbox 1437 3319 2511 3362; baseline -0.001 -11"><span class='ocrx_word' id='word_1_1195' title='bbox 1437 3326 1504 3351; x_wconf 88' lang='lat' dir='ltr'>tem</span> <span class='ocrx_word' id='word_1_1196' title='bbox 1528 3330 1597 3352; x_wconf 87' lang='lat' dir='ltr'>esse</span> <span class='ocrx_word' id='word_1_1197' title='bbox 1619 3326 1802 3362; x_wconf 72' lang='lat' dir='ltr'>separaum</span> <span class='ocrx_word' id='word_1_1198' title='bbox 1826 3331 1845 3352; x_wconf 92' lang='lat' dir='ltr'>a</span> <span class='ocrx_word' id='word_1_1199' title='bbox 1867 3329 2015 3362; x_wconf 85' lang='lat' dir='ltr'>corpore,</span> <span class='ocrx_word' id='word_1_1200' title='bbox 2039 3319 2097 3352; x_wconf 85' lang='lat' dir='ltr'>sed</span> <span class='ocrx_word' id='word_1_1201' title='bbox 2110 3320 2151 3351; x_wconf 79' lang='lat' dir='ltr'>ab</span> <span class='ocrx_word' id='word_1_1202' title='bbox 2174 3328 2306 3360; x_wconf 75' lang='lat' dir='ltr'>organo</span> <span class='ocrx_word' id='word_1_1203' title='bbox 2324 3319 2511 3359; x_wconf 52' lang='lat' dir='ltr'>corpor-al&amp;</span> 
     </span>
     <span class='ocr_line' id='line_1_152' title="bbox 1437 3363 2511 3407; baseline -0.001 -11"><span class='ocrx_word' id='word_1_1204' title='bbox 1437 3365 1529 3406; x_wconf 90' lang='lat' dir='ltr'>quod</span> <span class='ocrx_word' id='word_1_1205' title='bbox 1552 3371 1584 3396; x_wconf 89' lang='lat' dir='ltr'>et</span> <span class='ocrx_word' id='word_1_1206' title='bbox 1606 3375 1703 3407; x_wconf 83' lang='lat' dir='ltr'>supra</span> <span class='ocrx_word' id='word_1_1207' title='bbox 1718 3366 1840 3398; x_wconf 88' lang='lat' dir='ltr'>dixerat</span> <span class='ocrx_word' id='word_1_1208' title='bbox 1855 3365 1896 3397; x_wconf 90' lang='lat' dir='ltr'>de</span> <span class='ocrx_word' id='word_1_1209' title='bbox 1918 3364 2085 3397; x_wconf 81' lang='lat' dir='ltr'>intellectu</span> <span class='ocrx_word' id='word_1_1210' title='bbox 2100 3363 2256 3405; x_wconf 81' lang='lat' dir='ltr'>possibili.</span> <span class='ocrx_word' id='word_1_1211' title='bbox 2278 3363 2379 3402; x_wconf 91' lang='lat' dir='ltr'>Quod</span> <span class='ocrx_word' id='word_1_1212' title='bbox 2394 3364 2511 3405; x_wconf 84' lang='lat' dir='ltr'>probat</span> 
     </span>
     <span class='ocr_line' id='line_1_153' title="bbox 1437 3408 2509 3451; baseline 0 -11"><span class='ocrx_word' id='word_1_1213' title='bbox 1437 3410 1498 3440; x_wconf 90' lang='lat' dir='ltr'>hac</span> <span class='ocrx_word' id='word_1_1214' title='bbox 1509 3411 1648 3442; x_wconf 88' lang='lat' dir='ltr'>ratione:</span> <span class='ocrx_word' id='word_1_1215' title='bbox 1667 3411 1754 3451; x_wconf 79' lang='lat' dir='ltr'>quia,</span> <span class='ocrx_word' id='word_1_1216' title='bbox 1767 3420 1844 3442; x_wconf 86' lang='lat' dir='ltr'>cum</span> <span class='ocrx_word' id='word_1_1217' title='bbox 1855 3419 1954 3451; x_wconf 81' lang='lat' dir='ltr'>agens</span> <span class='ocrx_word' id='word_1_1218' title='bbox 1965 3410 2006 3441; x_wconf 82' lang='lat' dir='ltr'>sit</span> <span class='ocrx_word' id='word_1_1219' title='bbox 2015 3408 2159 3440; x_wconf 84' lang='lat' dir='ltr'>nobilius</span> <span class='ocrx_word' id='word_1_1220' title='bbox 2170 3408 2312 3448; x_wconf 85' lang='lat' dir='ltr'>patiente</span> <span class='ocrx_word' id='word_1_1221' title='bbox 2323 3413 2356 3439; x_wconf 92' lang='lat' dir='ltr'>et</span> <span class='ocrx_word' id='word_1_1222' title='bbox 2367 3409 2509 3440; x_wconf 88' lang='lat' dir='ltr'>activum</span> 
     </span>
     <span class='ocr_line' id='line_1_154' title="bbox 1436 3453 2509 3495; baseline -0.001 -10"><span class='ocrx_word' id='word_1_1223' title='bbox 1436 3455 1580 3492; x_wconf 84' lang='lat' dir='ltr'>materia,</span> <span class='ocrx_word' id='word_1_1224' title='bbox 1604 3455 1631 3486; x_wconf 90' lang='lat' dir='ltr'>si</span> <span class='ocrx_word' id='word_1_1225' title='bbox 1654 3455 1835 3486; x_wconf 86' lang='lat' dir='ltr'>intellectus</span> <span class='ocrx_word' id='word_1_1226' title='bbox 1858 3453 2020 3495; x_wconf 82' lang='lat' dir='ltr'>possibilis</span> <span class='ocrx_word' id='word_1_1227' title='bbox 2043 3457 2091 3484; x_wconf 82' lang='lat' dir='ltr'>est</span> <span class='ocrx_word' id='word_1_1228' title='bbox 2117 3458 2280 3493; x_wconf 83' lang='lat' dir='ltr'>separatus</span> <span class='ocrx_word' id='word_1_1229' title='bbox 2311 3453 2351 3484; x_wconf 88' lang='lat' dir='ltr'>ab</span> <span class='ocrx_word' id='word_1_1230' title='bbox 2374 3461 2509 3494; x_wconf 76' lang='lat' dir='ltr'>organo,</span> 
     </span>
     <span class='ocr_line' id='line_1_155' title="bbox 1436 3497 2463 3540; baseline -0.002 -10"><span class='ocrx_word' id='word_1_1231' title='bbox 1436 3499 1542 3530; x_wconf 90' lang='lat' dir='ltr'>multo</span> <span class='ocrx_word' id='word_1_1232' title='bbox 1565 3500 1668 3540; x_wconf 85' lang='lat' dir='ltr'>magis</span> <span class='ocrx_word' id='word_1_1233' title='bbox 1691 3499 1874 3530; x_wconf 86' lang='lat' dir='ltr'>intellectus</span> <span class='ocrx_word' id='word_1_1234' title='bbox 1897 3506 1995 3538; x_wconf 81' lang='lat' dir='ltr'>agens</span> <span class='ocrx_word' id='word_1_1235' title='bbox 2010 3497 2070 3528; x_wconf 89' lang='lat' dir='ltr'>erit</span> <span class='ocrx_word' id='word_1_1236' title='bbox 2092 3497 2132 3527; x_wconf 83' lang='lat' dir='ltr'>ab</span> <span class='ocrx_word' id='word_1_1237' title='bbox 2148 3507 2272 3537; x_wconf 86' lang='lat' dir='ltr'>organo</span> <span class='ocrx_word' id='word_1_1238' title='bbox 2289 3503 2463 3538; x_wconf 84' lang='lat' dir='ltr'>separatus.</span> 
     </span>
    </p>

    <p class='ocr_par' dir='ltr' id='par_1_29' title="bbox 1436 3540 2509 3715">
     <span class='ocr_line' id='line_1_156' title="bbox 1494 3540 2509 3583; baseline -0.002 -8"><span class='ocrx_word' id='word_1_1239' title='bbox 1494 3553 1524 3574; x_wconf 90' lang='lat'>2.</span> <span class='ocrx_word' id='word_1_1240' title='bbox 1548 3544 1600 3575; x_wconf 79' lang='lat' dir='ltr'>Ad</span> <span class='ocrx_word' id='word_1_1241' title='bbox 1623 3543 1800 3575; x_wconf 77' lang='lat' dir='ltr'>secundam</span> <span class='ocrx_word' id='word_1_1242' title='bbox 1821 3541 1996 3583; x_wconf 77' lang='lat' dir='ltr'>respondet</span> <span class='ocrx_word' id='word_1_1243' title='bbox 2012 3540 2103 3582; x_wconf 90' lang='lat' dir='ltr'>quod</span> <span class='ocrx_word' id='word_1_1244' title='bbox 2125 3541 2203 3573; x_wconf 89' lang='lat' dir='ltr'>illud</span> <span class='ocrx_word' id='word_1_1245' title='bbox 2218 3551 2287 3573; x_wconf 88' lang='lat' dir='ltr'>non</span> <span class='ocrx_word' id='word_1_1246' title='bbox 2302 3547 2461 3583; x_wconf 84' lang='lat' dir='ltr'>repugnat</span> <span class='ocrx_word' id='word_1_1247' title='bbox 2477 3542 2509 3573; x_wconf 87' lang='lat' dir='ltr'>ei</span> 
     </span>
     <span class='ocr_line' id='line_1_157' title="bbox 1437 3586 2509 3628; baseline -0.003 -9"><span class='ocrx_word' id='word_1_1248' title='bbox 1437 3588 1527 3628; x_wconf 89' lang='lat' dir='ltr'>quod</span> <span class='ocrx_word' id='word_1_1249' title='bbox 1549 3589 1726 3620; x_wconf 86' lang='lat' dir='ltr'>substantia</span> <span class='ocrx_word' id='word_1_1250' title='bbox 1748 3588 1875 3619; x_wconf 85' lang='lat' dir='ltr'>animae</span> <span class='ocrx_word' id='word_1_1251' title='bbox 1897 3591 1945 3617; x_wconf 82' lang='lat' dir='ltr'>est</span> <span class='ocrx_word' id='word_1_1252' title='bbox 1974 3586 2008 3616; x_wconf 89' lang='lat' dir='ltr'>in</span> <span class='ocrx_word' id='word_1_1253' title='bbox 2031 3587 2187 3626; x_wconf 83' lang='lat' dir='ltr'>potentia,</span> <span class='ocrx_word' id='word_1_1254' title='bbox 2211 3591 2247 3617; x_wconf 90' lang='lat' dir='ltr'>ut</span> <span class='ocrx_word' id='word_1_1255' title='bbox 2271 3591 2438 3621; x_wconf 83' lang='lat' dir='ltr'>ostensum</span> <span class='ocrx_word' id='word_1_1256' title='bbox 2460 3591 2509 3618; x_wconf 83' lang='lat' dir='ltr'>est</span> 
     </span>
     <span class='ocr_line' id='line_1_158' title="bbox 1437 3625 2508 3674; baseline -0.001 -11"><span class='ocrx_word' id='word_1_1257' title='bbox 1437 3633 1542 3673; x_wconf 86' lang='lat' dir='ltr'>capite</span> <span class='ocrx_word' id='word_1_1258' title='bbox 1557 3625 1838 3674; x_wconf 81' lang='lat' dir='ltr'>praecedenti.1bi</span> <span class='ocrx_word' id='word_1_1259' title='bbox 1853 3630 1941 3662; x_wconf 86' lang='lat' dir='ltr'>enim</span> <span class='ocrx_word' id='word_1_1260' title='bbox 1956 3635 2125 3662; x_wconf 82' lang='lat' dir='ltr'>ostensum</span> <span class='ocrx_word' id='word_1_1261' title='bbox 2140 3636 2188 3662; x_wconf 89' lang='lat' dir='ltr'>est</span> <span class='ocrx_word' id='word_1_1262' title='bbox 2203 3630 2294 3672; x_wconf 88' lang='lat' dir='ltr'>quod</span> <span class='ocrx_word' id='word_1_1263' title='bbox 2308 3639 2378 3662; x_wconf 86' lang='lat' dir='ltr'>non</span> <span class='ocrx_word' id='word_1_1264' title='bbox 2392 3630 2508 3662; x_wconf 69' lang='lat' dir='ltr'>incon-</span> 
     </span>
     <span class='ocr_line' id='line_1_159' title="bbox 1436 3673 2506 3715; baseline 0 -9"><span class='ocrx_word' id='word_1_1265' title='bbox 1436 3678 1523 3708; x_wconf 92' lang='lat' dir='ltr'>venit</span> <span class='ocrx_word' id='word_1_1266' title='bbox 1539 3678 1680 3708; x_wconf 81' lang='lat' dir='ltr'>animam</span> <span class='ocrx_word' id='word_1_1267' title='bbox 1693 3685 1762 3707; x_wconf 87' lang='lat' dir='ltr'>esse</span> <span class='ocrx_word' id='word_1_1268' title='bbox 1773 3676 1807 3706; x_wconf 89' lang='lat' dir='ltr'>in</span> <span class='ocrx_word' id='word_1_1269' title='bbox 1824 3680 1898 3709; x_wconf 84' lang='lat' dir='ltr'>actu</span> <span class='ocrx_word' id='word_1_1270' title='bbox 1913 3680 1945 3706; x_wconf 89' lang='lat' dir='ltr'>et</span> <span class='ocrx_word' id='word_1_1271' title='bbox 1968 3675 2002 3706; x_wconf 87' lang='lat' dir='ltr'>in</span> <span class='ocrx_word' id='word_1_1272' title='bbox 2018 3676 2163 3715; x_wconf 86' lang='lat' dir='ltr'>potentia</span> <span class='ocrx_word' id='word_1_1273' title='bbox 2180 3675 2361 3707; x_wconf 89' lang='lat' dir='ltr'>secundum</span> <span class='ocrx_word' id='word_1_1274' title='bbox 2373 3673 2506 3706; x_wconf 79' lang='lat' dir='ltr'>diversa.</span> 
     </span>
    </p>
   </div>
   <div class='ocr_carea' id='block_1_15' title="bbox 2545 2036 2760 2066">
    <p class='ocr_par' dir='ltr' id='par_1_30' title="bbox 2545 2036 2760 2066">
     <span class='ocr_line' id='line_1_160' title="bbox 2545 2036 2760 2066; baseline 0.005 -7.075"><span class='ocrx_word' id='word_1_1275' title='bbox 2545 2036 2684 2066; x_wconf 58' lang='lat' dir='ltr'>qum„</span> <span class='ocrx_word' id='word_1_1276' title='bbox 2693 2043 2711 2065; x_wconf 83' lang='grc' dir='ltr'>ι,</span> <span class='ocrx_word' id='word_1_1277' title='bbox 2720 2043 2760 2060; x_wconf 77' lang='lat'>20.</span> 
     </span>
    </p>
   </div>
   <div class='ocr_carea' id='block_1_16' title="bbox 2544 2078 2763 2128">
    <p class='ocr_par' dir='ltr' id='par_1_31' title="bbox 2544 2078 2763 2128">
     <span class='ocr_line' id='line_1_161' title="bbox 2544 2078 2763 2128; baseline -0.005 -24.995"><span class='ocrx_word' id='word_1_1278' title='bbox 2544 2078 2673 2128; x_wconf 44' lang='lat' dir='ltr'>:ng-thiu</span> <span class='ocrx_word' id='word_1_1279' title='bbox 2690 2079 2763 2102; x_wconf 79' lang='lat' dir='ltr'>Gom-</span> 
     </span>
    </p>
   </div>
   <div class='ocr_carea' id='block_1_17' title="bbox 2540 2616 2725 2639">
    <p class='ocr_par' dir='ltr' id='par_1_32' title="bbox 2540 2616 2725 2639">
     <span class='ocr_line' id='line_1_162' title="bbox 2540 2616 2725 2639; baseline 0 0"><span class='ocrx_word' id='word_1_1280' title='bbox 2540 2617 2551 2627; x_wconf 83' lang='lat'><strong>·</strong></span> <span class='ocrx_word' id='word_1_1281' title='bbox 2565 2616 2604 2639; x_wconf 82' lang='grc' dir='ltr'>ΑΙ.</span> <span class='ocrx_word' id='word_1_1282' title='bbox 2618 2619 2675 2639; x_wconf 83' lang='lat' dir='ltr'>text.</span> <span class='ocrx_word' id='word_1_1283' title='bbox 2685 2622 2725 2639; x_wconf 74' lang='lat' dir='ltr'>ao.</span> 
     </span>
    </p>
   </div>
  </div>
 </body>
</html>
