2768 4134
751 285 939 322 SUMMA
968 286 1190 324 CONTRA
1218 287 1493 333 GENTILES,
1522 289 1616 325 LlB.
1638 289 1678 333 ΙΙ,
1709 289 1820 325 CAP.
1842 289 2011 325 LXXVI.

335 365 481 395 Decimo.
502 364 655 405 Sequitur
670 362 761 404 quod
775 364 953 404 intelligere
969 374 1036 395 non
1053 366 1094 396 sit
1112 367 1258 406 operatio
1275 376 1350 407 pro-

279 410 348 450 pria
371 414 403 439 et
425 408 577 439 naturalis
600 408 737 439 homini.
753 408 795 438 Et
810 408 856 438 sic
879 418 947 439 non
970 410 1089 449 poterit
1107 410 1233 441 definiri
1248 411 1350 441 homo

279 463 337 494 per
359 454 424 484 hoc
448 452 540 493 quod
567 457 615 483 est
637 452 852 483 intellectivus
879 458 911 483 et
941 454 1125 485 rationalis.
1149 472 1171 476 —
1193 455 1351 486 Probatur

279 498 522 538 consequentia.
543 496 630 535 Quia
643 497 790 537 operatio
807 506 906 537 quam
928 498 1030 528 homo
1055 505 1180 529 exercet
1202 499 1271 530 sola
1288 500 1351 530 vir—

278 548 348 573 tute
363 541 614 582 supernaturalis
630 541 836 578 substantiae,
854 547 901 572 est
921 543 1066 582 operatio
1083 544 1349 583 supernaturalis:

279 593 316 617 ut
338 586 493 617 miracula
515 584 621 615 facere
640 590 672 615 et
694 585 898 626 prophetare.
919 586 1055 617 Constat
1071 593 1179 618 autem
1204 588 1304 628 quod,
1324 589 1351 618 si

278 631 461 662 intellectus
484 638 592 670 agens,
616 630 685 659 sine
709 630 802 660 cuius
824 631 941 661 virtute
964 631 1066 662 homo
1089 632 1266 672 intelligere
1282 642 1351 663 non

278 680 396 716 potest,
412 676 452 705 sit
467 674 644 704 substantia
661 679 815 714 separata,
832 675 924 715 quod
947 681 994 706 est
1017 685 1114 716 supra
1137 677 1278 707 hominis
1293 686 1350 707 na-

278 726 393 752 turam.
418 719 505 759 Ergo
529 723 590 748 etc.

304 773 306 775 ’
333 763 475 795 Adverte
499 762 590 804 quod
613 761 735 802 aliquid
759 772 853 803 agere
876 763 945 794 sola
971 764 1087 795 virtute
1114 764 1350 805 supernaturali

278 808 437 848 contingit
452 806 584 848 quando
600 815 697 847 supra
712 807 864 838 virtutem
879 808 1059 839 naturalem
1075 809 1237 849 operantis
1258 809 1351 839 datur

277 853 338 883 sibi
352 853 453 883 virtus
477 850 518 882 ad
541 850 744 892 operandum
772 852 841 882 sine
870 861 935 893 qua
965 853 1112 893 operatio
1136 853 1258 893 expleri
1279 863 1349 884 non

276 902 396 937 posset.
421 896 463 927 Et
485 901 566 927 tunc
580 895 635 926 illa
650 897 797 936 operatio
814 905 883 927 non
898 902 1007 937 potest
1022 897 1086 928 dici
1103 898 1255 928 naturalis
1271 907 1350 938 ope-

276 942 374 972 ranti:
403 949 479 971 cum
501 949 571 970 non
601 940 757 980 procedat
784 941 947 981 complete
971 946 1003 972 et
1029 941 1224 972 sufficienter
1247 951 1266 972 a
1289 942 1350 972 vir-

275 991 346 1017 tute
369 985 441 1016 talis
464 985 638 1025 operantis.
663 985 837 1025 Propterea
853 986 977 1025 optime
993 986 1149 1026 sequitur,
1165 991 1202 1017 ut
1219 985 1351 1017 deducit

276 1030 413 1061 Sanctus
436 1029 593 1065 Thomas,
615 1029 707 1070 quod
722 1029 900 1069 intelligere
917 1030 976 1060 erit
991 1031 1139 1070 operatio
1155 1031 1281 1060 homini
1297 1040 1351 1061 su-

276 1074 497 1115 pernaturalis,
521 1074 547 1104 si
563 1073 746 1104 intellectus
761 1083 859 1114 agens
874 1074 914 1104 sit
929 1074 1106 1104 substantia
1122 1080 1276 1115 separata.
1297 1074 1349 1105 Sic

276 1120 364 1150 enim
387 1127 457 1149 non
475 1117 675 1158 producetur
696 1117 875 1158 intelligere
897 1118 937 1148 ab
959 1119 1095 1149 homine
1117 1127 1175 1158 per
1197 1119 1350 1150 virtutem

277 1164 346 1195 eius
367 1162 548 1194 naturalem
570 1162 734 1202 complete
757 1167 788 1192 et
811 1161 1016 1200 sufficienter,
1033 1162 1090 1193 sed
1105 1172 1190 1202 opus
1213 1164 1272 1194 erit
1287 1164 1348 1194 vir-

275 1213 344 1239 tute
367 1206 574 1248 superaddita
595 1206 706 1237 virtuti
728 1206 865 1237 naturali
888 1207 1000 1247 ipsius.

329 1252 415 1283 XVI.
444 1250 632 1282 Undecimo.
655 1250 770 1282 Homo
789 1251 941 1282 abstrahit
956 1251 1080 1291 species
1103 1261 1122 1281 a
1145 1251 1349 1291 phantasma-

274 1297 371 1334 tibus,
396 1301 428 1327 et
449 1295 564 1337 recipit
579 1300 689 1326 mente
704 1300 779 1326 actu
794 1295 1014 1336 intelligibilia.
1031 1295 1184 1333 Quorum
1207 1296 1350 1336 primum

274 1339 686 1382 pettinetad'intellectum
701 1344 869 1380 agentem;
893 1339 1074 1370 secundum
1096 1349 1174 1370 vero
1198 1339 1239 1371 ad
1256 1340 1350 1371 intel-

275 1385 398 1416 lectum
420 1383 619 1425 possibilem.
643 1383 730 1424 Ergo
754 1389 885 1424 oportet
915 1383 1117 1415 intellectum
1144 1389 1295 1424 agentem
1318 1389 1351 1414 et

274 1429 464 1470 possibilem
488 1438 557 1459 esse
580 1429 713 1459 virtutes
736 1429 771 1460 in
793 1428 888 1458 nobis
918 1428 1096 1459 formaliter
1122 1429 1302 1459 existentes.
1327 1446 1350 1451 —

274 1474 434 1505 Probatur
456 1472 660 1503 antecedens.
688 1472 775 1510 Quia
801 1482 869 1503 non
898 1473 988 1503 aliter
1010 1473 1210 1503 venissemus
1232 1473 1266 1502 in
1289 1482 1349 1503 no-

274 1519 378 1549 titiam
401 1518 516 1548 harum
540 1517 718 1553 actionum,
742 1517 803 1547 nisi
827 1526 880 1547 eas
903 1517 937 1547 in
961 1517 1056 1547 nobis
1080 1517 1308 1556 experiremur.
1327 1534 1350 1538 -

275 1561 521 1602 Consequentia
537 1561 635 1591 etiam
650 1561 815 1600 probatur.
833 1560 920 1598 Quia
935 1561 1016 1594 nihil
1032 1565 1194 1600 operatur,
1211 1566 1248 1591 ut
1262 1565 1351 1600 patet

275 1616 313 1637 ex
329 1606 357 1637 11
373 1605 413 1636 de
428 1605 556 1640 Anima,
574 1605 636 1635 nisi
651 1613 709 1645 per
731 1604 874 1644 aliquam
889 1605 1042 1635 virtutem
1061 1613 1144 1644 quae
1168 1605 1208 1635 sit
1231 1603 1350 1634 forma-

273 1651 345 1681 liter
366 1650 401 1680 in
423 1650 506 1689 ipso.

328 1694 400 1725 Hac
424 1694 548 1724 ratione
565 1701 643 1722 usus
659 1697 708 1722 est
730 1693 827 1722 etiam
847 1692 984 1722 Sanctus
999 1692 1146 1723 Thomas
1169 1693 1317 1732 superius
1333 1693 1350 1709 ὓ

238 1737 244 1744 ”
273 1738 316 1770 ad
335 1736 543 1780 probandum
565 1736 767 1767 intellectum
789 1736 979 1777 possibilem
997 1737 1032 1767 in
1054 1737 1151 1768 nobis
1173 1736 1350 1767 formaliter

273 1787 353 1820 esse,
378 1788 410 1814 et
432 1787 481 1813 est
502 1782 548 1812 ibi
570 1780 758 1821 plenissime
774 1780 942 1822 explicata.
959 1780 1036 1812 Ideo
1054 1781 1137 1812 circa
1156 1781 1260 1822 ipsam
1281 1790 1349 1812 non

274 1833 322 1859 est
343 1827 439 1858 nobis
461 1827 515 1857 hic
538 1825 792 1857 immorandum.

330 1871 364 1903 Si
379 1871 514 1907 dicatur,
530 1875 567 1900 ut
578 1870 738 1901 Averroes
754 1869 842 1905 dicit,
859 1869 950 1909 quod
967 1870 1045 1900 istae
1061 1870 1206 1900 actiones
1222 1869 1349 1900 homini

273 1916 487 1949 attribuantur
515 1915 711 1954 inquantum
744 1915 796 1945 isti
826 1914 1008 1944 intellectus
1035 1914 1130 1944 nobis
1157 1915 1350 1945 continuan-

273 1966 341 1992 tur:
365 1965 454 2001 patet
468 1958 602 2000 quidem
620 1958 661 1990 de
683 1958 850 1989 intellectu
865 1957 1012 1998 possibili
1028 1966 1066 1988 ex
1085 1958 1351 1998 praecedentibus

272 2004 367 2046 quod
389 2005 459 2035 eius
482 2003 684 2034 continuatio
715 2003 889 2034 nobiscum
916 2011 985 2033 non
1015 2001 1134 2033 sufficit
1159 2001 1201 2033 ad
1226 2002 1291 2033 hoc
1314 2007 1351 2033 ut

273 2058 334 2091 per
358 2049 468 2090 ipsum
497 2047 727 2088 intelligamus.
756 2046 821 2078 Sed
844 2051 876 2077 et
899 2046 939 2077 de
965 2046 1132 2078 intellectu
1161 2052 1276 2087 agente
1303 2056 1351 2077 ar-

274 2094 386 2135 guitur
406 2091 498 2134 qnod
519 2101 591 2124 non
612 2091 731 2122 sufficit
753 2091 794 2122 ad
817 2091 881 2122 hoe
907 2096 945 2122 ut
970 2100 1104 2132 agamus
1125 2092 1350 2132 operationem

274 2138 458 2170 intellectus
481 2137 615 2177 agentis.
638 2136 778 2167 Formae
800 2136 890 2166 enim
916 2136 990 2167 artis
1012 2145 1083 2166 non
1105 2140 1352 2176 consequuntur

275 2183 441 2215 actionem
464 2181 549 2218 artss,
565 2179 622 2212 sed
640 2180 747 2212 solum
771 2179 1016 2211 similitudinem
1031 2179 1219 2211 formalem:
1245 2185 1277 2211 et
1292 2189 1350 2220 per

276 2237 318 2258 eo
401 2235 483 2257 uens
498 2235 559 2256 nec
571 2225 755 2256 subiectum
767 2233 878 2255 earum
894 2229 1003 2266 potest
1016 2233 1075 2264 per
1086 2225 1171 2265 ipsas
1186 2225 1350 2255 actionem

275 2270 407 2303 artificis
429 2270 545 2301 facere.
569 2269 657 2310 Ergo
672 2278 735 2300 nec
749 2269 863 2305 homo,
879 2277 939 2309 per
953 2268 1017 2299 hoc
1034 2267 1124 2309 quod
1141 2269 1176 2299 in
1198 2269 1272 2310 ipso
1288 2269 1351 2299 sint

276 2317 402 2359 species
424 2314 643 2355 intelligibiles
666 2313 769 2344 factae
784 2313 824 2344 ab
840 2313 1009 2344 intellectu
1031 2318 1160 2353 agente,
1181 2318 1290 2354 potest
1304 2312 1351 2343 fa-

277 2370 351 2393 cee
365 2359 592 2401 operationem
603 2358 788 2390 intellectus
798 2358 931 2398 agentis.
942 2375 965 2380 —
977 2357 1135 2389 Probatur
1146 2367 1351 2398 consequen-

276 2407 331 2438 tia.
355 2405 452 2444 Quia,
476 2402 660 2435 secundum
681 2402 863 2434 Aristotelis
887 2402 1086 2443 exemplum,
1107 2402 1150 2432 111
1165 2402 1205 2433 de
1219 2402 1350 2438 Anima,

277 2454 484 2490 comparatur
505 2447 688 2479 intellectus
704 2456 801 2487 agens
825 2445 865 2478 ad
887 2447 1012 2487 species
1030 2446 1247 2487 intelligibiles
1269 2447 1352 2477 sicut

277 2504 327 2525 ars
351 2493 392 2524 ad
415 2493 536 2523 formas
559 2490 750 2523 artificiales.
1037 2528 1043 2533 ,

336 2547 366 2569 2.
391 2537 487 2568 Circa
509 2536 593 2567 hanc
615 2535 886 2576 propositionem,
909 2534 1054 2566 For-mae
1074 2535 1157 2566 artis
1180 2545 1246 2565 non
1274 2545 1352 2566 con-

276 2587 460 2624 sequantur
482 2581 647 2612 actionem
671 2580 764 2616 artis,
791 2580 850 2610 sed
877 2581 984 2611 solum
1013 2579 1256 2610 §ualitudinem
1271 2580 1352 2621 sor-

279 2628 408 2663 malem,
432 2624 705 2657 considerandum
728 2624 820 2665 quod
845 2624 985 2656 formam
1007 2625 1166 2664 consequi
1188 2625 1352 2655 actionem

278 2673 330 2704 sui
352 2671 504 2712 principii
526 2669 670 2702 formalis
689 2668 884 2710 productivi,
901 2674 938 2700 ut
952 2669 1017 2700 hoc
1033 2669 1068 2700 in
1090 2668 1165 2699 loco
1185 2669 1351 2709 accipitur,

279 2722 330 2748 est
349 2717 455 2758 ipsam
470 2714 638 2746 assimilari
652 2714 814 2756 principio
830 2713 959 2745 formali
974 2713 1008 2744 in
1030 2713 1147 2744 virtute
1171 2711 1296 2753 agendi,
1315 2718 1352 2743 ut

279 2761 402 2792 scilicet
423 2759 528 2801 possit
549 2768 622 2790 eam
645 2759 808 2789 actionem
830 2758 1012 2800 producere
1031 2766 1130 2798 quam
1146 2766 1243 2788 suum
1266 2757 1352 2797 prin-

281 2806 405 2846 cipium
428 2803 564 2835 formale
587 2808 697 2844 potest
711 2802 847 2833 efficere.
865 2802 901 2832 In
916 2803 981 2833 hoc
996 2807 1105 2832 autem
1122 2800 1273 2832 differunt
1287 2800 1353 2831 for-

280 2859 353 2880 mae
376 2859 395 2879 a
417 2853 532 2879 natura
549 2847 739 2888 productae,
763 2852 796 2878 et
819 2846 942 2877 formae
958 2845 1139 2887 productae
1160 2855 1218 2886 per
1241 2850 1352 2881 artem,

280 2895 359 2935 quia
380 2893 507 2925 formae
521 2892 702 2933 productae
718 2901 736 2923 a
750 2897 875 2927 natura,
890 2891 975 2922 sicut
990 2890 1207 2922 assimilantur
1227 2889 1353 2921 formae

280 2938 493 2980 productivae
508 2936 690 2968 secundum
706 2937 866 2968 rationem
881 2935 1062 2971 formalem,
1079 2935 1122 2965 ita
1141 2934 1355 2965 assimilantur

280 2984 327 3016 illi
351 2987 512 3025 quantum
535 2981 577 3014 ad
597 2981 737 3013 modum
761 2979 902 3011 essendi:
927 2979 1031 3011 forma
1061 2980 1149 3010 enim
1171 2979 1255 3019 ignis
1277 2987 1354 3019 pro-

281 3027 440 3063 ducentis,
466 3031 498 3057 et
520 3025 626 3057 forma
640 3026 723 3066 ignis
738 3024 900 3066 producti,
917 3024 1037 3055 habent
1051 3022 1193 3054 eundem
1216 3022 1355 3053 modum

281 3071 420 3103 essendi.
444 3071 487 3101 Et
509 3070 583 3101 ideo
608 3071 693 3101 actio
717 3079 801 3110 quae
830 3069 1042 3109 consequitur
1069 3067 1209 3098 formam
1233 3066 1354 3108 produ-

281 3122 422 3152 centem,
446 3116 660 3156 consequitur
674 3115 771 3145 etiam
794 3113 934 3144 formam
949 3112 1157 3153 productam:
1179 3113 1256 3152 qnia
1271 3121 1354 3152 quae

281 3166 359 3192 sunt
380 3159 528 3191 eiusdem
553 3160 687 3191 rationis
717 3164 751 3190 et
780 3158 926 3190 eiusdem
957 3157 1049 3189 modi
1072 3156 1208 3193 essendi,
1236 3157 1356 3188 habent

283 3205 414 3239 easdem
425 3206 651 3246 operationem
667 3204 751 3235 sieut
766 3204 854 3234 enim
869 3202 974 3234 forma
985 3203 1067 3242 ignis
1077 3201 1288 3243 producentis
1304 3210 1356 3232 ca-

282 3250 391 3284 lefacit
414 3254 446 3281 et
469 3250 618 3285 exsiccat,
641 3249 685 3280 ita
700 3248 805 3279 forma
820 3248 902 3287 ignis
917 3246 1080 3288 producti.
1095 3246 1234 3278 Formae
1246 3251 1356 3277 autem

283 3294 462 3337 productae
477 3303 535 3335 per
559 3299 670 3330 artem,
693 3294 769 3323 licet
792 3290 1006 3322 assimilentur
1029 3291 1087 3321 arti
1111 3289 1292 3321 secundum
1315 3290 1357 3320 si-

279 3338 502 3371 militudinem
517 3338 698 3374 formalem,
722 3338 918 3378 inquantum
940 3334 1091 3366 videlicet
1112 3340 1189 3365 sunt
1212 3334 1357 3365 eiusdem

284 3383 416 3414 rationis
439 3392 516 3414 cum
542 3384 622 3424 ipsa,
646 3392 715 3413 non
738 3387 847 3414 tamen
870 3380 1085 3411 assimilantur
1107 3379 1153 3410 illi
1175 3378 1356 3410 secundum

284 3427 426 3461 modum
438 3427 583 3458 essendi:
599 3437 678 3458 cum
700 3436 749 3457 ars
764 3427 880 3457 habeat
895 3434 964 3456 esse
982 3423 1196 3456 ixumaoeriale
1209 3429 1242 3454 et
1263 3423 1357 3455 intel-

284 3471 435 3508 lectuale,
449 3471 555 3504 forma
569 3478 679 3504 autem
694 3481 753 3512 per
768 3476 868 3503 artem
884 3468 1041 3510 producta
1064 3468 1181 3500 habeat
1204 3477 1274 3500 esse
1288 3477 1356 3499 ma-

283 3516 406 3547 teriale.
430 3516 473 3547 Et
496 3515 572 3547 ideo
595 3526 663 3547 non
695 3521 826 3556 oportet
849 3520 885 3545 ut
913 3513 1059 3554 operatio
1088 3513 1161 3543 artis
1185 3513 1358 3543 conveniat

284 3560 411 3592 formae
435 3560 614 3601 productae
637 3570 695 3602 per
718 3566 832 3591 artem:
857 3569 924 3590 non
949 3559 1046 3594 enim,
1071 3558 1154 3587 sicut
1180 3566 1229 3586 ars
1252 3556 1357 3587 domi-

284 3604 404 3636 ficandi
429 3610 476 3635 est
498 3605 696 3645 principium
719 3605 855 3635 formale
883 3613 950 3644 quo
982 3601 1092 3633 artifex
1123 3600 1260 3632 domum
1282 3609 1357 3641 pro-

286 3649 386 3686 ducit,
403 3651 446 3680 ita
469 3649 574 3680 forma
590 3649 710 3681 domus
724 3650 758 3680 in
774 3649 906 3680 materia
921 3646 1080 3688 producta
1097 3651 1144 3676 est
1162 3645 1357 3686 principium

1374 1383 1384 3036 ,ΜΨ

2398 291 2475 338 487

1404 366 1538 398 formale
1563 377 1630 407 quo
1655 377 1720 398 una
1747 367 1865 398 domus
1888 367 2046 407 producat
2074 368 2170 398 aliam
2198 367 2344 399 domum.
2369 369 2477 400 Huius

1404 415 1513 442 autem
1536 412 1618 442 ratio
1642 418 1690 442 est
1713 412 1789 451 quia
1811 412 1865 442 illa
1888 412 2035 451 operatio
2058 421 2128 442 non
2151 413 2389 444 concomitatur
2412 413 2477 445 for-

1404 465 1491 486 mam
1515 456 1589 486 artis
1612 455 1792 486 secundum
1813 465 1909 486 suum
1931 465 1999 486 esse
2022 456 2195 493 materiale,
2219 456 2276 488 sed
2298 463 2425 488 tantum
2441 464 2477 489 ut

1403 500 1500 530 habet
1516 509 1585 530 esse
1600 500 1809 530 immateriale
1826 506 1858 530 et
1873 500 2090 540 intelligibile:
2111 500 2202 540 quod
2221 510 2289 532 esse
2305 511 2374 532 non
2397 511 2476 533 con-

1403 544 1492 574 venit
1514 543 1638 574 formae
1662 545 1736 574 artis
1751 549 1788 574 ut
1804 549 1851 574 est
1866 545 1900 574 in
1916 545 2058 575 materia.
2076 544 2152 575 Ideo
2169 546 2251 576 bene
2274 546 2381 586 inquit
2396 546 2475 577 San-

1404 594 1474 618 ctus
1493 588 1638 618 Thomas
1655 587 1747 628 quod
1759 589 1879 629 forma
1902 589 1985 619 artis
2001 598 2066 619 non
2083 590 2292 630 consequitur
2314 591 2475 621 actionem

1403 633 1496 668 artis,
1520 632 1578 663 sed
1601 637 1727 663 tantum
1749 632 1994 663 similitudinem
2008 633 2210 674 formalem:
2233 634 2324 671 idest,
2341 645 2409 666 non
2425 645 2474 666 as·

1403 677 1561 707 similatur
1584 677 1642 707 arti
1665 677 1699 706 in
1723 675 1901 716 operand0‚
1918 677 1975 707 sed
1990 682 2116 707 tanturn
2132 678 2166 708 in
2189 679 2313 709 ratione
2336 679 2474 710 formali.

1459 721 1558 751 XVII.
1575 721 1696 751 Ultimo
1704 720 1937 761 principaliter
1951 721 2116 762 arguitur.
2134 721 2167 753 Si
2182 722 2362 753 intellectus
2378 733 2475 764 agens

1403 766 1443 796 sit
1466 766 1642 796 substantia
1657 770 1810 805 separata,
1830 766 1976 805 sequitur
1992 765 2081 805 quod
2099 766 2200 796 homo
2224 776 2292 797 non
2315 768 2355 798 sit
2378 777 2475 808 agens

1403 811 1557 850 seipsum,
1574 809 1631 840 sed
1646 814 1736 840 actus
1752 810 1791 840 ab
1808 809 1883 841 alio.
1900 809 1941 840 Et
1956 810 2002 840 sic
2017 819 2085 840 non
2102 810 2160 840 erit
2176 810 2328 841 dominus
2343 821 2474 843 suarum

1404 855 1646 895 operationum;
1668 859 1700 884 et
1722 863 1791 884 non
1814 854 1990 885 merebitur
2004 853 2142 896 ‘laudem
2159 859 2191 884 et
2206 855 2418 894 vituperium;
2442 862 2474 887 et

1404 899 1450 929 sic
1472 899 1589 939 peribit
1615 899 1747 928 scientia
1769 898 1900 929 moralis
1929 904 1960 928 et
1990 899 2192 929 conversatio
2216 899 2327 929 civilis.
2351 917 2374 921 —
2396 900 2474 930 Pro-

1404 943 1497 974 batur
1520 943 1763 983 consequentia.
1788 942 1875 980 Quia
1898 942 1990 982 quod
2013 952 2081 973 non
2104 948 2212 982 potest
2236 943 2320 974 exire
2343 944 2376 974 in
2400 954 2475 984 pro-

1404 988 1507 1027 priam
1531 987 1756 1028 operationem
1778 987 1840 1017 nisi
1863 996 1921 1026 per
1943 987 2008 1017 hoc
2032 986 2123 1027 quod
2151 992 2303 1018 movetur
2326 987 2365 1017 ab
2389 993 2474 1019 exte-

1403 1032 1480 1062 riori
1503 1032 1675 1072 principio,
1691 1031 1794 1071 magis
1810 1031 1913 1071 agitur
1928 1030 1968 1062 ad
1983 1031 2186 1072 operandum
2210 1040 2309 1071 quam
2331 1033 2475 1072 seipsum

1404 1081 1490 1116 agat:
1516 1081 1552 1106 ut
1567 1081 1656 1116 patet
1671 1076 1705 1106 in
1719 1075 2000 1112 irrationabilibus,
2018 1085 2112 1116 quae,
2129 1086 2147 1106 a
2162 1076 2365 1106 sensibilibus
2389 1082 2475 1107 exte—

1402 1120 1542 1150 rioribus
1571 1129 1629 1160 per
1658 1129 1814 1150 sensuum
1845 1120 2029 1150 motionem
2060 1119 2174 1151 ordine
2202 1120 2346 1160 quodam
2373 1126 2474 1157 mota,

1403 1165 1505 1205 magis
1528 1169 1667 1204 aguntur
1690 1173 1789 1204 quam
1816 1165 1921 1204 seipsa
1950 1170 2060 1204 agunt.
2092 1164 2271 1204 Intelligere
2295 1170 2403 1195 autem
2427 1171 2475 1196 est

1402 1209 1533 1249 propria
1556 1209 1698 1239 hominis
1722 1209 1880 1248 operatio,
1897 1209 1990 1240 cuius
2013 1208 2190 1249 principale
2213 1209 2411 1249 principium
2427 1214 2475 1240 est

1402 1253 1586 1284 intellectus
1615 1262 1723 1292 agens
1756 1253 1812 1292 qui
1843 1252 1919 1283 facit
1950 1253 2074 1293 species
2101 1252 2317 1292 intelligibiles
2340 1259 2425 1289 actu,
2456 1264 2475 1284 a

1404 1297 1522 1338 quibus
1545 1296 1794 1338 quodammodo
1818 1302 1968 1327 movetur
1993 1297 2174 1328 intellectus
2198 1297 2372 1337 possibilis:
2393 1297 2475 1328 idest

1403 1342 1551 1372 motione
1574 1341 1712 1377 forman,
1737 1350 1820 1381 quae
1845 1347 1893 1371 est
1916 1342 2057 1372 actuatio
2081 1342 2265 1381 susceptivi.

1457 1385 1571 1416 XVIII.
1596 1385 1690 1416 Circa
1713 1386 1796 1416 hanc
1819 1386 1979 1416 rationem
1993 1385 2061 1416 duo
2077 1391 2252 1416 occurrunt
2276 1385 2382 1416 dubia.
2407 1386 2474 1415 Pri-

1403 1439 1495 1461 mum
1519 1435 1567 1460 est
1582 1430 1668 1470 quia,
1682 1430 1707 1459 si
1723 1429 1798 1460 ideo
1814 1435 1949 1470 negatur
1964 1430 2057 1460 bruta
2073 1439 2166 1469 agere
2181 1431 2285 1469 seipsa
2301 1429 2342 1460 ad
2360 1439 2476 1470 opera-

1402 1476 1527 1505 tionem
1540 1475 1617 1514 quia
1627 1484 1696 1504 non
1714 1479 1850 1513 possunt
1862 1475 1988 1514 operari
2003 1475 2066 1504 nisi
2081 1479 2273 1504 moveantur
2285 1484 2302 1504 a
2314 1474 2474 1514 principio

1403 1519 1554 1550 exteriori
1580 1518 1671 1558 quod
1694 1523 1742 1548 est
1764 1519 1872 1558 ipsum
1895 1518 2054 1554 sensibile,
2084 1517 2197 1548 eadem
2219 1519 2354 1554 ratione,
2379 1519 2475 1548 etiam

1403 1564 1429 1593 si
1445 1562 1628 1593 intellectus
1645 1572 1742 1602 agens
1766 1567 1907 1602 ponatur
1922 1563 1955 1593 in
1971 1563 2104 1593 homine
2121 1572 2200 1598 esse,
2217 1568 2370 1602 sequetur
2385 1562 2476 1603 quod

1403 1608 1505 1638 homo
1522 1612 1632 1647 agatur
1649 1606 1689 1637 ad
1705 1605 1924 1646 operandum:
1943 1607 2019 1647 quia
2033 1616 2101 1636 non
2118 1612 2225 1646 potest
2240 1607 2365 1646 operari
2377 1616 2476 1646 opere

1403 1657 1560 1691 sequente
1584 1651 1808 1690 cognitionem
1831 1651 1893 1680 nisi
1908 1651 1948 1680 ab
1964 1651 2114 1681 exteriori
2133 1650 2274 1681 sensibili
2297 1656 2476 1681 moveatur.

1404 1695 1445 1726 Et
1468 1696 1515 1726 sie
1537 1696 1596 1725 ista
1619 1695 1701 1724 ratio
1725 1704 1794 1724 non
1817 1695 1920 1734 magis
1944 1695 2002 1725 erit
2033 1700 2144 1724 contra
2167 1699 2326 1734 ponentes
2352 1695 2477 1725 intelle-

1404 1745 1494 1770 ctum
1518 1748 1587 1770 esse
1610 1739 1819 1769 substantiam
1844 1744 2033 1779 separatam,
2061 1748 2160 1778 quam
2183 1744 2295 1769 contra
2318 1744 2477 1778 ponentes

1403 1785 1513 1824 ipsum
1536 1784 1663 1814 animae
1682 1788 1806 1823 partem
1831 1792 1910 1813 esse.

1460 1826 1648 1860 Secundum
1672 1833 1720 1858 est
1743 1828 1830 1868 quia,
1855 1827 1951 1858 etiam
1968 1828 1994 1858 si
2010 1827 2192 1857 intellectus
2217 1836 2313 1867 agens
2337 1832 2478 1867 ponatur

1404 1873 1437 1903 in
1461 1873 1578 1908 anima,
1602 1873 1672 1912 ipsa
1695 1877 1744 1902 est
1766 1871 1807 1902 de
1830 1872 2020 1902 necessitate
2037 1881 2150 1911 agens:
2167 1881 2235 1901 non
2260 1872 2347 1901 enim
2370 1876 2478 1911 potest

1403 1926 1472 1947 non
1495 1917 1677 1947 illuminare
1703 1916 1927 1956 phantasmata
1950 1921 2147 1956 praeparata.
2175 1916 2216 1945 Et
2239 1916 2285 1945 sic
2308 1916 2405 1946 etiam
2428 1925 2478 1945 se-

1404 1966 1532 2001 quetur,
1557 1960 1633 1991 dato
1653 1959 1744 2000 quod
1767 1961 1808 1990 sit
1830 1960 1864 1990 in
1888 1961 1993 1997 nobis,
2010 1960 2100 2000 quod
2123 1961 2226 1990 homo
2242 1969 2310 1990 non
2333 1959 2477 1999 seipsum

1404 2011 1486 2046 agat,
1506 2004 1563 2035 sed
1578 2010 1706 2035 tantum
1722 2014 1740 2035 a
1756 2004 1851 2035 dante
1874 2004 2052 2035 intellectui
2068 2004 2174 2044 agenti
2190 2004 2370 2035 naturalem
2385 2004 2476 2034 incli-

1403 2050 1571 2080 nationem
1586 2048 1628 2080 ad
1642 2048 1829 2080 illustranda
1844 2049 2081 2089 phantasmata:
2099 2049 2182 2080 sicut
2197 2053 2229 2079 et
2244 2048 2305 2078 alia
2320 2048 2476 2078 naturalia

1403 2094 1555 2126 dicuntur
1577 2094 1704 2124 moveri
1719 2103 1736 2124 a
1752 2093 1847 2124 dante
1863 2092 2003 2124 formam
2026 2102 2084 2133 per
2107 2102 2206 2133 quam
2229 2092 2413 2123 naturaliter
2428 2089 2478 2122 in-'

1404 2139 1564 2170 clinantur
1587 2137 1627 2169 ad
1650 2143 1789 2169 motum.
1812 2137 1854 2168 Et
1877 2138 1923 2168 sic
1946 2138 2092 2178 sequitur
2114 2137 2202 2168 idem
2218 2135 2308 2176 quod
2331 2137 2430 2176 prius.

1459 2182 1543 2214 XIX.
1553 2182 1605 2214 Ad
1614 2183 1734 2213 horum
1746 2181 1951 2218 evidentiam,
1964 2181 2133 2212 sciendum
2145 2180 2246 2222 quod,
2259 2190 2335 2211 cum
2348 2190 2477 2211 movere

1402 2237 1437 2258 se
1448 2227 1493 2258 ad
1503 2227 1725 2268 operationem
1739 2231 1771 2257 et
1781 2227 1900 2257 habere
1910 2226 2090 2256 dominium
2101 2235 2237 2257 suarum
2250 2226 2476 2265 operationum

1403 2281 1464 2313 pro
1481 2271 1598 2303 eodem
1613 2272 1667 2302 hic
1683 2271 1875 2312 accipiatur3
1891 2270 2009 2301 habere
2025 2275 2135 2301 autem
2147 2269 2330 2301 dominium
2345 2277 2477 2300 suarum

1405 2317 1635 2357 operationum
1658 2316 1699 2346 sit
1719 2315 1903 2346 voluntarie
1925 2315 2062 2355 operari,
2079 2314 2170 2355 quod
2188 2319 2236 2345 est
2259 2314 2387 2354 operari
2400 2323 2476 2344 cum

1404 2361 1550 2392 libertate
1573 2370 1639 2401 qua
1661 2369 1800 2401 operans
1823 2365 1932 2400 potest
1958 2359 2086 2399 operari
2108 2364 2140 2389 et
2168 2368 2237 2390 non
2269 2358 2411 2399 operari:
2436 2357 2477 2388 ad

1404 2404 1582 2437 videndum
1594 2403 1765 2445 quomodo
1782 2404 1929 2444 sequitur
1941 2403 2032 2443 quod
2046 2404 2149 2434 homo
2165 2412 2235 2434 non
2247 2408 2319 2443 agat
2333 2403 2477 2443 seipsum

1405 2449 1446 2481 ad
1469 2449 1673 2490 operandum
1688 2450 1715 2479 si
1730 2449 1913 2479 intellectus
1929 2448 1970 2478 sit
1989 2448 2164 2478 substantia
2188 2452 2342 2487 separata,
2365 2445 2477 2477 viden—

1406 2493 1485 2525 dum
1501 2499 1549 2525 est
1565 2492 1736 2535 quomodo
1753 2502 1792 2524 ex
1810 2492 1867 2524 ino
1884 2497 2038 2532 sequatur
2054 2491 2145 2532 quod
2159 2492 2262 2522 homo
2277 2501 2346 2522 non
2362 2490 2478 2521 habeat

1405 2539 1440 2569 in
1462 2543 1623 2579 potestate
1645 2547 1704 2568 sua
1727 2537 1854 2578 operari
1878 2541 1910 2567 et
1932 2545 2001 2566 non
2025 2536 2160 2576 operari.
2188 2534 2365 2566 Sciendum
2388 2544 2476 2575 ergo,

1406 2592 1445 2614 ex
1468 2582 1614 2614 domina
1637 2581 1747 2613 Sancti
1769 2580 1920 2611 Thomae
1935 2581 1947 2610 I
1965 2581 2029 2616 11⁸²,
2046 2590 2079 2620 q.
2095 2590 2126 2610 vr
2137 2581 2166 2616 *,
2182 2579 2275 2620 quod
2287 2579 2328 2610 ad
2351 2580 2415 2610 hoc
2439 2584 2476 2610 ut

1405 2628 1522 2659 habeat
1537 2625 1659 2666 aliquid
1681 2626 1716 2656 in
1731 2635 1790 2657 sua
1807 2625 1958 2656 facultate
1977 2625 2103 2665 operari
2120 2630 2152 2655 et
2170 2633 2238 2654 non
2257 2624 2394 2663 operari,
2417 2624 2477 2653 tria

1405 2672 1628 2713 requiruntur:
1644 2670 1787 2712 primum
1799 2675 1857 2706 est,
1869 2668 1961 2710 quod
1978 2669 2094 2699 habeat
2108 2669 2142 2699 in
2158 2669 2265 2708 seipso
2280 2668 2477 2709 principium

1405 2715 1556 2758 propriae
1579 2714 1788 2756 operationis;
1814 2713 2004 2749 secundum,
2029 2711 2120 2754 quod
2139 2712 2254 2742 habeat
2276 2712 2423 2742 notitiam
2439 2710 2477 2741 fi-

1406 2761 1470 2796 nis;
1495 2760 1636 2795 tertium,
1653 2757 1744 2800 quod
1767 2762 1944 2798 cognoscat
1966 2758 2125 2787 rationem
2147 2756 2221 2787 finis
2237 2761 2269 2787 et
2291 2756 2477 2796 proportio-

1406 2813 1483 2835 nem
1499 2804 1568 2834 eius
1585 2802 1676 2843 quod
1699 2802 1864 2834 ordinatur
1881 2801 1921 2832 ad
1943 2801 2054 2832 finem.
2078 2801 2120 2831 Et
2142 2800 2218 2831 ideo
2243 2800 2476 2840 quodcumque

1406 2849 1526 2882 horum
1545 2847 1673 2879 deficiat
1695 2848 1728 2878 in
1752 2847 1875 2887 aliquo,
1890 2845 1971 2877 illud
1994 2854 2063 2876 non
2077 2845 2174 2876 habet
2196 2846 2230 2875 in
2254 2844 2405 2876 facultate
2419 2853 2477 2874 sua

1407 2893 1532 2933 operari
1549 2897 1582 2924 et
1603 2901 1673 2923 non
1696 2892 1834 2932 operari.
1857 2891 2057 2930 Principium
2080 2895 2190 2921 autem
2208 2889 2406 2929 operationis
2428 2889 2478 2919 in-

1407 2937 1584 2979 telligimus
1596 2936 1774 2978 principale
1790 2936 1989 2976 principium
2003 2934 2098 2965 illius.
2122 2933 2175 2964 Ad
2192 2934 2256 2965 hoc
2280 2934 2367 2964 enim
2387 2931 2477 2972 quod

1408 2980 1531 3023 aliquid
1552 2981 1669 3013 habeat
1684 2981 1718 3011 in
1733 2984 1892 3020 potestate
1909 2989 1966 3009 sua
1983 2979 2109 3020 operari
2125 2983 2157 3008 et
2171 2987 2239 3008 non
2257 2977 2392 3017 operari,
2409 2986 2478 3007 non

1408 3024 1526 3057 sufficit
1549 3024 1639 3067 quod
1661 3025 1777 3055 habeat
1800 3024 2041 3065 qualecumque
2064 3022 2260 3064 principium
2288 3022 2320 3052 in
2345 3030 2379 3051 se
2401 3030 2478 3060 pro-

1408 3070 1496 3111 priae
1520 3070 1735 3110 operationis:
1753 3069 1828 3109 quia
1844 3069 1870 3099 si
1891 3066 1963 3098 vnon
1978 3068 2075 3098 habet
2089 3065 2265 3107 principale
2282 3065 2477 3105 principium

1408 3116 1442 3145 in
1465 3123 1510 3151 se,
1526 3122 1660 3145 necesse
1675 3118 1723 3144 est
1745 3112 1837 3153 quod
1853 3114 1924 3143 eius
1946 3113 2073 3152 operari
2088 3111 2128 3141 ab
2152 3111 2215 3141 alio
2240 3108 2430 3149 dependeat,
2447 3115 2478 3139 et

1409 3168 1467 3199 per
1489 3167 1695 3199 consequens
1709 3167 1778 3189 non
1796 3157 1894 3188 habet
1907 3157 1942 3186 in
1965 3161 2124 3196 potestate
2148 3165 2205 3186 sua
2221 3155 2346 3194 operari
2362 3159 2395 3184 et
2408 3162 2478 3184 non

1409 3204 1545 3244 operari.
1562 3203 1604 3234 Et
1626 3203 1654 3233 si
1668 3202 1799 3243 propria
1814 3202 1883 3232 eius
1902 3201 2059 3240 operatio,
2076 3209 2159 3240 quae
2183 3199 2303 3230 scilicet
2325 3198 2478 3229 convenit

1409 3248 1470 3278 sibi
1491 3248 1687 3289 inquantum
1710 3246 1782 3282 tale,
1802 3255 1868 3276 non
1892 3245 2061 3285 proveniat
2084 3254 2102 3274 a
2124 3243 2285 3284 principio
2309 3240 2478 3283 principali

1409 3291 1494 3322 illius
1512 3291 1697 3326 intrinseco,
1717 3290 1863 3320 absolute
1879 3298 1992 3319 verum
2014 3293 2061 3319 est
2084 3287 2172 3318 dictu
2196 3286 2286 3327 quod
2308 3285 2388 3317 illud
2409 3295 2479 3316 non

1410 3340 1522 3366 movet
1544 3345 1578 3366 se
1601 3334 1641 3366 ad
1657 3333 1869 3375 operandum,
1889 3333 1947 3364 sed
1961 3331 2052 3372 quod
2074 3332 2187 3372 agitur.
2211 3330 2315 3367 Unde,
2339 3331 2415 3370 quia
2429 3331 2479 3360 in-

1409 3380 1554 3420 telligere
1576 3385 1624 3410 est
1646 3379 1777 3419 propria
1795 3378 1943 3417 operatio
1965 3377 2117 3412 hominis,
2140 3381 2255 3415 utpote
2277 3375 2338 3405 sibi
2361 3382 2479 3405 conve-

1410 3425 1503 3456 niens
1525 3425 1721 3465 inquantum
1744 3428 1792 3453 αεὶ
1821 3423 1934 3457 homo,
1960 3426 1992 3451 et
2014 3430 2031 3451 a
2054 3430 2120 3460 qua
2147 3425 2297 3451 movetur
2319 3418 2478 3455 voluntas,

1411 3478 1495 3509 quae
1519 3474 1567 3500 est
1588 3468 1784 3509 principium
1800 3471 1911 3496 motus
1925 3466 1959 3497 in
1975 3465 2122 3500 homine;
2140 3469 2173 3495 et
2186 3463 2367 3495 intellectus
2382 3471 2479 3503 agens

1412 3518 1459 3543 est
1481 3512 1659 3553 principale
1675 3512 1744 3542 eius
1759 3510 1965 3550 principium,
1982 3514 2137 3548 tanquam
2152 3507 2272 3538 faciens
2292 3507 2415 3547 species
2430 3507 2480 3537 in-

1411 3556 1592 3597 telligibiles
1608 3556 1725 3595 quibus
1740 3554 1922 3585 intellectus
1938 3553 2097 3594 possibilis
2113 3553 2153 3582 sit
2171 3553 2204 3582 in
2224 3556 2307 3587 actu,
2325 3556 2361 3582 ut
2379 3552 2481 3592 possit

1412 3601 1526 3633 elicere
1543 3600 1809 3631 intellectionem:
1827 3603 1966 3638 oportet,
1988 3598 2014 3627 si
2032 3596 2214 3627 intellectus
2230 3605 2327 3636 agens
2348 3604 2418 3626 non
2441 3596 2481 3626 sit

1384 3666 1386 3671 ·
1411 3645 1601 3675 intrinsecus
1620 3643 1746 3675 homini
1762 3642 1818 3674 sed
1833 3643 1873 3672 sit
1891 3642 2066 3672 substantia
2089 3641 2266 3671 extrinseca
2280 3640 2319 3671 ab
2335 3640 2480 3676 homine,

2504 2585 2513 2594 ·
2529 2585 2579 2606 Art.
2595 2591 2613 2610 ι,
2627 2589 2647 2604 2.
