2768 4134
103 1032 249 1061 ‚macom—

33 1066 87 1084 ne·
99 1077 106 1083 .
121 1066 145 1083 n.
159 1065 193 1082 vi.

27 2123 172 2157 Δ(ἔοι-’.ιιι
181 2139 206 2156 n.
221 2122 251 2156 ui

33 2165 192 2214 Qu,

35 2213 97 2237 Vn.
112 2219 179 2244 ¹⁴97»
190 2213 209 2237 t.
245 2229 252 2237 .

205 2186 252 2214 (ed.

33 2240 63 2264 δι
69 2240 113 2271 ι).
217 2219 244 2244 ³3

843 281 1033 318 SUMMA
1063 282 1286 320 CONTRA
1313 282 1589 330 GENTILES,
1620 284 1730 321 CAP.
1753 284 1905 320 XXXII.

277 364 364 406 ignis
387 363 428 395 de
451 363 507 394 illo
532 362 623 404 quod
646 367 694 394 est
717 361 924 393 essentialiter
946 362 1029 401 ignis
1052 371 1109 402 per
1132 363 1219 402 prius
1236 363 1351 393 dicitur

276 418 375 450 quam
391 407 431 439 de
447 417 487 439 eo
513 407 604 448 quod
622 409 671 438 est
691 407 841 447 ignitum.
866 405 929 436 Sed
945 415 1014 436 esse
1030 415 1088 446 per
1103 408 1273 438 essentiam
1288 407 1351 438 tale

277 452 448 494 dupliciter
462 457 570 493 potest
585 451 734 492 intelligi:
758 460 827 481 uno
843 449 955 486 mod0,
973 451 1049 490 quia
1065 456 1112 481 est
1127 452 1196 491 ipsa
1216 452 1352 482 essentia

276 497 457 528 secundum
481 496 571 537 quod
594 496 728 528 nomine
751 495 909 526 abstracto
933 496 1138 535 importatur;
1163 496 1226 526 alio
1250 495 1351 526 modo

277 543 363 583 quia,
380 542 456 573 licet
470 551 538 572 non
554 541 594 571 sit
611 542 682 582 ipsa
705 540 842 571 essentia
864 545 901 570 ut
923 540 1057 570 nomine
1081 540 1238 570 abstracto
1255 540 1352 579 signi-

275 586 391 618 ficatur
413 585 470 617 sed
492 585 614 626 aliquid
642 583 683 616 ad
712 585 815 625 ipsam
839 583 944 620 addat,
963 582 1033 614 'eius
1057 588 1165 614 tamen
1189 583 1352 624 praedica-

275 632 401 662 tionem
416 631 450 661 in
467 635 620 661 concreto
638 629 845 660 essentialiter
860 629 1004 668 suscipit.
1028 628 1137 659 Primo
1159 637 1235 668 ergo
1250 628 1351 659 modo

276 675 520 717 accipiturhoc
543 674 619 705 loco
644 683 713 704 esse
736 682 793 714 per
817 673 987 704 essentiam
1010 672 1084 709 tale,
1108 682 1177 703 non
1207 672 1352 703 secundo

275 720 393 751 modo:
418 725 455 750 ut
470 724 558 760 patet
574 728 612 749 ex
629 718 779 758 exemplo
801 717 908 748 Sancti
925 718 1084 748 Thomae.
1109 716 1352 748 Advertendum

276 770 386 796 autem
401 763 493 805 quod
508 773 578 794 non
593 762 682 794 dedit
705 762 892 803 exemplum
915 762 955 793 de
979 761 1097 793 eodem
1114 762 1249 792 nomine
1265 760 1352 792 dicto

276 809 316 841 de
340 809 412 840 Deo
436 813 469 840 et
491 807 585 839 Sorte
601 806 657 838 sed
673 806 713 838 de
729 807 870 844 diversis,
894 813 931 838 ut
953 807 1054 847 magis
1078 816 1146 837 rem
1171 807 1351 847 explicaret.

275 854 360 886 Nam
383 853 410 884 si
433 852 600 883 essentiale
623 851 854 894 praedicatum,
879 858 916 883 ut
938 852 1046 887 homo,
1070 861 1138 882 non
1162 850 1278 882 dicitur
1296 861 1354 891 per

276 898 447 930 essentiam
470 898 577 938 primo
600 896 702 928 modo
726 896 766 927 de
790 896 894 932 Sorte,
914 896 969 927 sed
985 906 1043 937 per
1061 896 1351 936 participationem,

275 944 381 974 multo
404 943 506 983 magis
530 947 562 973 et
584 951 707 973 nomen
729 941 894 977 bonitatis,
911 940 1001 981 quod
1019 949 1088 971 non
1107 940 1223 971 dicitur
1246 950 1352 971 essen-

274 988 400 1020 tialiter.
423 1005 447 1010 -
469 987 518 1018 De
546 987 606 1017 hac
636 991 746 1017 autem
776 986 918 1021 materia,
943 984 1114 1026 quomodo
1139 984 1352 1016 diversimode

275 1033 452 1074 accipiatur
470 1041 528 1072 per
543 1031 716 1062 essentiam
735 1035 767 1061 et
781 1039 840 1071 per
862 1030 1154 1071 participationem,
1171 1031 1319 1070 superius
1335 1031 1352 1047 ⁴*

275 1078 349 1110 satis
372 1077 496 1108 dictum
519 1081 577 1107 est.

334 1131 364 1153 2.
389 1121 485 1153 Circa
506 1120 595 1152 illam
618 1119 889 1161 propositionem,
912 1118 1010 1156 Quod
1033 1118 1154 1150 dicitur
1175 1119 1351 1150 secundum

269 1167 368 1209 prius
390 1171 423 1197 et
439 1165 607 1206 posterius
629 1173 695 1195 non
712 1163 850 1194 univoce
862 1163 1088 1204 praedicatur,
1110 1163 1351 1201 advertendum,

276 1222 315 1243 ex
331 1211 478 1242 doctrina
493 1209 603 1241 Sancti
618 1209 768 1240 Thomae
786 1208 867 1244 Ver„
885 1217 916 1249 q.
929 1219 962 1245 11,
980 1219 1007 1239 a.
1025 1216 1076 1244 11,
1093 1208 1184 1249 quod
1202 1209 1289 1240 aliud
1305 1214 1353 1240 est

274 1257 345 1298 ipsa
369 1254 522 1286 inferiora
548 1254 635 1284 inter
655 1263 691 1284 se
715 1253 834 1284 habere
861 1253 1008 1285 ordinem
1036 1254 1162 1294 prioris
1187 1259 1220 1284 et
1244 1259 1352 1295 poste-

276 1300 394 1338 rior-ix
409 1306 442 1330 et
453 1298 542 1341 aliud.
548 1298 756 1340 participare
767 1307 937 1333 commune
952 1299 1056 1340 ipsum
1068 1298 1245 1329 secundum
1256 1299 1353 1340 prius

251 1367 262 1369 -
274 1343 498 1390 eje-posterius.
522 1343 607 1375 Inter
622 1343 691 1384 ipsa
707 1343 795 1374 enim
810 1342 907 1374 talem
931 1343 1079 1374 ordinem
1101 1353 1169 1374 esse
1186 1349 1232 1374 est
1248 1353 1352 1374 unum

275 1389 458 1426 secundum
473 1397 543 1419 esse
558 1393 591 1419 et
605 1387 787 1418 secundum
803 1388 926 1428 proprii
941 1388 1083 1419 nominis
1106 1389 1265 1419 rationem
1284 1397 1352 1419 esse

276 1435 377 1468 altero
400 1434 504 1475 prius:
521 1438 554 1464 et
567 1433 628 1463 iste
644 1432 726 1463 ordo
742 1433 966 1464 univocationi
990 1442 1058 1463 non
1082 1437 1253 1473 repugnat;
1270 1434 1354 1463 sicut

275 1481 310 1512 in
336 1479 462 1510 ratione
490 1478 620 1509 numeri
649 1486 764 1508 omnes
794 1478 922 1508 numeri
953 1478 1169 1508 univocantur
1192 1483 1223 1508 et
1246 1477 1354 1518 parifi-

276 1530 401 1560 mnu,
425 1529 458 1554 et
478 1528 589 1554 tamen
610 1522 695 1553 inter
717 1523 841 1562 species
864 1532 1077 1553 numerorum
1099 1522 1171 1552 talis
1193 1527 1240 1552 est
1259 1522 1353 1553 ordo.

276 1569 471 1609 Partidpare
493 1572 603 1599 autem
626 1575 804 1597 commune
827 1566 1007 1598 secundum
1031 1567 1120 1607 prius
1143 1572 1175 1597 et
1194 1567 1354 1607 posterius

276 1619 326 1648 eet
346 1614 465 1654 ipsum.
478 1621 547 1644 non
571 1610 753 1643 secundum
775 1620 876 1642 unam
899 1612 1058 1642 rationem
1081 1611 1282 1651 participare,
1299 1610 1355 1641 sed

276 1657 459 1702 secuudum
481 1656 621 1688 diversas
643 1656 794 1692 rationes,
819 1665 958 1697 quarum
981 1665 1046 1686 una
1070 1661 1117 1686 est
1147 1655 1244 1686 altera
1267 1656 1356 1696 prior

276 1704 317 1735 et*
329 1703 366 1734 in
388 1701 519 1733 alterius
542 1701 668 1732 ratione
685 1700 871 1731 includitur.
895 1700 1032 1740 Propter
1047 1698 1138 1740 quod
1154 1699 1260 1740 inquit
1276 1699 1356 1730 San-

277 1753 349 1780 ctus
363 1747 511 1778 Thomas
534 1745 626 1787 quod
648 1746 738 1786 prius
754 1746 888 1786 ponitur
901 1746 936 1776 in
957 1744 1147 1776 definitione
1170 1745 1356 1785 posterioris

277 1792 494 1827 conveniente
515 1791 577 1822 sibi
599 1790 781 1822 seeundum
805 1799 926 1821 nomen
951 1798 1143 1821 commune:
1175 1789 1258 1820 sicut
1280 1790 1357 1820 sub-

276 1838 392 1880 stantia
413 1837 546 1878 ponitur
577 1836 612 1866 in
642 1835 832 1867 definitione
859 1834 1033 1866 accidentis
1062 1834 1240 1865 secundum
1269 1834 1358 1876 quod

277 1887 326 1916 est
346 1891 414 1914 ens.
438 1879 473 1913 Si
499 1881 587 1912 enim
610 1886 791 1921 quaeratur,
819 1879 907 1916 Quid
934 1884 981 1911 est
1005 1878 1161 1912 accidens
1184 1888 1252 1909 esse
1274 1878 1359 1910 ens?

277 1926 526 1969 respondebitur
549 1924 641 1966 quod
664 1930 712 1956 est
734 1925 843 1965 ipsum
859 1933 928 1955 esse
944 1923 1066 1964 aliquid
1090 1923 1285 1954 substantiae
1308 1924 1358 1954 in-

276 1971 423 2004 haerens.
446 1970 490 2001 Et
510 1969 583 2001 talis
606 1969 688 2000 ordo
719 1974 880 2010 repugnat
911 1969 1152 1999 univocationi:
1177 1977 1253 1998 cum
1283 1968 1357 1999 uni-

278 2023 401 2048 vocum
423 2015 509 2046 dicat
531 2023 632 2045 unam
654 2015 825 2050 rationem,
841 2014 895 2044 hic
910 2019 1020 2044 autem
1044 2013 1152 2053 plures
1168 2013 1318 2043 rationes.
1334 2031 1358 2036 -

278 2059 460 2100 Quomodo
473 2064 583 2091 autem
594 2059 684 2100 prius
695 2059 778 2090 inter
790 2058 960 2099 analogata
970 2064 1112 2099 ponatur
1122 2058 1157 2088 in
1167 2057 1357 2089 definitione

278 2106 478 2148 posterioris,
503 2104 693 2135 ostendetur
715 2105 749 2134 in
773 2103 917 2144 capitulo
942 2102 982 2134 de
1005 2103 1153 2142 analogia
1169 2103 1196 2133 '.

335 2151 389 2182 IX.
414 2150 542 2185 Scotus,
559 2149 593 2179 in
609 2149 621 2179 1
638 2149 737 2185 Sent.,
755 2149 789 2179 in
805 2149 885 2179 locis
902 2147 1121 2189 praeallegatis
1133 2148 1150 2164 ¹*
1167 2147 1357 2188 oppositum

279 2196 377 2228 huius
401 2193 623 2226 conclusionis
646 2199 744 2229 tenet,
769 2203 896 2234 ponens
920 2203 977 2223 ens
999 2193 1179 2223 univocum
1201 2201 1269 2222 esse
1285 2191 1357 2222 Deo

279 2246 312 2272 et
335 2246 512 2272 creaturae:
539 2248 706 2279 exponens
721 2244 830 2269 tamen
847 2247 880 2268 se
896 2238 1076 2268 univocum
1099 2236 1261 2277 appellare
1281 2245 1358 2266 con-

279 2290 406 2327 ceptum
429 2294 502 2315 eum
518 2283 575 2325 qui
598 2282 644 2314 ita
667 2287 716 2314 est
731 2292 817 2313 unus
839 2282 928 2324 quod
950 2282 1021 2313 eius
1044 2281 1155 2312 unitas
1176 2280 1301 2322 sufficit
1315 2280 1359 2311 ad

280 2329 574 2366 contradictionem
593 2327 795 2370 affirmando
813 2332 844 2358 et
867 2326 1020 2369 negando
1046 2326 1149 2367 ipsum
1174 2326 1214 2356 de
1229 2325 1359 2362 eodem;

279 2373 403 2417 sufficit
425 2374 524 2406 etiam
542 2382 608 2414 pro
633 2372 738 2404 medio
755 2372 975 2414 srllogistico,
992 2376 1029 2402 ut
1043 2375 1191 2402 extrema
1215 2370 1308 2400 unita
1324 2370 1358 2400 in

279 2419 386 2451 medio
410 2419 458 2450 sic
481 2428 547 2449 uno
570 2418 642 2448 sine
656 2418 803 2460 fallacia
823 2416 1103 2458 aequivocationis
1118 2415 1361 2446 concludantur

280 2465 367 2496 inter
389 2473 424 2494 se
451 2473 520 2494 esse
551 2471 662 2493 unum.
694 2463 812 2492 Probat
842 2467 952 2492 autem
978 2461 1240 2502 propositionem
1267 2469 1359 2490 suam

280 2508 459 2550 tripliciter.
1180 2504 1182 2506 '
1234 2505 1236 2507 '

336 2552 457 2584 Primo.
482 2552 670 2583 Intellectus
685 2556 793 2582 certus
816 2551 856 2581 de
872 2560 938 2581 uno
955 2555 1111 2591 conceptu
1135 2555 1167 2581 et
1189 2549 1305 2580 dubius
1321 2548 1360 2579 de

280 2597 430 2635 diversis,
454 2597 551 2628 habet
564 2601 754 2637 conceptum
773 2595 815 2626 de
836 2605 901 2636 quo
925 2599 974 2626 est
996 2600 1105 2626 certus
1127 2594 1229 2625 alium
1246 2604 1267 2625 a
1282 2603 1360 2625 con-

282 2641 425 2684 ceptibus
447 2642 487 2673 de
510 2641 626 2682 quibus
648 2645 696 2672 est
718 2640 845 2672 dubius.
870 2640 935 2671 Sed
958 2640 1141 2670 intellectus
1159 2644 1270 2680 potest
1291 2648 1361 2669 esse

282 2692 391 2719 certus
405 2686 447 2718 de
465 2686 577 2728 aliquo
594 2685 682 2727 quod
695 2685 739 2716 sit
754 2695 820 2720 ens,
839 2684 1018 2716 dubitando
1042 2684 1082 2715 de
1093 2684 1196 2725 finito
1221 2684 1272 2715 vel
1287 2683 1359 2724 infi-

283 2732 363 2768 nito,
387 2736 498 2762 creato
523 2730 575 2762 ue!
597 2730 755 2762 increato.
772 2729 867 2771 Ergo
889 2734 1064 2771 conceptus
1087 2729 1170 2759 entis
1193 2728 1233 2759 de
1248 2728 1359 2769 aliquo

280 2776 441 2808 'es'talius
463 2786 484 2807 a
508 2781 664 2816 conceptu
689 2775 751 2806 isto
776 2775 827 2806 vel
850 2775 919 2805 illo.
944 2773 1040 2816 Ergo
1065 2773 1233 2804 univocus.

336 2820 503 2853 Secundo.
527 2819 642 2851 Omnis
665 2819 831 2861 inquisitio
855 2818 1120 2860 metaphysicalis
1143 2818 1183 2848 de
1197 2818 1268 2848 Deo
1280 2826 1360 2857 pro-

282 2865 369 2898 cedit
382 2865 622 2897 considerando
629 2865 814 2907 formalem
830 2865 991 2895 rationem
1016 2863 1166 2899 alicuius,
1191 2867 1232 2899 et,
1250 2862 1360 2893 ablata

283 2910 325 2942 ab
347 2920 387 2942 ea
411 2910 501 2941 omni
525 2909 780 2951 imperfectione,
807 2909 898 2940 illam
925 2908 1132 2939 attribuendo
1156 2907 1240 2938 Deo.
1265 2906 1359 2948 Ergo

285 2955 391 2986 omnis
414 2954 580 2996 inquisitio
604 2954 827 2995 metaphysica
847 2953 1002 2994 supponit
1024 2953 1220 2983 intellectum
1243 2951 1362 2982 habere

285 3004 474 3040 conceptum
498 2998 634 3029 eundem
652 2998 836 3033 univocum,
853 3007 947 3038 quem
959 2997 1078 3038 accipit
1092 3007 1135 3028 ex
1155 2996 1326 3027 creaturis.
1339 3014 1362 3018 -

285 3044 320 3076 Si
335 3044 461 3075 dicatur
474 3052 543 3074 non
559 3052 629 3073 esse
645 3042 782 3073 eandem
797 3042 957 3072 rationem
979 3042 1202 3083 investigatam
1222 3041 1262 3072 de
1277 3041 1360 3075 Deo,

285 3088 343 3120 sed
365 3088 471 3124 aliam,
497 3093 622 3118 contra:
637 3105 662 3110 —
684 3086 832 3128 sequitur
853 3086 942 3128 quod
963 3096 1007 3117 ex
1030 3086 1123 3117 nulla
1140 3086 1283 3127 propria
1307 3095 1361 3116 ra-

286 3133 376 3165 tione
399 3142 514 3163 eorum
539 3132 637 3173 [quae
659 3131 859 3162 conveniunt
883 3131 970 3171 Deo]
986 3136 1091 3172 prout
1111 3136 1190 3162 sunt
1211 3131 1245 3161 in
1270 3140 1361 3161 crea-

287 3178 379 3214 turis,
399 3182 509 3220 potest
530 3175 684 3207 concludi
707 3175 834 3217 aliquid
857 3175 897 3206 de
919 3176 1011 3206 Deo:
1033 3176 1110 3216 quia
1135 3175 1267 3206 omnino
1293 3175 1361 3206 alia

286 3227 319 3255 et
340 3223 410 3253 alia
426 3221 513 3253 ratio
530 3227 578 3252 est
594 3221 731 3252 istorum
748 3224 781 3251 et
795 3220 940 3251 illorum.
957 3219 1062 3250 Immo
1079 3229 1145 3250 non
1161 3220 1268 3261 magis
1284 3229 1361 3250 con-

286 3267 476 3299 cluderetur
501 3266 590 3307 quod
616 3266 707 3297 Deus
730 3270 777 3296 est
798 3265 927 3305 sapiens
955 3274 998 3295 ex
1028 3264 1157 3295 ratione
1183 3264 1362 3304 sapientiae

286 3322 384 3354 quam
399 3311 680 3355 apprehendimus
706 3320 748 3341 ex
775 3309 947 3344 creaturis,
971 3318 1068 3350 quam
1092 3308 1182 3350 quod
1202 3309 1293 3339 Deus
1316 3314 1364 3339 est

278 3357 477 3400 formaliter
499 3356 593 3397 Iapis.

344 3401 467 3432 Tertio.
492 3400 689 3441 Sequeretur
713 3399 803 3440 quod
826 3399 935 3430 Deum
958 3397 1144 3428 naturaliter
1164 3406 1362 3438 cognoscere

286 3456 357 3478 non
379 3455 551 3487 possemus
570 3445 682 3486 aliquo
698 3444 838 3485 simplici
853 3447 1028 3483 conceptu.
1044 3442 1131 3480 Quia
1154 3443 1189 3472 in
1212 3443 1362 3482 phantas-

288 3497 375 3522 mate
393 3500 462 3522 non
492 3489 669 3521 includitur
683 3489 860 3520 virtualiter
882 3489 944 3519 nisi
961 3492 1140 3528 conceptus
1164 3487 1362 3518 conveniens

2403 294 2467 320 101

1404 369 1576 394 creaturae.
1594 363 1628 394 Si
1644 373 1720 403 ergo
1737 369 1915 404 conceptus
1930 373 2015 394 unus
2030 373 2099 394 non
2115 368 2162 394 est
2177 363 2336 393 univocus
2353 363 2424 393 Deo
2442 367 2474 393 et

1405 413 1577 443 creaturae,
1602 407 1658 438 sed
1673 408 1753 438 alius
1778 414 1809 438 et
1831 408 1911 438 alius
1935 413 1983 439 est
2000 408 2062 438 Dei
2085 413 2117 438 et
2140 412 2312 443 creaturae,
2329 407 2474 447 sequitur

1405 451 1495 492 quod
1518 451 1645 482 nullum
1661 452 1839 492 poterimus
1860 452 1956 483 talem
1978 451 2017 483 de
2038 451 2110 482 Deo
2132 457 2328 491 conceptum
2343 452 2471 482 habere.

1460 495 1585 534 Quarto
1599 501 1646 526 est
1661 497 1840 527 auctoritas
1857 497 2048 531 Aristotelis,
2067 496 2108 526 II
2120 496 2364 536 Metaphysicae
2376 497 2403 526 ’ἦ
2422 495 2473 526 Ibi

1405 540 1489 570 enim
1506 541 1621 581 arguit
1634 541 1721 580 quod
1733 541 1898 581 principia
1914 541 2184 581 sempiternorum
2201 550 2327 571 necesse
2343 545 2391 571 est
2405 550 2473 571 esse

1405 584 1585 621 verissima,
1611 585 1687 625 quia
1711 585 1960 626 unumquodque
1982 590 2030 615 est
2051 585 2192 615 maxime
2214 585 2279 615 tale
2302 594 2366 625 per
2387 584 2474 625 quod

1405 629 1481 659 aliis
1505 629 1587 679 inest
1610 629 1805 660 univocatio.
1830 630 1916 670 Ergo
1934 630 2005 660 Deo
2030 634 2062 660 et
2084 629 2151 659 aliis
2175 634 2222 659 est
2245 628 2366 669 aliquid
2382 638 2472 659 corn-

1405 682 1506 704 mune
1530 683 1719 704 univocum.

1461 718 1500 747 X.
1526 717 1587 747 Pro
1604 719 1814 758 responsione
1838 718 1877 748 ad
1900 719 1969 753 ista,
1987 716 2257 748 considerandum
2274 716 2373 757 quod,
2390 718 2472 747 acci-

1406 761 1526 802 piendo
1551 763 1728 793 univocum
1752 772 1792 793 eo
1815 762 1916 793 modo
1941 771 2008 802 quo
2033 761 2202 802 explicavit
2224 761 2340 791 Scotus
2365 762 2399 791 in
2419 761 2472 792 illa

1406 816 1463 836 sua
1475 806 1699 843 declaratione,
1713 817 1780 837 non
1793 812 1876 837 esset
1887 807 1970 837 inter
1982 807 2088 846 ipsum
2101 811 2133 836 et
2144 805 2299 836 Sanctum
2308 805 2473 836 Thomam

1406 851 1595 882 differentia:
1615 851 1669 882 illa
1685 852 1772 882 enim
1789 851 1899 882 omnia
1914 851 2052 890 analogo
2069 850 2166 881 etiam
2182 850 2391 880 conveniunt.
2410 849 2474 880 Sed

1407 896 1481 936 quia
1497 896 1550 926 illa
1566 896 1732 926 arbitratur
1743 895 1860 927 Scotus
1876 905 1943 926 non
1960 904 2056 935 posse
2073 895 2246 925 convenire
2261 894 2323 924 nisi
2339 894 2368 926 ei
2384 893 2474 935 quod

1406 940 1483 971 dicit
1505 950 1608 971 unum
1625 946 1822 981 conceptum
1841 940 1977 971 omnino
1997 940 2036 970 ab
2052 939 2120 970 aliis
2135 939 2331 979 praecisum;
2352 943 2384 969 et
2398 947 2474 979 pro-

1405 991 1475 1025 pter
1486 986 1550 1019 hoc
1567 986 1733 1015 arbitratur
1743 986 1922 1015 univocum
1938 994 1995 1015 ens
2011 993 2089 1020 esse,
2103 984 2156 1014 cui
2171 984 2245 1014 talia
2260 983 2472 1014 conveniunt:

1405 1030 1480 1060 ideo
1505 1029 1544 1060 ad
1568 1035 1754 1070 argumenta
1778 1031 1847 1061 eius
1870 1028 2093 1069 respondetur.
2304 1023 2309 1027 ⁴

1461 1074 1512 1104 Ad
1532 1074 1672 1115 primum
1697 1073 1829 1114 quidem
1853 1072 1969 1104 dicitur
1986 1073 2103 1114 primo,
2121 1071 2211 1112 quod
2227 1076 2405 1111 conceptus
2419 1071 2474 1102 ille

1406 1118 1445 1150 de
1469 1128 1536 1159 quo
1560 1118 1740 1149 intellectus
1765 1124 1811 1149 est
1835 1123 1949 1154 certus,
1974 1124 2022 1148 est
2047 1117 2128 1148 alius
2155 1127 2173 1147 a
2199 1116 2410 1156 conceptibus
2433 1114 2474 1146 de

1406 1164 1524 1204 quibus
1548 1169 1595 1194 est
1618 1163 1745 1199 dubius,
1768 1173 1836 1194 non
1861 1162 1994 1202 quidem
2021 1171 2079 1202 per
2106 1160 2330 1192 omnimodam
2352 1160 2474 1201 praeci-

1405 1210 1542 1244 sionem,
1567 1208 1623 1239 sed
1645 1214 1800 1248 tanquam
1831 1217 1887 1239 eos
1915 1216 2030 1238 omnes
2060 1207 2230 1238 continens
2256 1215 2314 1246 per
2336 1204 2474 1236 modum

1405 1253 1581 1293 analogiae,
1606 1258 1642 1284 ut
1664 1252 1798 1284 inferius
1813 1253 1830 1269 ³
1854 1251 2075 1283 declarabitur.

1462 1298 1586 1328 Dicitur
1616 1297 1772 1333 secundo,
1797 1296 1888 1337 quod
1917 1305 1955 1326 ex
1985 1296 2049 1326 hoc
2078 1305 2147 1326 non
2178 1293 2383 1326 concluditur
2411 1293 2475 1324 nisi

1406 1341 1497 1383 quod
1521 1352 1577 1373 ens
1600 1341 1677 1373 dicit
1700 1342 1843 1382 aliquem
1872 1350 1976 1371 unum
2007 1345 2204 1380 conceptum
2231 1339 2330 1370 alium
2354 1348 2372 1368 a
2396 1347 2474 1369 con-

1406 1387 1552 1428 ceptibus
1576 1387 1724 1417 aliorum.
1753 1385 1853 1424 Quod
1876 1384 2078 1416 conceditur:
2103 1384 2179 1415 dicit
2202 1385 2289 1414 enim
2313 1382 2475 1423 quendam

1407 1437 1603 1472 conceptum
1615 1431 1852 1472 imperfectum,
1861 1435 1897 1460 ut
1908 1429 2095 1460 ostendetur
2102 1430 2118 1445 ¹*
2127 1428 2270 1459 inferius.
2279 1427 2356 1458 Non
2367 1433 2476 1458 tamen

1407 1476 1613 1508 concluditur
1636 1475 1727 1516 quod
1749 1475 1834 1506 dicat
1857 1479 2055 1514 conceptum
2077 1483 2182 1504 unum
2205 1474 2393 1504 univocum.

1463 1521 1514 1551 Ad
1535 1521 1722 1556 secundum,
1746 1525 1880 1560 negatur
1903 1518 2146 1558 consequentia.
2169 1517 2255 1555 Quia
2275 1526 2313 1547 ex
2329 1516 2384 1547 illo
2401 1526 2476 1557 pro-

1408 1575 1501 1596 cessu
1524 1574 1591 1595 non
1616 1565 1797 1595 attribuitur
1819 1564 1891 1594 Deo
1914 1562 2001 1593 idem
2024 1567 2202 1602 conceptus
2229 1561 2375 1597 omnino,
2399 1566 2478 1601 puta

1407 1610 1596 1650 sapientiae,
1621 1609 1677 1639 sed
1700 1608 1962 1651 proportionalis,
1986 1616 2043 1647 per
2066 1616 2166 1647 quem
2189 1606 2278 1636 Deus
2304 1604 2478 1636 formaliter

1410 1653 1527 1685 dicitur
1548 1653 1686 1693 sapiens,
1710 1662 1778 1683 non
1802 1659 1911 1682 autem
1934 1651 2025 1691 lapis.
2073 1660 2081 1664 >

1465 1698 1591 1729 Dicitur
1613 1697 1769 1732 secundo,
1794 1696 1884 1737 quod
1908 1695 2180 1735 praesupponitur
2202 1694 2401 1724 intellectum
2423 1693 2480 1723 ha-

1410 1744 1486 1774 bere
1509 1741 1651 1773 eundem
1674 1746 1872 1781 conceptum
1902 1748 2113 1771 communem
2142 1737 2330 1779 imperfecte
2360 1737 2480 1778 signifi-

1411 1793 1539 1819 cantem
1563 1792 1734 1827 uuamque
1757 1785 1991 1826 perfectionem
2014 1783 2224 1823 significatam
2240 1781 2302 1813 >tali
2331 1783 2480 1813 nomine:

1411 1842 1480 1864 non
1503 1837 1613 1863 autem
1636 1830 1817 1871 perfectum
1841 1835 1872 1861 et
1894 1829 2083 1860 univocum.

1467 1876 1519 1907 Ad
1542 1875 1672 1907 tertium
1696 1875 1812 1906 dicitur
1835 1874 1941 1915 primo
1966 1872 2066 1914 quod,
2091 1872 2118 1902 si
2140 1871 2314 1912 loquamur
2337 1870 2376 1901 de
2403 1879 2481 1901 con-

1412 1926 1510 1962 ceptu
1534 1920 1714 1961 adaequato
1738 1921 1794 1956 rei,
1819 1919 1946 1950 nullum
1970 1923 2017 1948 est
2039 1917 2273 1947 inconveniens
2295 1925 2363 1946 non
2387 1924 2482 1955 posse

1412 1976 1430 1996 a
1452 1965 1547 1996 nobis
1571 1965 1701 2006 concipi
1731 1965 1841 1995 Deum
1873 1963 1982 2003 aliquo
2013 1966 2176 2001 conceptu
2199 1960 2347 2000 simplici.
2378 1959 2482 1990 Immo

1411 2011 1474 2041 hoc
1499 2010 1716 2041 necessarium
1739 2015 1801 2040 est:
1826 2017 1902 2040 cum
1926 2007 2049 2038 nullam
2079 2005 2314 2047 perfectionem
2342 2004 2482 2035 divinam

1411 2054 1593 2086 secundum
1616 2053 1707 2095 quod
1730 2054 1764 2084 in
1787 2063 1822 2084 se
1845 2058 1893 2084 est
1916 2052 2090 2092 concipere
2118 2051 2292 2091 possimus.
2317 2049 2411 2080 Unde
2434 2049 2483 2079 in-

1411 2100 1482 2141 quit
1505 2099 1641 2130 Sanctus
1665 2099 1810 2129 Thomas
1833 2098 1949 2133 Prima,
1969 2106 2001 2137 q.
2018 2106 2083 2132 xm,
2101 2105 2128 2126 a.
2148 2096 2177 2131 5,
2202 2094 2303 2135 quod,
2328 2103 2399 2125 cum
2423 2093 2484 2124 hoc

1412 2154 1528 2175 nomen
1553 2144 1682 2184 sapiens
1704 2142 1825 2173 dicitur
1845 2141 1884 2173 de
1899 2142 1980 2177 Deo,
1999 2139 2153 2181 relinquit
2176 2149 2243 2170 rem
2266 2139 2483 2180 significatam

1413 2194 1448 2219 ut
1464 2188 1762 2229 incomprehensam
1779 2192 1810 2217 et
1825 2186 2028 2217 excedentem
2046 2185 2187 2216 nominis
2201 2183 2481 2226 significationem.

1468 2233 1594 2263 Dicitur
1617 2231 1761 2263 secundo
1786 2231 1885 2272 quod,
1910 2231 1935 2261 si
1959 2231 2134 2271 loquamur
2162 2229 2202 2259 de
2232 2233 2394 2268 conceptu
2423 2228 2483 2258 im-

1412 2277 1558 2318 perfecto
1582 2282 1614 2307 et
1636 2276 1852 2316 inadaequato
1868 2276 1925 2312 rei,
1942 2281 1978 2306 ut
1993 2275 2127 2306 nomine
2143 2274 2252 2314 aliquo
2276 2272 2481 2313 significatur,

1413 2323 1507 2353 multi
1531 2321 1609 2352 tales
1632 2326 1811 2362 conceptus
1834 2320 1944 2351 haberi
1967 2319 2008 2350 de
2031 2319 2102 2350 Deo
2126 2323 2263 2359 possunt
2293 2326 2483 2348 communes

1412 2367 1471 2398 sibi
1496 2371 1528 2398 et
1551 2367 1713 2397 creaturis.
1738 2365 1779 2396 Et
1801 2375 1870 2396 non
1894 2369 1941 2396 est
1964 2363 2196 2395 inconveniens
2220 2363 2360 2402 aliquem
2387 2361 2483 2392 talem

1414 2416 1612 2451 conceptum
1645 2410 1820 2441 virtualiter
1852 2409 2011 2440 contineri
2043 2409 2077 2439 in
2109 2408 2343 2448 phantasmate:
2376 2411 2483 2446 potest

1414 2457 1500 2487 enim
1518 2457 1606 2496 prius
1622 2457 1655 2486 in
1672 2455 1843 2496 posteriori
1863 2459 2021 2494 quantum
2037 2453 2077 2483 ad
2093 2452 2233 2492 aliquem
2257 2450 2482 2491 imperfectum

1414 2506 1613 2541 conceptum
1636 2500 1765 2541 utrique
1789 2508 2000 2530 communem
2025 2498 2192 2533 contineri,
2217 2497 2410 2536 inquantum
2433 2504 2482 2525 res

1414 2555 1471 2586 per
1494 2546 1684 2586 phantasma
1707 2549 1941 2585 repraesentata
1964 2548 2011 2573 est
2033 2541 2191 2583 quaedam
2214 2539 2389 2571 similitudo
2411 2548 2482 2579 par-

1414 2591 1545 2631 ticipata
1568 2590 1693 2630 prioris.

1470 2635 1595 2665 Dicitur
1618 2634 1712 2664 tertio
1737 2632 1827 2674 quod
1850 2632 1947 2663 etiam
1963 2632 2042 2661 haec
2061 2630 2166 2660 unitas
2190 2633 2368 2668 conceptus
2389 2637 2481 2657 men-

1413 2680 1484 2711 talis
1496 2678 1676 2719 imperfecti
1688 2687 1755 2708 non
1766 2676 1842 2707 facit
1849 2676 2122 2710 univocationem,
2132 2679 2168 2704 ut
2174 2673 2275 2712 magis
2287 2672 2480 2712 cap.xxxrv‘

1415 2724 1637 2756 declarabitur.

1470 2769 1596 2799 Dicitur
1618 2772 1734 2808 quarto
1751 2765 1850 2806 quod,
1867 2765 1893 2795 si
1909 2764 2024 2804 aliquis
2043 2767 2221 2802 conceptus
2243 2761 2392 2801 proprius
2408 2760 2479 2790 Deo

1414 2814 1524 2844 haberi
1547 2813 1660 2854 possit,
1685 2821 1752 2852 quo
1775 2811 1844 2851 ipsa
1874 2808 2029 2850 perfectio
2059 2807 2166 2838 divina
2195 2810 2408 2845 cognoscatur
2431 2813 2479 2834 se-

1415 2857 1560 2889 cundum
1583 2857 1720 2888 modum
1745 2855 1937 2886 eminentiae
1961 2863 2028 2894 quo
2052 2862 2070 2882 a
2092 2851 2290 2892 perfectione
2319 2854 2479 2880 creaturae

1415 2902 1529 2939 differt,
1553 2902 1606 2933 ille
1630 2901 1813 2933 continetur
1835 2898 2009 2930 virtualiter
2028 2898 2060 2927 in
2077 2897 2295 2937 phantasmate
2319 2898 2479 2924 creaturae

1414 2949 1609 2988 inquantum
1633 2952 1680 2978 est
1703 2947 1953 2976 instrumentum
1982 2942 2162 2973 intellectus
2186 2950 2223 2970 ex
2247 2938 2396 2969 creaturis
2419 2937 2480 2967 Dei

1416 2992 1620 3024 conditiones
1642 2989 1877 3030 investigantis:
1902 2998 1943 3019 eo
1968 2985 2057 3028 quod
2080 2985 2211 3016 effectus
2234 2992 2362 3014 causam
2385 2981 2480 3022 parti-

1415 3033 1552 3078 cipa'tive
1577 3037 1731 3067 continet.
1756 3034 1851 3065 Unde
1866 3034 1935 3074 ipsa
1951 3032 2057 3062 divina
2073 3029 2226 3071 perfectio
2250 3028 2431 3058 continetur
2446 3025 2480 3055 in

1415 3081 1615 3123 perfectione
1639 3086 1811 3115 creaturae,
1828 3087 1895 3109 non
1912 3078 1995 3108 sicut
2011 3075 2141 3106 effectus
2157 3075 2190 3104 in
2207 3081 2310 3106 causa,
2327 3070 2383 3101 sed
2398 3070 2480 3100 sicut

1415 3137 1511 3158 causa
1526 3127 1560 3157 in
1577 3125 1709 3157 effectu:
1735 3125 1811 3164 quia
1833 3122 1981 3153 videlicet
2003 3118 2178 3150 similitudo
2202 3126 2316 3147 causae
2335 3121 2367 3146 et
2381 3115 2480 3144 virtus

1416 3173 1485 3203 eius
1509 3171 1646 3202 salvatur
1669 3171 1702 3200 in
1726 3168 1853 3204 effectu,
1877 3167 1951 3198 licet
1973 3163 2146 3205 aliquando
2170 3161 2354 3192 deficienter
2373 3164 2404 3189 et
2419 3159 2479 3188 im-

1415 3216 1568 3257 perfecte.
2373 3248 2379 3254 .

1472 3260 1523 3291 Ad
1546 3263 1697 3301 quartum
1721 3257 1837 3288 dicitur
1859 3254 1950 3296 quod
1972 3252 2158 3284 Aristoteles
2181 3250 2297 3289 accipit
2326 3256 2479 3278 univoca-

1416 3306 1541 3336 tionem
1564 3314 1624 3345 pro
1648 3302 1816 3344 analogia,
1842 3299 1972 3341 quando
2001 3297 2107 3337 aliqua
2135 3294 2332 3325 conveniunt
2358 3293 2392 3322 in
2415 3300 2480 3322 una

1415 3351 1540 3380 ratione
1555 3347 1849 3389 proportionaliter.
1867 3342 2052 3376 Secundum
2068 3349 2165 3381 quam
2180 3339 2337 3369 rationem
2352 3336 2386 3366 in
2405 3345 2480 3366 ana-

1415 3395 1493 3435 logo
1510 3399 1618 3434 potest
1640 3393 1736 3423 etiam
1761 3388 1958 3430 comparatio
1975 3396 2052 3421 esse,
2070 3390 2106 3415 ut
2120 3392 2224 3414 unum
2239 3382 2362 3412 dicatur
2379 3380 2480 3420 magis

1415 3440 1478 3470 tale
1502 3448 1570 3469 esse
1595 3446 1694 3478 quarn
1717 3434 1814 3470 aliud,
1831 3434 1906 3474 quia
1922 3441 1979 3462 sua
1993 3430 2084 3465 rann,
2100 3438 2158 3468 per
2179 3426 2259 3458 illud
2282 3434 2404 3456 nomen
2419 3425 2481 3455 im-

1415 3489 1550 3524 portata.
1576 3487 1624 3513 est
1646 3479 1818 3521 perfectior
1840 3478 1962 3508 ratione
1985 3474 2121 3505 alterius.

2501 495 2510 505 ‘
2525 493 2579 517 Did.
2594 494 2689 522 Ia,1,5.

2500 1245 2509 1254 ¹
2534 1243 2591 1272 cap.
2619 1249 2699 1268 xxxiv,

2502 1276 2525 1293 n.
2539 1276 2563 1292 ιι
2579 1276 2631 1299 sqq.

2502 1427 2511 1436 ·
2526 1425 2585 1447 lbid.

2507 2670 2517 2679 ·
2532 2668 2587 2690 Loc.
2602 2667 2642 2690 cit.
