2768 4134
68 359 77 368 ·
92 357 149 384 Cap.
165 362 211 378 ui.

3 825 9 835 ¹
66 837 76 847 ⁸
84 835 142 863 cap.
150 841 220 857 nutv
228 841 280 863 sqq.

63 1246 75 1258 ·
89 1245 127 1268 Cf.
143 1245 279 1269 commem.

64 1277 117 1301 etp.
135 1277 195 1300 και.
215 1272 279 1299 inim

64 1303 87 1323 et
95 1304 148 1328 αφ.
158 1305 221 1327 xcvi,
227 1299 280 1322 init.

58 2877 69 2888 ⁸
82 2876 228 2906 Q'm

821 272 1009 310 SUMMA
1039 276 1260 315 CONTRA
1289 280 1564 330 GENTILES,
1595 286 1706 323 CAP.
1728 288 1844 334 XCV,
1866 290 1997 328 XCVI.

365 349 556 400 Amplius.
579 351 687 388 Deus
707 358 763 388 est
782 363 986 388 summum
1007 354 1168 400 bonum,
1184 365 1225 393 ut
1240 359 1386 407 supra²ie

2431 308 2506 346 239

1495 363 1544 398 Et
1573 363 1626 400 sic
1654 374 1755 413 patet
1784 370 1891 416 quod
1920 369 2084 408 liberum
2114 373 2312 412 arbitrium
2348 375 2387 413 in
2422 377 2507 426 ipso

311 403 522 452 probatum
550 412 617 441 est.
649 404 862 441 Summum
891 413 1022 442 autern
1049 407 1200 445 bonum
1220 422 1300 447 non
1321 423 1386 459 pa·
1443 416 1663 453 naturaliter
1691 419 1898 458 stabilitum
1927 431 1982 460 est
2010 424 2047 461 in
2076 425 2194 463 bono.

310 456 401 494 titur
419 457 579 506 aliquod
597 457 839 494 consortium
867 458 976 495 mali:
1007 459 1103 496 sicut
1131 473 1203 498 nec
1232 475 1386 500 summe

1497 468 1583 504 Hoc
1603 478 1733 506 autem
1753 481 1807 508 est
1827 475 1933 522 quod
1953 476 2090 514 dicitur
2116 480 2223 517 Deut.
2244 487 2376 519 xxxn⁴z
2405 484 2508 520 Deus

310 510 482 548 calidum
510 510 811 560 permixtionem
839 510 972 559 frigidi.
1004 512 1145 550 Divina
1179 514 1291 562 igitur
1318 529 1386 553 vo·
1433 521 1561 566 fidelis
1598 528 1630 558 et
1667 526 1804 572 absque
1841 529 2044 576 iniquilate;
2082 539 2116 568 et
2145 534 2247 571 Hah.
2277 539 2332 572 1¹³:
2368 537 2508 573 Mzmdi

311 565 437 601 luntas
465 576 546 601 non
575 572 701 613 potest
729 563 830 601 flecti
859 565 907 601 ad
937 566 1098 602 malum.

364 618 579 655 Praeterea.
611 618 715 654 Cum
744 617 896 655 bonum
917 618 1057 656 habeat
1076 619 1265 657 rationem
1286 621 1385 668 finis,

310 672 460 708 malurn
479 683 561 708 non
590 679 716 719 potest
744 670 912 708 incidere
939 671 977 709 in
1004 673 1203 710 voluntate
1223 674 1294 711 nisi
1319 687 1389 723 per

1412 587 1420 605 ς
1443 579 1527 609 sunt
1545 575 1645 610 oculi
1662 578 1724 621 lui,
1746 578 1918 625 Domine,
1938 587 1971 617 et
1995 587 2176 632 respicere
2203 588 2254 623 ad
2280 590 2506 637 iniquitatem

1445 637 1519 661 non
1545 633 1660 674 potes.

1499 679 1572 715 Per
1604 681 1679 717 hoc
1712 692 1841 720 autem
1878 688 2094 726 confutatur
2128 703 2234 728 error
2261 694 2504 743 Iudaeorum,

309 723 557 761 aversionem
585 736 608 761 a
635 723 726 761 fine.
758 725 947 763 Voluntas
965 733 1097 763 autem
1117 726 1249 764 divina
1268 740 1290 764 a
1310 727 1388 765 fine
1445 731 1511 779 qui
1532 731 1570 768 in
1596 734 1742 772 Talmut
1769 736 1900 775 dicunt
1928 740 2057 778 Deum
2085 745 2320 794 quandoque
2348 760 2506 796 peccare

309 776 430 814 averti
449 789 530 814 non
549 785 693 827 potest:
724 791 817 816 cum
846 779 942 816 nihil
970 779 1091 829 possit
1110 781 1207 817 velle
1227 780 1299 817 nisi
1320 794 1388 818 vo-

309 884 424 933 igitur
450 885 549 922 velle
578 887 739 923 malum.

363 1005 378 1030 7
398 997 541 1032 voluntate]
562 999 726 1024 voluntatem
745 999 874 1025 aDYch.

364 1033 378 1058 3
398 1039 486 1059 autem
506 1033 555 1067 est}
576 1039 663 1060 autem
678 1036 701 1059 Α
715 1042 788 1064 casu,
803 1040 844 1060 est
857 1035 886 1061 Z.
973 1043 990 1067 4
1008 1034 1103 1069 fidelis]
1123 1042 1164 1061 est
1178 1035 1263 1062 fidelis
1279 1037 1328 1063 αἱ).

308 1068 325 1094 8
344 1069 370 1094 in
390 1069 507 1104 Talmut]
527 1070 553 1095 in
572 1070 714 1096 Thalamut
733 1071 793 1102 Cbc,
813 1071 962 1096 tolan.⁰f¹¹¹¹¹
980 1078 1064 1104 supra
1084 1079 1139 1098 ras.
1158 1072 1190 1097 N.

508 830 514 837 ⁸
1445 791 1481 843 et
1500 796 1522 820 a
1542 795 1699 834 peccato
1729 791 1880 838 purgari
1896 791 1932 837 *ς
1962 802 1998 830 et
2025 795 2356 836 Luciferianorum
2368 800 2419 847 *³¹2
2440 802 2506 850 qui

309 831 426 868 lendo
463 843 648 880 se1psum‚
679 840 721 869 ut
756 840 958 870 ostensum
993 841 1048 870 est
1066 832 1097 869 *.
1135 834 1228 870 Non
1264 842 1388 883 potest
1406 853 1430 867 ιο
1445 837 1577 875 dicunt

1606 840 1734 878 Deum
1764 842 1801 879 in
1830 844 1995 882 Luciferi
2025 847 2235 886 deiectione
2264 863 2452 899 peccasse.

967 1006 1000 1024 io
1018 1000 1167 1034 ostensum]
1187 1008 1267 1033 supra
1285 1006 1425 1026 ostensum
1445 1003 1493 1031 Pc;
1513 1004 1556 1028 NZ
1576 1006 1636 1030 vide
1655 1008 1703 1039 ρΑ.

1414 1038 1546 1071 iniquitate
1562 1042 1581 1064 Α
1598 1042 1682 1072 solus;
1702 1044 1754 1069 ulla
1767 1044 1907 1077 iniquitate.

1994 1047 2010 1072 6
2030 1054 2103 1080 potes
2119 1048 2166 1080 (ex
2180 1050 2218 1084 pt)
2232 1058 2273 1076 om
2287 1052 2315 1083 Z,
2334 1054 2428 1084 poteris
2443 1054 2509 1080 DPc.

1075 1161 1416 1196 Commentario.
1443 1164 1755 1200 Ferrariensis

311 1251 378 1315 Ex
401 1241 575 1282 praedictis
599 1242 666 1273 duo
690 1242 828 1274 Sanctus
850 1243 997 1274 Thomas
1021 1244 1190 1275 corollaria
1216 1244 1348 1275 deducit
1362 1245 1388 1275 *.

365 1285 519 1324 Quorum
542 1288 687 1327 primum
711 1293 773 1318 est:
798 1288 889 1318 Deus
919 1298 985 1319 non
1011 1294 1122 1329 potest
1144 1290 1226 1320 velle
1256 1290 1389 1320 malum.

285 1330 349 1370 &Et
371 1331 560 1371 intelligitur
584 1331 624 1362 de
647 1332 735 1363 malo
760 1331 947 1370 formaliter,
972 1334 1168 1374 inquantum
1184 1334 1307 1366 malum
1332 1340 1389 1371 est,

306 1380 339 1406 et
361 1375 422 1406 sub
446 1376 572 1406 ratione
596 1377 687 1407 mali:
713 1383 749 1408 ut
772 1383 861 1418 patet
884 1387 923 1408 ex
947 1378 1064 1416 Prima,
1088 1389 1119 1420 q.
1137 1389 1200 1416 xix,
1220 1389 1249 1410 a.
1267 1389 1299 1420 9.

361 1420 528 1450 Probatur
551 1421 673 1461 primo.
706 1421 823 1453 Omnis
853 1424 1002 1463 operatio
1027 1423 1135 1455 divina
1166 1430 1213 1454 est
1240 1425 1389 1465 operatio

305 1464 446 1496 virtutis:
472 1474 548 1496 cum
565 1466 664 1497 virtus
682 1466 743 1497 Dei
762 1467 801 1498 sit
826 1467 895 1498 eius
919 1469 1067 1499 essentia.
1093 1469 1180 1509 Ergo
1196 1479 1265 1500 non
1282 1475 1390 1510 potest

305 1508 396 1541 Deus
419 1510 545 1540 malum
569 1510 662 1542 velle.

360 1553 503 1586 Adverte
527 1554 629 1596 quod,
653 1556 729 1587 licet
754 1557 891 1587 essentia
914 1556 1022 1588 divina
1043 1563 1075 1588 et
1090 1558 1190 1589 virtus
1214 1559 1294 1595 eius,
1311 1565 1389 1600 puta

305 1598 430 1636 caritas,
453 1600 579 1631 ratione
609 1599 858 1641 distinguantur,
883 1608 958 1633 sunt
981 1608 1091 1633 tamen
1120 1612 1224 1634 unum
1252 1603 1388 1635 realiter.

304 1641 348 1675 Et
370 1643 445 1676 ideo
469 1654 538 1676 non
563 1650 671 1686 potest
698 1647 845 1686 operatio
873 1647 912 1677 ab
941 1648 1078 1678 essentia
1108 1647 1285 1688 procedere
1309 1649 1389 1689 quin

304 1697 324 1719 a
354 1689 472 1720 virtute
503 1689 668 1730 procedat.
704 1690 744 1721 Et
774 1691 820 1722 sic
853 1691 887 1722 in
920 1697 994 1722 actu
1027 1691 1155 1723 divinae
1191 1694 1389 1733 operationis

304 1742 374 1764 non
396 1740 505 1775 potest
528 1735 651 1766 malum
680 1745 750 1766 esse
777 1741 911 1777 propter
934 1736 1076 1777 aliquem
1101 1737 1266 1769 defectum
1294 1739 1389 1770 activi

304 1778 468 1820 principii.

360 1822 523 1855 Secundo.
555 1824 590 1855 In
622 1824 730 1856 divina
761 1826 949 1866 cognitione
973 1836 1062 1857 error
1085 1836 1155 1858 esse
1178 1837 1246 1858 non
1270 1834 1388 1868 potest.

304 1867 393 1909 Ergo
416 1878 478 1900 nec
502 1869 653 1900 voluntas
678 1870 747 1901 eius
771 1876 879 1912 potest
902 1870 942 1902 ad
965 1871 1089 1903 malum
1112 1871 1256 1903 tendere.
1271 1891 1295 1895 —
1310 1872 1389 1904 Pro-

304 1913 399 1944 batur
428 1915 674 1955 consequentia.
709 1914 796 1954 Quia
828 1925 999 1956 nunquam
1033 1915 1133 1948 fertur
1165 1917 1316 1948 voluntas
1349 1918 1389 1949 ad

304 1958 429 1989 malum
452 1959 513 1990 nisi
539 1969 646 1990 errore
671 1960 828 1991 existente
852 1961 884 1991 in
909 1961 1044 1997 ratione,
1069 1961 1181 1992 saltem
1198 1962 1231 1992 in
1248 1963 1389 2003 particu-

1444 1245 1501 1276 lari
1525 1246 1666 1286 eltgfflili,
1690 1248 1769 1279 dum
1792 1250 1911 1281 iudicat
1940 1253 2062 1284 malum
2091 1254 2221 1295 aliquod
2251 1265 2310 1296 pro
2341 1263 2418 1289 tunc
2442 1268 2509 1291 esse

1444 1290 1580 1327 bonum,
1605 1297 1636 1322 et
1659 1292 1738 1324 illud
1761 1295 1919 1326 voluntati
1942 1298 2105 1338 proponit.

1501 1335 1621 1366 Tertio.
1630 1337 1718 1368 Deus
1731 1345 1777 1369 est
1789 1348 1953 1371 summum
1966 1343 2192 1383 bonum.Ergo
2201 1350 2287 1375 etc.-
2296 1346 2385 1377 Patet
2397 1357 2509 1378 conse-

1444 1381 1587 1420 quentia.
1601 1381 1688 1419 Quia
1699 1392 1863 1414 summum
1877 1385 2000 1416 bonum
2013 1396 2078 1417 non
2096 1388 2214 1427 patitur
2230 1389 2362 1429 aliquod
2377 1401 2509 1422 consor-

1443 1425 1526 1455 tium
1546 1426 1636 1456 mali:
1662 1427 1744 1458 sicut
1759 1437 1819 1458 nec
1835 1438 1961 1461 summe
1978 1431 2116 1462 calidum
2132 1434 2378 1472 permixtionem
2394 1435 2508 1476 frigidi.

1502 1469 1641 1506 Quarto.
1666 1471 1824 1503 Voluntas
1840 1473 1947 1504 divina
1962 1485 1980 1505 a
1995 1475 2059 1506 fine
2078 1477 2175 1507 averti
2198 1487 2266 1508 non
2289 1485 2408 1519 potest:
2434 1490 2508 1512 cum

1443 1514 1524 1545 nihil
1547 1516 1648 1555 possit
1673 1517 1753 1547 velle
1777 1518 1837 1548 nisi
1862 1519 2001 1550 volendo
2025 1521 2176 1560 seipsum.
2202 1521 2287 1562 Ergo
2308 1529 2367 1554 etc.
2389 1543 2411 1546 —
2432 1524 2509 1556 Pro-

1444 1559 1537 1590 batur
1566 1563 1808 1601 consequentia.
1840 1563 1935 1600 Quia,
1960 1574 2035 1595 cum
2062 1566 2187 1596 bonurn
2216 1567 2331 1598 habeat
2352 1569 2509 1600 rationem

1443 1603 1527 1640 finis,
1543 1605 1666 1636 malum
1683 1615 1750 1636 non
1768 1613 1874 1646 potest
1890 1607 2031 1640 incidere
2048 1610 2079 1640 in
2095 1610 2260 1641 voluntate
2276 1612 2336 1642 nisi
2351 1622 2408 1652 per
2423 1623 2509 1644 aver—

1443 1649 1570 1680 sionem
1595 1660 1612 1680 a
1636 1649 1711 1681 fine.

1501 1693 1733 1725 Commium-un
1757 1695 1853 1726 Deut.
1870 1706 1969 1734 xxx113
1995 1703 2025 1728 et
2049 1699 2207 1730 Habacuc
2230 1710 2250 1729 1.

1500 1738 1547 1769 Ex
1571 1739 1635 1770 hoc
1657 1746 1688 1770 et
1711 1739 1905 1772 Iudaeorum
1922 1747 1953 1772 et
1968 1742 2247 1774 Luciferianorum
2268 1754 2355 1775 error
2375 1745 2510 1776 eliditur.

1500 1783 1595 1814 Circa
1609 1784 1698 1815 illam
1714 1786 1984 1826 propositionem,
2000 1786 2130 1818 Bonum
2145 1788 2239 1819 habet
2254 1789 2412 1819 rationem
2424 1790 2510 1828 finis,

1443 1828 1677 1860 advertendum
1710 1835 1757 1860 est
1785 1830 1875 1871 quod
1899 1831 2064 1862 veritatem
2095 1833 2190 1864 habet
2220 1833 2259 1864 de
2290 1842 2330 1864 eo
2354 1834 2443 1874 quod
2466 1841 2512 1865 est

1443 1874 1550 1915 primo
1574 1880 1606 1904 et
1630 1883 1688 1915 per
1711 1884 1743 1905 se
1768 1875 1904 1912 bonum,
1928 1882 1963 1906 ut
1987 1875 2102 1907 dicitur
2129 1877 2235 1913 Verit„
2253 1887 2285 1918 q.
2302 1888 2364 1915 xm,
2380 1888 2407 1909 a.
2422 1887 2433 1909 1
2448 1880 2473 1910 *.
2490 1897 2512 1901 —

1443 1918 1554 1949 Potest
1575 1919 1671 1950 etiam
1694 1920 1828 1960 intelligi
1852 1919 1891 1950 de
1915 1921 2004 1951 bono
2021 1931 2038 1951 a
2055 1931 2121 1962 quo
2137 1923 2242 1962 primo
2257 1923 2351 1953 habet
2367 1924 2511 1963 operatio

1443 1963 1619 1994 voluntatis
1643 1970 1679 1994 ut
1703 1965 1742 1995 sit
1765 1965 1861 2001 bona,
1887 1971 1946 1996 etc.

1387 2051 1441 2095 ts·
1452 2060 1468 2084 ὅ

653 2189 1141 2247 CAPITULUM
1177 2192 1784 2251 NONAGESIMUM
1822 2195 2167 2252 SEXTUM

1194 2294 1223 2324 A
1249 2294 1290 2324 28
1305 2304 1323 2323 v
1361 2303 1402 2325 al
1433 2296 1502 2326 sine
1525 2296 1631 2326 titulo.

515 2372 705 2424 QUOD
745 2374 924 2416 DEUS
964 2375 1149 2415 NIHIL
1191 2374 1370 2425 ODIT,
1411 2377 1541 2418 NEC
1582 2377 1801 2419 ODIUM
1840 2377 2158 2419 ALICUIUS
2197 2378 2305 2419 REI

1049 2445 1107 2488 EI
1142 2447 1499 2489 CONVENIRE
1533 2449 1771 2490 POTEST

516 2570 540 2595 x
568 2558 644 2596 hoc
672 2567 805 2596 autem
834 2568 995 2610 apparet
1023 2561 1132 2611 quod
1152 2562 1289 2599 odium
1315 2563 1380 2600 ali-

529 2611 641 2650 cuius
666 2612 720 2650 rei
749 2613 835 2651 Deo
855 2614 1066 2652 convenire
1086 2627 1167 2653 non
1187 2624 1323 2666 potest.

305 2560 514 2763 Ε
584 2665 692 2704 Sicut
706 2666 812 2705 enim
827 2679 941 2705 amor
956 2680 996 2706 se
1017 2669 1133 2706 habet
1148 2670 1197 2707 ad
1212 2669 1377 2715 bonurn,

530 2717 581 2757 ita
600 2719 736 2758 odium
757 2733 798 2758 se
818 2721 935 2759 habet
954 2723 1003 2760 ad
1019 2724 1185 2760 malum:
1207 2736 1300 2761 nam
1320 2723 1380 2760 his

302 2783 404 2821 quos
432 2784 624 2820 amamus,
654 2774 807 2812 bonum
835 2777 1040 2823 volumus;
1069 2777 1129 2820 his
1158 2789 1252 2814 vero
1279 2790 1379 2826 quos
1404 2793 1411 2812 s

302 2824 472 2871 odimus,
493 2828 655 2865 malum.
678 2828 718 2866 Si
738 2828 852 2877 igitur
871 2831 1050 2868 voluntas
1071 2830 1142 2868 Dei
1162 2831 1210 2868 ad
1230 2832 1379 2868 malum

301 2878 475 2917 inclinari
505 2892 586 2918 non
615 2890 752 2931 potest,
773 2891 816 2920 ut
835 2892 1037 2921 ostensum
1067 2893 1122 2921 est
1141 2884 1172 2931 ²¹²,
1203 2884 1379 2934 impossi-

302 2931 378 2970 bile
406 2941 463 2970 est
491 2935 599 2984 quod
628 2934 710 2985 ipse
739 2948 822 2974 rem
851 2937 1023 2987 aliquam
1052 2938 1144 2975 odio
1175 2938 1324 2975 habeat.

356 2987 462 3025 Item.
488 2988 679 3027 Voluntas
702 2989 775 3028 Dei
805 2990 843 3028 in
867 2991 940 3029 alia
969 3005 991 3029 a
1019 3004 1059 3029 se
1088 2992 1217 3038 fertur⁷
1243 3000 1284 3029 ut
1317 3004 1379 3028 su-

301 3040 402 3089 pra*
416 3048 618 3080 ostensum
633 3051 700 3090 est,
712 3043 959 3094 inquantum,
973 3046 1142 3083 volendo
1159 3054 1194 3082 et
1209 3045 1379 3082 amando

301 3106 420 3132 suum
439 3107 523 3133 esse
543 3104 581 3133 et
599 3109 712 3135 suam
742 3098 967 3143 bonitatem,
990 3100 1071 3136 vult
1091 3111 1179 3136 eam
1199 3099 1376 3139 diffundi.

301 3149 520 3186 secundum
556 3151 665 3200 quod
700 3152 882 3202 possibile
919 3161 985 3199 est,
1016 3165 1086 3202 per
1120 3152 1378 3189 similitudinis

300 3203 712 3243 communicationem.
743 3206 831 3243 Hoc
859 3206 972 3255 igitur
1000 3214 1055 3243 est
1083 3206 1191 3255 quod
1211 3207 1318 3243 Deus
1338 3206 1377 3243 in

300 3255 417 3293 rebus
445 3256 528 3294 aliis
556 3271 578 3295 a
607 3271 647 3296 se
677 3261 770 3306 vult,
792 3267 833 3297 ut
858 3259 896 3296 in
921 3259 974 3297 eis
1003 3261 1049 3297 sit
1077 3272 1169 3297 suae
1199 3259 1377 3296 bonitatis

299 3307 534 3350 similitudo..
553 3312 641 3350 Hoc
661 3321 792 3351 autem
813 3321 868 3351 est
888 3314 1039 3352 bonum
1069 3313 1375 3362 uniuscuiusque
1393 3328 1414 3347 ις

300 3362 367 3406 rei,
405 3372 448 3400 ut
485 3364 777 3405 similitudinem
815 3366 989 3405 divinam
1027 3366 1243 3416 participet:
1283 3379 1375 3403 nam

299 3416 494 3465 quaelibet
521 3419 674 3458 bonitas
703 3420 775 3458 alia
810 3433 891 3457 non
920 3428 975 3457 est
1003 3420 1074 3456 nisi
1104 3419 1298 3469 quaedam
1327 3419 1374 3456 si-

300 3468 479 3508 militudo
497 3472 647 3521 primae
667 3474 848 3512 bonitatis
859 3474 889 3511 ²¹².
911 3473 1026 3522 Igitur
1041 3474 1147 3510 Deus
1162 3472 1373 3522 unicuique

299 3522 354 3560 rei
382 3526 465 3561 vult
492 3525 656 3565 bonum.
687 3527 795 3565 Nihil
824 3527 935 3576 igitur
963 3526 1053 3564 odit.

1491 2563 1642 2599 Adhuc.
1675 2564 1707 2598 A
1735 2562 1863 2612 primo
1893 2570 1979 2599 ente
1999 2562 2131 2599 omnia
2151 2561 2222 2598 alia
2241 2561 2427 2609 originem
2447 2574 2503 2599 es-

1437 2616 1543 2653 sendi
1565 2615 1764 2653 sumunt*.
1782 2615 1822 2653 Si
1841 2615 1954 2664 igitur
1971 2615 2115 2664 aliquid
2135 2627 2271 2652 eorum
2293 2627 2393 2663 quae
2415 2623 2502 2652 sunt

1436 2669 1528 2706 odio
1549 2669 1675 2716 habet,
1697 2670 1778 2706 vult
1797 2668 1889 2706 illud
1909 2680 1989 2705 non
2010 2680 2108 2704 esse:
2139 2668 2229 2717 quia
2249 2669 2324 2704 hoc
2343 2676 2398 2704 est
2416 2667 2500 2704 uni-

1435 2722 1576 2772 cuique
1606 2723 1767 2759 bonum.
1798 2723 1888 2759 Vult
1916 2721 2028 2770 igitur
2062 2721 2251 2758 actionem
2279 2732 2390 2757 suam
2418 2732 2497 2757 non

1436 2788 1517 2814 esse
1538 2789 1616 2825 qua
1643 2775 1734 2813 illud
1764 2775 1802 2812 in
1831 2787 1912 2812 esse
1932 2773 2157 2824 producitur
2175 2775 2235 2810 vel
2255 2772 2417 2810 mediate
2436 2775 2498 2810 vel

1436 2829 1673 2867 immediate:
1705 2837 1902 2866 ostensum
1932 2837 1987 2865 est
2015 2827 2119 2865 enim
2148 2839 2263 2876 supra
2281 2826 2301 2848 ²¹²
2327 2826 2445 2875 quod,
2466 2826 2497 2863 si

1436 2885 1542 2921 Deus
1570 2883 1714 2932 aliquid
1743 2884 1835 2928 vult,
1866 2890 2016 2932 oportet
2048 2881 2155 2930 quod
2188 2880 2248 2917 illa
2275 2879 2364 2916 velit
2395 2891 2495 2938 quae

1435 2937 1483 2974 ad
1504 2937 1595 2974 illud
1618 2935 1876 2986 requiruntur.
1906 2936 1993 2973 Hoc
2012 2942 2141 2972 autem
2168 2941 2222 2970 est
2246 2932 2492 2991 impossibile.

1436 2991 1555 3038 Quod
1585 2990 1744 3040 quidem
1773 2997 1886 3039 patet,
1908 2988 1937 3025 si
1957 3001 2016 3026 res
2034 3000 2104 3038 per
2121 2989 2357 3024 voluntatem
2376 2997 2494 3035 ipslus

1396 3060 1420 3075 10
1435 3044 1474 3082 in
1503 3057 1584 3081 esse
1620 3043 1847 3093 procedant:
1878 3042 1968 3091 quia
1996 3051 2087 3079 tunc
2122 3047 2270 3090 oportet
2304 3038 2493 3076 actionem

1434 3111 1512 3147 qua
1532 3110 1591 3135 res
1618 3097 1887 3147 producuntur
1912 3108 1992 3132 esse
2019 3093 2285 3151 voluntariam..
2316 3091 2495 3128 Similiter

1434 3152 1463 3188 si
1493 3151 1712 3188 naturaliter
1740 3150 1785 3186 sit
1813 3161 1941 3186 rerum
1970 3160 2099 3185 causa:
2130 3146 2231 3196 quia,
2252 3152 2348 3181 s1cut
2371 3146 2494 3193 placet

1433 3204 1503 3242 sibi
1533 3217 1602 3242 sua
1631 3212 1777 3249 natura,
1808 3203 1860 3240 sic
1888 3203 2010 3251 placet
2038 3200 2106 3237 sibi
2136 3210 2251 3236 omne
2275 3197 2365 3234 illud
2385 3198 2492 3257 quod

1433 3271 1503 3295 sua
1523 3267 1658 3295 natura
1679 3255 1844 3306 requirit.
1867 3256 2023 3292 Nullam
2044 3253 2155 3301 igitur
2173 3264 2255 3289 rem
2274 3251 2380 3288 Deus
2399 3251 2490 3310 odit.

1487 3312 1699 3348 Praeterea.
1739 3310 1832 3347 lllud
1871 3308 1975 3357 quod
2010 3306 2200 3343 invenitur
2237 3304 2275 3341 in
2310 3303 2492 3363 omnibus

1431 3364 1555 3402 causis
1597 3363 1728 3401 activis
1770 3361 1998 3402 naturaliter,
2036 3358 2242 3409 praecipue
2283 3357 2322 3394 in
2363 3368 2491 3416 primo

1431 3426 1564 3466 agente
1584 3429 1739 3454 necesse
1759 3424 1814 3453 est
1833 3412 2003 3451 inveniri.
2033 3412 2176 3450 Omnia
2195 3418 2325 3448 autem
2345 3417 2492 3458 agenna

1430 3483 1502 3508 suo
1531 3470 1651 3508 modo
1681 3482 1771 3506 suos
1800 3468 1956 3505 effectus
1984 3473 2125 3511 amant,
2146 3464 2360 3501 secundum
2383 3463 2491 3512 quod

1429 3523 1669 3561 huiusmodi:
1699 3525 1789 3559 sicut
1811 3526 1985 3571 parentes
2001 3519 2118 3566 filios,
2146 3524 2280 3567 poetae
2302 3522 2490 3566 poemata,

768 3647 800 3674 17
820 3641 949 3673 quaedam
965 3643 1030 3672 post
1047 3639 1188 3664 similitudo
1206 3638 1293 3663 «DPc.

354 3638 368 3663 5
388 3639 467 3672 quoa}
487 3648 542 3673 quo
558 3648 623 3666 casu
642 3642 674 3666 Α.

871 3683 885 3701 2
905 3674 1022 3708 sumunt]
1042 3679 1180 3699 assumunt
1199 3674 1286 3699 aDPc.

356 3681 367 3699 i
390 3675 476 3706 primo
495 3675 564 3710 ente]
585 3676 629 3701 NZ
649 3677 710 3702 vide
729 3678 779 3709 pA.

1379 3680 1412 3704 14
1430 3681 1485 3698 rem
1505 3680 1547 3698 om
1567 3672 1596 3704 Z,
1615 3678 1731 3696 naturam
1753 3671 1798 3695 Pd.

1891 3668 1924 3694 16
1943 3669 2037 3703 causis]
2059 3670 2181 3694 creaturis
2201 3668 2245 3694 Pc.

2536 659 2543 666 ”
2566 657 2601 679 cf.
2626 657 2685 689 Sixt.
2710 659 2749 680 Se-

2534 684 2749 738 afficit-1355:

2533 742 2641 758 morum
2657 742 2700 759 etc.

2534 764 2553 773 ··
2561 763 2616 785 Alio
2622 769 2687 786 nom.
2694 764 2748 786 Sta-

2535 789 2611 814 dinei,·
2618 789 2665 812 vid.
2672 790 2745 818 Epist.

2535 815 2603 844 Greg.
2615 816 2655 843 IX,
2664 816 2747 843 Mansi,

2535 842 2622 864 Concil.
2632 849 2654 864 v.
2663 843 2747 870 xxm,

2535 875 2557 895 ρ.
2568 875 2613 897 3²3-

2539 1879 2631 1901 ‘Aah

2529 2618 2537 2626 ·
2553 2617 2609 2644 Cap.
2621 2623 2671 2639 xm.

2523 2829 2531 2837 ¹
2546 2827 2602 2855 cap.
2615 2834 2710 2849 uxxiu.
