2768 4134
37 1678 45 1687 ·
53 1676 136 1704 Supra,
144 1676 182 1705 361
194 1677 207 1698 b
214 1682 247 1698 22.

38 3563 46 3572 ”
63 3562 100 3584 Cf.
118 3562 249 3585 Comment.

32 3594 88 3616 cap.
104 3595 184 3615 xxxix,
200 3590 250 3611 init.

289 303 363 340 362

285 391 390 421 ctum
419 389 484 418 est.
515 380 731 417 Perfectum
760 390 853 415 vero
878 390 1008 423 omne,
1029 377 1262 427 inquantum
1283 378 1354 413 hu-

284 434 462 479 iusmodi,
485 433 635 470 bonurn
665 431 842 469 dicimus.
865 431 996 468 Omne
1019 430 1132 479 igitur
1151 442 1278 478 agens,
1299 430 1354 467 in-

283 495 474 538 quantum
503 485 741 530 huiusmodi,
771 485 922 522 bonum
952 492 1018 521 est.
1050 484 1089 522 Si
1119 484 1213 534 quid
1243 483 1355 531 igitur

281 554 352 592 per
371 553 411 577 se
431 541 579 577 malum
600 547 665 585 est,
688 551 768 576 non
796 537 935 598 poterit
964 550 1046 575 esse
1075 550 1204 586 agens.
1226 536 1266 574 Si
1286 550 1353 574 au-

282 604 360 632 tem
390 602 445 631 est
480 594 675 631 malorum
709 591 944 642 principium
980 591 1170 641 primum,
1202 598 1385 639 oportets

281 660 364 685 esse
383 659 454 697 per
471 659 512 683 se
532 648 693 691 malum,
714 654 756 683 ut
785 654 985 683 ostensum
1015 653 1080 681 est.
1112 643 1352 693 Impossibile

281 709 337 738 est
356 701 469 749 igitur
487 699 796 737 distinctionem
788 711 827 736 in
848 699 963 736 rebus
983 698 1193 748 procedere
1213 710 1235 734 a
1254 698 1352 735 duo-

280 755 354 792 bus
382 753 590 804 principiis,
620 754 727 791 bono
757 761 793 789 et
822 754 937 790 malo.

334 807 525 858 Amplius,
548 807 587 845 Si
608 819 726 845 omne
747 818 826 852 ens,
848 806 1081 855 inquantum
1111 804 1350 851 huiusmodi,

280 862 432 899 bonum
452 869 518 907 est,
538 862 687 898 malum
715 860 837 908 igitur,
858 860 1090 908 inquantum
1110 866 1166 895 est
1190 860 1350 904 malum,
1367 874 1393 888 ιο

281 924 336 953 est
356 928 436 953 non
457 927 536 952 ens.
568 915 659 951 Non
679 913 775 950 entis
799 921 940 957 autem,
962 911 1195 961 inquantum
1218 911 1350 949 huius-

281 969 408 1015 modi,
442 980 522 1006 non
555 976 610 1005 est
642 979 788 1017 ponere
821 978 979 1003 causam
1018 974 1215 1014 agentem:
1258 978 1351 1003 cum

281 1035 398 1060 omne
427 1034 543 1071 agens
572 1029 655 1069 agat
684 1020 916 1069 inquantum
951 1027 1006 1056 est
1043 1031 1112 1056 ens
1141 1027 1246 1064 actu;
1277 1019 1351 1068 agit

280 1085 410 1114 autem
439 1074 754 1124 unumquodque
774 1073 845 1110 sibi
866 1073 999 1110 simile.
1030 1072 1122 1110 Mali
1151 1072 1273 1121 igitur,
1295 1072 1350 1109 in-

279 1138 469 1179 quantum
499 1136 555 1165 est
583 1126 820 1173 huiusmodi,
841 1139 922 1164 non
950 1134 1005 1164 est
1024 1138 1171 1176 ponere
1191 1138 1350 1164 causam
1367 1140 1375 1154 ¹

278 1196 348 1233 per
366 1195 406 1219 se
426 1190 615 1231 agentem.
646 1181 738 1218 Non
763 1188 819 1218 est
848 1180 960 1230 igitur
978 1180 1062 1218 fieri
1082 1180 1350 1218 reductionem

278 1238 473 1274 malorum
503 1235 541 1272 in
571 1247 692 1272 unam
720 1234 889 1284 primam
918 1247 1078 1272 causam
1098 1246 1199 1284 quae
1218 1246 1290 1284 per
1309 1246 1349 1271 se

278 1290 324 1327 sit
351 1302 467 1327 causa
496 1288 675 1326 omnium
705 1290 913 1326 malorum.

331 1344 482 1381 Adhuc.
527 1343 648 1390 Quod
690 1342 867 1380 educitur
907 1349 1058 1392 praeter
1095 1341 1349 1379 intentionem

277 1397 432 1445 agentis,
452 1408 533 1433 non
562 1396 678 1433 habet
698 1408 856 1434 causam
876 1407 946 1445 per
965 1408 1016 1442 se,
1037 1396 1103 1433 sed
1130 1395 1261 1432 incidit
1281 1407 1350 1445 per
1365 1408 1375 1421 2

276 1451 470 1488 accidens:
501 1449 599 1487 sicut
627 1462 718 1487 cum
747 1450 834 1500 quis
863 1450 1009 1487 invenit
1037 1451 1265 1487 thesaurum
1294 1449 1349 1486 fo-

276 1505 385 1542 diens
413 1504 462 1542 ad
490 1504 758 1553 plantandum.
790 1504 867 1542 Sed
896 1505 1044 1541 malum
1065 1503 1104 1540 in
1124 1503 1264 1540 effectu
1284 1503 1349 1540 ali-

276 1571 357 1608 quo
372 1571 452 1596 non
467 1565 593 1607 potest
611 1557 817 1608 provenire
834 1557 905 1595 nisi
925 1565 1076 1607 praeter
1095 1557 1348 1594 intentionem

276 1612 439 1662 agentis:
460 1623 552 1649 cum
573 1624 690 1649 omne
710 1624 827 1660 agens
842 1612 891 1649 ad
910 1611 1063 1649 bonum
1082 1611 1270 1656 intendat,
1286 1613 1349 1648 bo-

277 1679 366 1703 num
387 1667 486 1702 enim
506 1671 557 1702 est
572 1665 672 1715 quod
688 1668 816 1703 omnia
835 1671 1011 1716 appetunt
1020 1664 1051 1701 *.
1073 1665 1223 1703 Malum
1238 1663 1351 1712 igitur
1365 1676 1388 1695 ²5

276 1733 356 1758 non
377 1720 492 1757 habet
511 1731 671 1757 causam
690 1731 760 1768 per
778 1732 830 1765 se,
846 1719 913 1756 sed
933 1731 1004 1768 per
1022 1719 1200 1756 accidens
1220 1717 1350 1755 incidit

276 1775 315 1812 in
349 1773 547 1811 effectibus
580 1785 798 1810 causarum.
838 1773 931 1810 Non
966 1772 1078 1821 igitur
1114 1780 1170 1809 est
1203 1784 1348 1821 ponere

276 1840 402 1866 unum
427 1826 599 1877 primum
623 1826 858 1876 principium
883 1826 1064 1864 omnium
1086 1827 1292 1863 malorum.

330 1883 542 1920 Praeterea.
574 1880 869 1918 Contrariorum
902 1880 1099 1928 agentium
1135 1888 1224 1916 sunt
1256 1891 1348 1916 con-

275 1935 410 1972 trariae
440 1934 620 1972 actiones.
658 1934 808 1971 Eorum
843 1933 957 1982 igitur
990 1946 1092 1982 quae
1129 1945 1198 1982 per
1226 1945 1347 1970 unam

274 1989 467 2026 actionem
495 1987 776 2037 producuntur,
806 1998 886 2023 non
915 1995 1004 2023 sunt
1032 1987 1215 2036 ponenda
1244 1986 1347 2035 prin-

273 2041 373 2092 cipia
401 2041 602 2079 contraria.
634 2041 792 2078 Bonum
821 2047 953 2078 autem
973 2048 1010 2077 et
1029 2041 1177 2077 malum
1207 2039 1346 2076 eadem

273 2096 423 2133 actione
451 2095 740 2144 producuntur:
771 2093 910 2132 eadem
939 2093 1045 2131 enim
1073 2093 1224 2131 actione
1244 2105 1347 2143 aqua

273 2149 535 2198 corrumpitur
563 2156 598 2185 et
626 2160 692 2185 aer
724 2155 938 2197 generatur.
975 2148 1069 2184 Non
1105 2155 1195 2184 sunt
1223 2147 1346 2196 igitur,

272 2211 431 2253 propter
458 2201 715 2240 differentiam
750 2201 844 2238 boni
873 2209 909 2238 et
938 2200 1028 2238 mali
1064 2200 1104 2237 in
1139 2201 1256 2238 rebus
1290 2201 1346 2238 in-

272 2265 440 2303 ventam,
470 2256 653 2306 ponenda
681 2255 869 2306 principia
896 2254 1098 2292 contraria.

326 2310 516 2361 Amplius.
547 2310 668 2357 Quod
698 2309 861 2347 omnino
890 2321 971 2346 non
1001 2316 1066 2354 est,
1094 2320 1166 2345 nec
1195 2308 1346 2346 bonum

273 2378 345 2402 nec
363 2367 512 2405 malum
540 2372 607 2401 est.
638 2363 760 2411 Quod
782 2370 913 2400 autem
938 2370 1005 2408 est,
1025 2362 1259 2412 inquantum
1280 2370 1346 2408 est,

273 2419 424 2456 bonum
453 2426 519 2464 est,
540 2425 582 2455 ut
611 2426 812 2455 ostensum
838 2424 905 2454 est.
937 2417 1102 2466 Oportet
1128 2415 1240 2465 igitur
1266 2429 1346 2454 ma-

273 2475 355 2510 lum
384 2484 467 2510 esse
496 2471 640 2521 aliquid
677 2471 912 2521 inquantum
947 2478 1003 2507 est
1035 2482 1117 2507 non
1150 2482 1229 2507 ens.
1261 2471 1347 2507 Hoc
1362 2486 1388 2505 ⁴0

273 2534 404 2564 autem
433 2533 489 2563 est
517 2537 586 2562 ens
614 2525 822 2575 privatum.
854 2524 1005 2562 Malum
1035 2523 1157 2573 igitur,
1183 2524 1347 2574 inquan—

272 2588 357 2617 tum
387 2578 625 2625 huiusmodi,
646 2587 701 2616 est
725 2591 795 2616 ens
824 2577 1038 2628 privatum;
1059 2586 1095 2615 et
1115 2577 1246 2628 ipsum
1266 2590 1347 2616 ma-

273 2635 355 2671 lum
384 2641 440 2671 est
468 2633 551 2683 ipsa
579 2632 755 2682 privatio.
787 2632 955 2670 Privatio
980 2639 1212 2669 autemnon
1232 2631 1348 2670 habet

273 2700 432 2725 causam
461 2699 530 2737 per
558 2699 598 2724 se
627 2695 823 2736 agentem:
853 2686 946 2736 quia
974 2698 1094 2723 omne
1122 2698 1239 2734 agens
1273 2685 1349 2734 agit

273 2741 505 2791 inquantum
536 2741 652 2779 habet
680 2741 866 2786 formam3
896 2748 932 2777 et
961 2740 1015 2777 sic
1044 2748 1196 2790 oportet
1214 2751 1284 2790 per
1307 2752 1347 2776 se
1362 2755 1386 2775 ις

273 2795 456 2832 effectum
476 2794 621 2843 agentis
640 2806 723 2832 esse
744 2794 892 2831 habens
912 2794 1091 2840 formam,
1112 2805 1204 2831 cum
1231 2805 1348 2842 agens

273 2856 357 2897 agat
388 2849 459 2886 sibi
494 2848 635 2893 simile,
666 2848 737 2886 nisi
772 2860 843 2898 per
876 2848 1067 2885 accidens.
1102 2847 1349 2898 Relinquitur

273 2901 386 2950 igitur
414 2902 522 2952 quod
558 2903 707 2939 malum
743 2914 823 2939 non
860 2902 975 2940 habet
1012 2914 1171 2939 causam
1205 2913 1275 2951 per
1307 2913 1346 2939 se

273 2963 463 3004 agentem,
493 2956 559 2994 sed
595 2956 726 2993 incidit
762 2967 832 3006 per
859 2955 1038 2993 accidens
1073 2955 1112 2992 in
1147 2955 1347 2994 effectibus

274 3021 480 3047 causarum
510 3021 580 3060 per
607 3022 647 3046 se
676 3009 885 3058 agentium.

329 3131 338 3149 ι
363 3130 404 3150 est
415 3125 457 3150 hic
470 3125 551 3155 NYZ,
569 3132 612 3150 om
628 3124 727 3154 anGx,
740 3128 804 3149 ante
825 3123 870 3149 361
887 3123 904 3148 b
920 3131 952 3157 ²7
968 3123 1112 3156 perfectum
1133 3123 1198 3154 EW,
1213 3126 1277 3149 ante
1294 3123 1504 3157 unumquodque
1519 3122 1563 3148 Pe.

1109 3167 1142 3191 ²4
1161 3160 1192 3184 ad
1211 3158 1322 3193 (aliquid
1340 3159 1392 3193 pA)
1417 3166 1459 3185 om
1479 3159 1507 3189 Ζ,
1527 3158 1634 3192 aliquod
1654 3158 1696 3184 Pe.

274 3168 334 3185 sum
353 3166 393 3185 est
411 3161 533 3194 (margo)
553 3168 596 3186 om
616 3161 645 3185 Z.
737 3166 770 3186 20
790 3160 878 3185 incidit
895 3167 939 3185 om
959 3160 1016 3185 GP.

329 3203 360 3221 ιο
379 3196 412 3221 Et
430 3195 533 3230 eodem}
554 3196 580 3221 in
598 3197 692 3221 eodem
713 3196 740 3226 Z,
760 3201 786 3220 et
805 3203 862 3221 exo.
881 3195 910 3226 C,
930 3201 956 3221 et
974 3195 1071 3221 ibidem
1091 3194 1120 3225 P,
1139 3199 1165 3221 et
1183 3195 1301 3220 eiusdem
1321 3195 1346 3220 b.

274 3231 401 3266 peccator]
422 3238 463 3257 est
482 3238 603 3264 peccator
621 3232 665 3257 Pc.
768 3231 798 3256 13
818 3230 909 3265 unum]
930 3237 955 3257 et
974 3239 1055 3257 unum
1075 3231 1118 3256 Pe.

274 3267 454 3313 ‚EGbPa'xub
473 3268 515 3299 W,
534 3276 561 3294 ιι.
580 3269 662 3293 ceteri
669 3276 675 3298 ;
692 3275 744 3300 pro
764 3273 812 3298 est,
832 3268 880 3292 erit
899 3267 952 3293 DP.
1045 3266 1075 3292 33
1097 3266 1137 3292 hic
1157 3267 1178 3292 A
1197 3267 1282 3298 solun

275 3303 424 3365 stiffi

504 3303 537 3335 43
558 3309 619 3328 sunt
638 3303 680 3329 hic
699 3305 721 3328 Α
739 3304 825 3332 solun
845 3307 909 3328 ante
928 3310 983 3336 per.

514 3347 548 3371 47
569 3338 685 3373 adversa]
707 3339 809 3364 diversa
830 3339 879 3364 Pd.

1220 3237 1253 3264 ¹9
1271 3231 1328 3256 eiu·
1348 3230 1407 3261 EG;
1425 3237 1468 3256 om
1489 3230 1566 3261 NYZ,
1585 3229 1664 3255 huius
1681 3230 1774 3255 ceteri.

1082 3301 1115 3333 45
1137 3302 1266 3328 Mai-chius
1285 3266 1403 3333 Ghiiiz‘cic,
1422 3301 1537 3327 Marcion
1564 3301 1611 3331 Pd.
1631 3300 1752 3326 Mai-chus
1777 3303 1804 3326 et
1827 3300 1930 3326 Marcus
1957 3300 2048 3326 ceteri.

968 3346 1004 3372 49
1023 3337 1220 3363 Marclxianistae
1238 3343 1264 3364 et
1283 3338 1376 3363 ultimo
1394 3345 1437 3363 om
1457 3338 1507 3364 Pd.

790 299 978 336 SUMMA
1007 299 1230 336 CONTRA
1258 298 1533 343 GENTILES,
1562 299 1657 334 LIB.
1678 299 1719 344 ΙΙ,
1751 299 1862 335 CAP.
1884 300 1981 336 XLI.

1463 361 1557 413 Non
1587 385 1642 414 est
1670 376 1783 425 igitur
1810 389 1938 414 unum
1966 378 2139 427 primum
2168 388 2205 416 et
2232 393 2302 440 per
2329 394 2370 419 se
2403 395 2484 420 ma-

1410 431 1539 466 lorum
1568 430 1823 479 principium:
1854 430 1922 467 sed
1950 431 2126 480 primum
2145 433 2325 471 omnium
2344 435 2484 484 princi-

1409 483 1521 532 pium
1551 491 1607 520 est
1635 496 1762 520 unum
1790 483 1966 533 primum
1994 485 2157 532 bonum,
2186 486 2225 524 in
2253 487 2364 524 cuius
2393 489 2484 526 effe-

1409 536 1534 574 ctibus
1561 537 1815 587 consequitur
1842 539 1992 576 malum
2020 550 2091 588 per
2118 539 2308 577 accidens.

1462 590 1565 627 Hinc
1593 598 1649 627 est
1677 591 1785 640 quod
1815 593 1940 629 Isazae
1953 590 2050 630 xi.⁶v
2068 592 2263 631 dicitur:
2293 595 2380 643 Ego
2407 596 2484 632 Do-

1409 645 1543 689 minus,
1573 650 1607 680 et
1636 658 1710 682 non
1745 651 1796 681 est
1831 645 1926 682 aller
1952 646 2074 682 Deus.-
2090 647 2273 694 formans
2301 647 2422 684 lucem
2451 655 2484 685 et

1407 709 1542 734 creans
1569 700 1751 744 tenebras,
1771 699 1925 746 jaciens
1947 711 2083 749 pacem
2113 706 2147 737 el
2174 713 2310 738 creans
2327 702 2481 739 malum.

1407 751 1494 801 Ego
1522 752 1709 788 Dominus
1726 752 1880 799 faciens
1905 750 2034 790 omnia
2059 754 2162 791 haec.
2194 755 2242 792 Et
2261 755 2376 792 Eccli.
2392 751 2427 792 xi
2440 759 2481 792 ¹⁴:

1407 806 1518 842 Bona
1547 811 1580 842 et
1608 805 1723 851 mala,
1743 807 1819 842 vita
1838 811 1872 842 et
1891 818 2005 852 mors,
2022 813 2227 857 paupertas
2246 814 2280 846 et
2298 810 2481 855 honestas,

1407 870 1431 894 a
1452 859 1532 895 Deo
1552 865 1646 895 sunt.
1679 859 1725 895 Et
1745 859 1886 896 eodem
1906 871 2011 896 xxxm
2030 864 2070 896 ¹⁵:
2095 862 2237 899 Contra
2257 863 2399 900 malum
2418 865 2482 900 bo-

1409 924 1498 948 num
1519 918 1580 949 est.
1611 914 1672 949 Sic
1699 918 1733 949 et
1760 919 1892 950 contra
1912 915 2035 950 virum
2058 915 2191 951 iustum
2218 923 2405 965 peccator.
2434 919 2483 954 Et

1406 967 1459 1002 sic
1488 967 1631 1003 intuere
1659 967 1696 1002 in
1726 968 1855 1004 omnia
1883 979 2000 1016 opera
2029 968 2209 1005 Allissimi
2241 970 2315 1007 duo
2349 976 2482 1016 contra

1407 1019 1492 1064 duo,
1523 1032 1639 1056 unum
1669 1025 1801 1057 contra
1830 1033 1959 1057 unum.

1461 1049 1610 1110 Dicitur
1637 1081 1770 1110 autem
1803 1074 1910 1111 Deus
1935 1075 2074 1123 facere
2102 1076 2216 1122 mala,
2246 1077 2309 1114 vel
2336 1089 2481 1124 creare,

1406 1125 1641 1175 inquantum
1656 1135 1759 1164 creat
1779 1139 1824 1164 ea
1839 1140 1941 1177 quae
1961 1128 2180 1166 secundum
2201 1142 2241 1166 se
2261 1130 2366 1168 bona
2381 1139 2480 1177 sunt,

1406 1187 1442 1216 et
1470 1187 1601 1218 tamen
1621 1180 1701 1217 aliis
1721 1189 1810 1218 sunt
1838 1181 1996 1219 nociva:
2027 1181 2125 1219 sicut
2152 1184 2279 1233 lupus,
2300 1185 2481 1233 quamvis

1406 1233 1445 1270 in
1465 1246 1536 1271 sua
1555 1233 1682 1284 specie
1701 1235 1904 1283 quoddam
1925 1235 2076 1273 bonum
2097 1244 2256 1274 naturae
2276 1237 2332 1283 sit,
2348 1246 2480 1275 tamen

1406 1287 1471 1324 ovi
1491 1295 1546 1324 est
1566 1289 1709 1334 malus;
1730 1296 1767 1326 et
1787 1288 1986 1326 similiter'
1977 1289 2074 1338 ignis
2094 1302 2230 1340 aquae,
2245 1290 2480 1341 inquantum

1406 1348 1461 1378 est
1480 1340 1564 1379 eius
1583 1341 1840 1392 corruptivus.
1872 1343 1920 1380 Et
1946 1355 2018 1393 per
2045 1343 2211 1382 similem
2237 1345 2405 1383 modum
2423 1354 2480 1384 est

1405 1407 1522 1432 causa
1551 1397 1747 1433 malorum
1776 1395 1816 1433 in
1849 1395 2088 1469 hominibus6
2110 1410 2211 1447 quae
2244 1410 2395 1448 poenae
2423 1399 2480 1437 di-

1405 1457 1556 1486 cuntur.
1588 1450 1700 1487 Unde
1729 1449 1870 1487 dicitur
1894 1452 2012 1487 Amos
2032 1448 2103 1488 111⁶:
2133 1453 2174 1488 Si
2199 1458 2250 1489 est
2278 1453 2421 1490 malum
2441 1455 2478 1490 in

1405 1504 1550 1540 civitate
1579 1504 1679 1553 quod
1711 1504 1897 1540 Dominus
1935 1517 2009 1541 non
2036 1505 2206 1553 fecerit?
2238 1506 2287 1543 Et
2320 1507 2396 1544 hoc
2424 1514 2481 1544 est

1404 1557 1513 1606 quod
1543 1557 1752 1606 Gregorius
1781 1557 1871 1595 dicit
1890 1557 1925 1579 '¹‘-
1956 1560 2080 1595 Etiam
2110 1559 2224 1605 mala,
2253 1572 2350 1610 quae
2377 1561 2481 1598 nulla

1403 1623 1472 1648 sua
1508 1617 1644 1648 natura
1678 1613 1894 1657 subsistunt,
1929 1618 2107 1649 creantur
2141 1626 2165 1650 a
2201 1614 2386 1652 Domino:
2417 1615 2484 1652 sed

1405 1677 1537 1702 creare
1564 1665 1667 1702 mala
1695 1665 1829 1702 dicitur
1856 1677 1941 1702 cum
1971 1678 2031 1703 res
2059 1668 2095 1703 in
2124 1678 2164 1703 se
2190 1669 2308 1704 bonas
2335 1674 2481 1706 creatas

1406 1720 1511 1756 nobis
1539 1719 1638 1756 male
1665 1721 1861 1768 agentibus
1890 1720 1926 1755 in
1948 1720 2151 1769 flagellum
2170 1721 2333 1768 format.

1459 1773 1533 1808 Per
1568 1772 1644 1809 hoc
1681 1779 1813 1809 autem
1851 1772 2067 1810 excluditur
2103 1785 2211 1810 error
2246 1774 2479 1835 ponentium

1404 1825 1530 1875 prima
1558 1825 1747 1875 principia
1775 1825 1977 1863 contraria.
2008 1826 2086 1874 Qui
2123 1839 2231 1864 error
2265 1828 2394 1877 primo
2423 1828 2480 1865 in-

1403 1878 1532 1929 coepit
1569 1879 1618 1916 ab
1652 1879 1904 1928 Empedocle.
1935 1880 2070 1917 Posuit
2102 1880 2207 1918 enirn
2239 1882 2321 1919 duo
2354 1882 2480 1932 prima

1402 1931 1591 1982 principia
1611 1931 1771 1980 agentia,
1788 1935 1992 1970 amzciliam
2012 1942 2048 1970 et
2067 1934 2180 1979 litem,
2196 1946 2369 1984 quorum
2383 1935 2479 1973 ami-

1402 1986 1530 2023 citiam
1560 1985 1653 2022 dixit
1681 1998 1764 2023 esse
1789 1998 1948 2023 causam
1967 1986 2235 2035 generationis,
2255 1987 2359 2030 litem
2379 2000 2479 2026 vero

1402 2038 1680 2089 corruptionis:
1711 2052 1758 2077 ex
1786 2051 1868 2089 quo
1888 2039 2051 2086 videtur,
2072 2048 2115 2078 ut
2136 2039 2359 2080 Aristoteles
2367 2041 2479 2092 ,dida

1402 2093 1441 2131 in
1475 2094 1488 2130 Ι
1515 2095 1731 2143 Metaphys.
1759 2093 1794 2137 ²⁸,
1826 2093 1887 2130 hic
1923 2093 2019 2139 duo,
2054 2094 2207 2132 bonum
2243 2103 2281 2132 et
2316 2072 2527 2151 maltum}

1402 2147 1553 2198 primus
1581 2146 1768 2197 principia
1797 2147 1990 2185 contraria
2018 2147 2206 2197 posuisse.
2342 2166 2348 2172 ·
2434 2177 2439 2182 .

1456 2201 1592 2239 Posuit
1619 2209 1751 2238 autem
1783 2209 1820 2238 et
1853 2201 2092 2251 Pythagoras
2119 2202 2201 2239 duo
2237 2202 2375 2252 prima,
2408 2201 2478 2240 bo-

1402 2267 1500 2293 num
1520 2263 1557 2292 et
1575 2256 1744 2292 malurn:
1775 2255 1842 2292 sed
1871 2266 1952 2292 non
1980 2266 2051 2305 per
2078 2256 2246 2293 modum
2271 2255 2479 2306 principio·

1402 2321 1491 2347 rum
1511 2308 1720 2358 agentium,
1741 2308 1809 2346 sed
1838 2320 1909 2358 per
1935 2308 2103 2346 modum
2131 2309 2355 2348 formalium
2374 2309 2479 2360 prin-

1402 2362 1607 2413 cipiorum.
1638 2362 1814 2400 Ponebat
1848 2362 1954 2400 enim
1990 2363 2087 2400 haec
2115 2362 2197 2402 duo
2226 2375 2309 2401 esse
2337 2375 2479 2412 genera

1402 2417 1476 2454 sub
1509 2417 1653 2466 quibus
1686 2416 1821 2454 omnia
1853 2416 1926 2454 alia
1959 2417 2402 2466 comprehenderentur:
2436 2425 2479 2455 ut

1402 2478 1506 2521 patet
1533 2483 1604 2520 per
1632 2469 1930 2519 Philosophum,
1960 2469 1999 2508 in
2029 2471 2042 2508 l
2069 2472 2357 2522 Metaphysicae
2373 2470 2405 2508 ²⁸².

1458 2525 1541 2561 Hos
1579 2532 1710 2562 autem
1747 2522 2111 2574 antiquissimorum
2148 2524 2478 2575 philosophorum

1403 2590 1567 2623 errores,
1597 2577 1665 2628 qui
1701 2577 1817 2615 etiam
1852 2589 1923 2627 per
1956 2577 2190 2628 posteriores
2222 2578 2479 2629 philosophos

1403 2639 1492 2669 sunt
1521 2631 1756 2669 sufficienter
1774 2631 1930 2678 exclusi,
1950 2631 2113 2682 quidam
2141 2631 2313 2682 perversi
2342 2643 2479 2670 sensus

1403 2685 1584 2723 homines
1619 2685 1816 2723 doctrinae
1847 2685 2088 2723 Christianae
2123 2685 2333 2735 adiungere
2368 2697 2479 2736 prae-

1403 2747 1666 2789 sumpserunt.
1702 2739 1887 2787 Quorum
1922 2739 2074 2789 primus
2107 2738 2177 2777 fuit
2211 2739 2423 2785 Marchius,
2456 2751 2479 2776 a

1402 2805 1484 2843 quo
1513 2792 1729 2830 Marchiani
1758 2801 1847 2830 sunt
1875 2792 1975 2839 dicti,
1996 2793 2064 2843 qui
2083 2793 2158 2830 sub
2186 2793 2347 2831 nomine
2366 2792 2478 2831 Chri·

1403 2846 1527 2884 stiano
1556 2846 1748 2884 haeresim
1777 2846 1962 2893 condidit,
1991 2847 2173 2897 opinatus
2201 2847 2282 2886 duo
2311 2846 2383 2884 sibi
2411 2846 2478 2884 ad·

1402 2913 1514 2938 versa
1547 2899 1754 2950 principia;
1785 2912 1905 2950 quem
1941 2900 2062 2938 secuti
2097 2908 2187 2938 sunt
2222 2899 2477 2946 Cerdoniani;

1402 2962 1439 2992 et
1473 2954 1731 3004 postmodum
1767 2953 2085 3001 Marchianistae3
2114 2962 2152 2992 et
2180 2953 2317 2994 ultimo
2352 2953 2478 2992 Mani-

1375 3008 1522 3053 ochaei‚
1552 3008 1619 3058 qui
1650 3008 1756 3045 hunc
1784 3020 1957 3046 errorem
1985 3007 2156 3046 maxime
2188 3007 2429 3046 diffuderunt
2446 3007 2477 3046 ¹⁸¹.

1649 3122 1663 3147 5
1684 3121 1840 3155 principium
1857 3124 1921 3154 post
1938 3122 2054 3154 primum
2074 3121 2220 3147 «Dwxpc.
2312 3120 2330 3146 6
2347 3125 2377 3146 ut
2387 3124 2479 3146 oeten?

1794 3165 1828 3192 29
1846 3157 1983 3183 Praeterea
2000 3159 2023 3183 Α
2042 3158 2128 3189 solus,
2147 3157 2221 3183 Item.

1438 3201 1465 3219 ιι
1490 3195 1532 3220 Sic
1545 3199 1571 3220 et
1582 3195 1605 3219 Α
1619 3194 1705 3225 sams,
1725 3198 1750 3219 et
1762 3198 1853 3219 contra
1864 3193 1945 3218 vitam
1958 3200 2031 3218 mors
2046 3193 2084 3218 sic
2098 3197 2125 3218 et
2137 3193 2167 3224 P,
2178 3197 2206 3218 et
2218 3192 2284 3221 ch.
2298 3197 2325 3217 et
2334 3191 2373 3217 sic
2386 3192 2478 3218 ceteri.

1866 3236 1900 3254 20
1917 3228 2079 3263 hominibus}
2099 3228 2224 3254 omnibu·
2243 3227 2288 3254 Pe.
2387 3234 2417 3253 ιι
2440 3235 2478 3253 ιιι.

1466 3266 1499 3298 34
1518 3266 1620 3300 primus
1638 3273 1682 3291 om
1702 3265 1734 3297 G,
1754 3265 1837 3300 prima
1856 3264 1904 3290 ΝΥ
1905 3265 1970 3296 ZPc,
1988 3264 2080 3298 primia
2098 3265 2131 3297 D,
2142 3264 2216 3298 prius
2229 3263 2263 3289 E.
2350 3270 2386 3295 40
2404 3263 2431 3288 in
2449 3262 2476 3297 1.]

2146 3297 2182 3331 46
2201 3297 2349 3332 Mai-chinni]
2370 3298 2478 3324 Marcio-

1598 3336 1630 3362 50
1649 3335 1818 3370 diffuderunt}
1839 3336 2011 3362 defenderunt
2030 3336 2062 3366 Y,
2081 3334 2224 3360 defendunt
2243 3334 2272 3360 Ζ.

1042 3453 1380 3486 Commentaria
1404 3453 1714 3486 Fen-ariensis

279 3568 427 3630 Taum
452 3560 618 3590 conclusio
643 3566 689 3591 est
707 3561 737 3590 ἐ
776 3560 885 3591 Causa
909 3559 1126 3591 distinctionis
1151 3569 1260 3590 rerum
1282 3570 1346 3590 non
1402 3558 1558 3595 secundo,
1578 3558 1665 3589 idem
1689 3556 1830 3588 ostendit
1853 3555 2084 3597 particulariter
2100 3555 2139 3586 de
2156 3556 2380 3587 contrarietate
2397 3556 2475 3586 boni

339 3608 383 3632 est
414 3605 630 3635 contrarietas
657 3605 834 3646 agentium
871 3604 965 3635 Circa
998 3605 1089 3635 cuius
1120 3605 1347 3645 probationem
1403 3610 1434 3635 et
1458 3603 1568 3634 mali

279 3645 344 3676 duo
369 3645 442 3677 facit
466 3648 599 3678 Sanctus
617 3649 777 3680 Thomas.
804 3650 921 3690 primo,
946 3649 1062 3690 probat
1092 3649 1238 3679 absolute
1269 3658 1347 3679 con-

279 3690 469 3721 trarietatem
493 3694 656 3731 agentium
673 3703 739 3724 non
757 3704 826 3724 esse
844 3703 973 3724 causam
991 3693 1204 3724 distinctionis
1225 3702 1347 3730 rerum;

1459 3648 1482 3678 Ι.
1507 3647 1675 3686 Quantum
1699 3645 1740 3677 ad
1762 3646 1914 3686 primum,
1939 3645 2097 3687 arguitur
2114 3645 2224 3686 primo
2252 3644 2308 3676 sic.
2338 3644 2404 3676 Aut
2427 3644 2474 3675 di-

1402 3693 1483 3723 versi
1515 3697 1644 3732 agentes
1675 3701 1713 3722 ex
1738 3690 1855 3730 quibus
1887 3689 2033 3730 procedit
2064 3699 2171 3720 rerum
2203 3689 2377 3726 diversitas,
2401 3693 2475 3720 sunt

2507 1565 2722 1592 'Mora1.1=b.111.

2507 1598 2613 1648 'quvi-,11
2635 1581 2722 1621 (Mlgne

2526 2101 2721 2151 ww...

2505 2471 2589 2500 ·.Cnp
2603 2477 2630 2498 v:
2645 2470 2720 2494 ι’Πι.

2506 2498 2608 2528 1--7655

2505 2982 2662 3037 nocero-eiius,
2670 2982 2722 3037 nilve,

2505 3042 2554 3063 xxi,
2567 3042 2626 3062 un
2641 3042 2703 3059 ιιινι.

2502 3606 2563 3628 ·(:f.
2579 3613 2601 3629 ιι.
2614 3612 2640 3629 ιι.
