2768 4134
55 630 124 660 [Εἰ.
149 635 199 656 cap.
226 635 263 655 Lx,

52 1046 60 1054 ¹
73 1044 110 1066 Cf.
127 1043 261 1074 Commeat.

114 1076 195 1097 cxxiii,
210 1073 260 1091 init.

119 1103 141 1119 n.
152 1103 183 1119 vi.

48 1077 108 1119 5⁸&

48 2774 57 2783 ·
71 2773 107 2795 Cf.
122 2779 144 2795 n.
156 2780 178 2795 v.

49 3038 109 3087 i'bffi:
129 3038 259 3061 Comment.

297 300 373 346 476

297 381 454 412 naturae
478 374 643 409 minister
670 371 709 407 in
739 369 924 406 sanando.
956 368 1018 405 Sic
1047 367 1159 415 igitur
1186 374 1366 404 causatur

295 425 450 464 scientia
478 425 516 461 in
550 423 739 472 discipulo
768 434 838 472 per
865 420 1103 469 magistrum,
1132 432 1214 457 non
1242 419 1364 456 modo

293 478 473 516 naturalis
502 476 671 522 actionis,
702 475 768 512 sed
799 473 1013 519 artificialis,
1050 481 1092 510 ut
1119 472 1267 510 dictum
1296 480 1361 509 est.

346 533 558 575 Praeterea,
578 541 670 566 cum
692 529 988 565 Commentator
1006 526 1225 576 praedictus
1243 534 1363 575 ponat
1381 542 1387 547 ·

292 584 445 621 habitus
465 582 711 620 scientiarum
732 593 814 618 esse
829 581 868 618 in
885 580 1076 617 intellectu
1091 579 1247 629 passivo
1267 579 1363 616 sicut
1387 600 1394 619 ς

290 637 331 674 in
350 636 523 674 subiecto
533 635 563 681 ²⁸,
585 635 710 672 unitas
726 634 938 671 intellectus
957 632 1149 682 possibilis
1168 632 1263 669 nihil
1276 631 1362 668 facit

343 748 381 773 b2
402 749 471 773 enim
490 747 633 780 passivum!
652 752 740 772 autem
760 746 867 771 aDWX.

1049 841 1387 874 Commentaria

266 938 269 942 ’
351 952 498 974 osmunt
529 942 663 974 Sanctus
688 941 832 971 Thomas
864 939 1140 970 Commentatoris
1169 939 1361 979 opinionem

293 954 391 1018 Pde
423 987 543 1018 unitate
574 986 754 1016 intellectus
783 984 943 1024 possibilis
975 983 1196 1024 impugnavit,
1224 982 1264 1014 ad
1291 984 1360 1014 eius

287 1041 376 1062 nunc
399 1032 538 1062 rationes
561 1030 630 1060 vult
652 1028 847 1069 respondere
861 1029 888 1058 θ’.

344 1076 366 1106 1.
383 1076 493 1105 Prima
506 1076 522 1091 ὓ
544 1079 651 1104 autem
675 1073 744 1103 eius
761 1073 847 1102 ratio
865 1077 930 1103 erat
947 1072 1032 1112 quia,
1050 1072 1076 1102 si
1092 1071 1360 1112 multiplicaretur

287 1119 466 1151 secundum
482 1127 654 1149 numerum
670 1117 852 1148 intellectus
875 1117 1047 1157 possibilis,
1065 1122 1148 1147 esset
1170 1116 1276 1147 forma
1291 1125 1359 1147 ma-

286 1164 411 1200 terialis,
436 1169 467 1194 et
496 1172 554 1203 per
578 1171 782 1202 consequens
812 1171 880 1192 non
910 1162 1068 1202 reciperet
1097 1160 1219 1201 aliquid
1250 1170 1358 1201 neque

287 1213 471 1248 operaretur
486 1207 555 1237 sine
575 1216 697 1247 organo
715 1206 886 1247 corporali.
903 1205 1004 1244 Quod
1020 1211 1067 1236 est
1083 1211 1196 1236 contra
1210 1211 1359 1236 naturam

285 1251 465 1283 intellectus
488 1251 659 1292 possibilis.
676 1267 700 1273 —
714 1250 872 1281 Probatur
887 1251 1132 1291 consequentia.
1150 1250 1237 1288 Quia
1252 1250 1358 1281 omnis

285 1296 390 1327 forma
405 1305 488 1337 quae
508 1301 555 1326 est
573 1305 638 1326 una
654 1294 835 1326 secundum
851 1296 993 1336 speciem
1011 1300 1042 1326 et
1062 1294 1294 1336 multiplicatur
1310 1304 1359 1326 se-

286 1340 431 1371 cundum
465 1349 653 1376 numerum,
690 1338 908 1370 individuatur
941 1349 999 1380 per
1032 1339 1209 1370 materiam.
1242 1339 1358 1370 Omnis

285 1391 395 1416 autem
422 1384 526 1415 forma
553 1384 752 1415 individuata
776 1394 833 1425 per
863 1385 1031 1415 materiam
1063 1385 1156 1415 cuius
1183 1389 1230 1415 est
1257 1390 1357 1420 actus,

285 1435 333 1462 est
356 1429 461 1460 forma
483 1429 669 1460 materialis:
694 1438 770 1460 cum
787 1434 937 1469 oporteat
961 1438 1029 1459 esse
1054 1429 1226 1460 cuiuslibet
1241 1429 1287 1460 rei
1303 1428 1358 1459 de-

285 1474 426 1516 pendere
447 1474 485 1504 ab
507 1483 547 1504 eo
567 1483 586 1504 a
599 1483 666 1514 quo
687 1473 849 1514 dependet
862 1473 1077 1504 individuatio
1102 1474 1181 1510 eius,
1203 1483 1243 1504 eo
1269 1473 1359 1514 quod

284 1519 442 1560 principia
464 1517 698 1549 individuantia
721 1518 785 1548 sint
801 1517 840 1549 de
865 1518 1002 1548 essentia
1025 1518 1122 1548 huius
1146 1517 1313 1549 individui.

341 1573 371 1594 2.
395 1561 634 1603 Respondetur‚
659 1568 690 1593 et
714 1562 830 1593 dicitur
846 1563 964 1604 primo,
989 1562 1080 1603 quod
1103 1562 1286 1593 intellectus
1312 1567 1359 1592 est

284 1617 370 1639 unus
393 1607 501 1648 specie
522 1612 553 1637 et
575 1607 684 1647 plures
707 1607 889 1638 secundum
912 1616 1102 1638 numerum:
1121 1625 1142 1629 -
1157 1612 1194 1638 ut
1211 1617 1280 1638 non
1304 1606 1359 1637 fiat

285 1653 332 1683 vis
355 1652 389 1682 in
411 1652 475 1682 hoc
499 1651 590 1692 quod
612 1656 718 1692 partes
741 1652 884 1682 hominis
902 1661 971 1682 non
994 1656 1162 1692 ponuntur
1186 1652 1219 1682 in
1241 1661 1359 1692 genere

284 1697 337 1727 vel
359 1697 393 1726 in
417 1697 525 1736 specie
553 1695 735 1727 secundum
758 1706 804 1732 se,
828 1695 885 1727 sed
908 1696 1015 1727 solum
1043 1701 1079 1726 ut
1102 1701 1178 1726 sunt
1201 1696 1360 1736 principia

286 1741 397 1772 totius.

341 1785 467 1816 Dicitur
482 1783 637 1821 secundo,
651 1784 742 1825 quod
754 1785 988 1825 consequentia
1004 1789 1052 1815 est
1063 1783 1151 1823 falsa,
1168 1783 1359 1825 accipiendo

286 1828 425 1860 formam
448 1828 645 1860 materialem
668 1839 728 1870 pro
759 1828 864 1860 forma
887 1828 1091 1870 dependente
1116 1839 1133 1859 a
1157 1829 1288 1860 materia
1312 1838 1360 1860 se-

286 1873 432 1904 cundum
456 1882 535 1904 esse.

341 1918 466 1949 Dicitur
481 1918 586 1953 tertio,
599 1917 640 1947 ad
654 1918 883 1957 probationem
900 1918 1163 1958 consequentiae,
1184 1916 1275 1957 quod
1293 1917 1360 1948 ani-

284 1971 356 1992 mae
371 1962 544 1998 humanae,
561 1966 593 1992 et
607 1970 666 2001 per
682 1971 886 2002 consequens
909 1962 1091 1992 intellectus
1114 1961 1286 2002 possibilis,
1304 1962 1360 2002 qui

284 2011 333 2036 est
347 2006 494 2046 potentia
509 2005 646 2041 animae,
662 2005 905 2037 individuantur
927 2005 1110 2037 secundum
1125 2015 1273 2046 corpora,
1292 2015 1360 2036 non

285 2051 375 2091 quasi
391 2049 648 2080 individuatione
661 2059 679 2080 a
695 2050 888 2090 corporibus
905 2056 1044 2087 causata,
1061 2049 1118 2080 sed
1134 2059 1172 2081 ex
1188 2050 1253 2081 hoc
1270 2050 1361 2090 quod

284 2094 323 2125 ad
347 2094 434 2125 aliud
457 2099 489 2125 et
512 2093 599 2125 aliud
623 2103 742 2134 corpus
766 2093 989 2126 habitudinem
1013 2094 1142 2126 habent.

339 2139 376 2170 Π.
394 2138 489 2170 Circa
500 2139 594 2169 istam
606 2139 854 2179 responsionem
866 2138 1087 2180 multipliciter
1099 2138 1273 2170 dubitatur.
1283 2138 1360 2170 Non

284 2184 371 2215 enim
394 2182 521 2214 videtur
550 2188 740 2223 argumento
769 2182 960 2214 satisfacere.
985 2184 1110 2220 Primo,
1135 2184 1212 2224 quia
1235 2183 1361 2215 videtur

284 2228 400 2260 falsum
422 2226 715 2259 individuationem
738 2229 917 2259 animarum
943 2238 961 2259 a
981 2229 1174 2269 corporibus
1197 2238 1265 2260 non
1284 2238 1360 2260 cau-

284 2273 354 2304 sari.
379 2273 468 2304 Tum
492 2273 578 2313 quia,
602 2273 685 2304 sicut
707 2273 741 2304 in
765 2278 957 2314 argumento
977 2273 1177 2314 tangebatur,
1202 2273 1360 2314 principia

284 2316 517 2348 individuantia
540 2322 615 2348 sunt
638 2316 678 2348 de
702 2318 839 2348 essentia
862 2317 959 2349 huius
982 2316 1150 2354 individui,
1171 2317 1254 2349 sicut
1271 2318 1359 2359 prin-

285 2362 370 2402 cipia
393 2362 580 2392 communia
599 2367 674 2392 sunt
689 2361 729 2393 de
749 2363 886 2393 essentia
904 2362 1034 2403 speciei.
1060 2362 1285 2403 Unaquaeque
1303 2372 1360 2394 au—

285 2412 352 2437 tem
367 2415 417 2437 res
433 2416 451 2437 a
466 2407 532 2436 suis
551 2406 717 2447 principiis
738 2407 959 2437 essentialibus
975 2406 1137 2448 dependet
1153 2412 1184 2438 et
1200 2413 1359 2438 causatur.

286 2451 372 2491 Ergo
395 2450 609 2482 individuatio
633 2452 814 2482 animarum
838 2451 1000 2492 dependet
1023 2457 1054 2482 et
1078 2457 1227 2483 causatur
1250 2462 1269 2483 a
1287 2461 1359 2483 cor-

286 2505 366 2537 pore
389 2505 446 2536 per
469 2495 560 2536 quod
582 2495 810 2527 individuatur.

342 2539 430 2571 Tum
454 2540 531 2580 quia
560 2540 716 2571 habitudo
747 2541 873 2571 animae
905 2539 946 2571 ad
976 2550 1094 2582 corpus
1126 2546 1173 2572 est
1202 2540 1359 2572 habitudo

286 2584 410 2615 formae
432 2583 472 2615 ad
490 2585 668 2615 materiam.
694 2585 826 2616 Materia
849 2584 957 2616 autem
982 2591 1029 2616 est
1048 2595 1144 2616 causa
1168 2584 1293 2617 formae
1311 2595 1360 2616 se-

286 2629 430 2660 cundum
453 2628 555 2669 genus
584 2639 699 2661 causae
729 2629 911 2660 materialis.
935 2629 1032 2670 Ergo,
1057 2630 1084 2660 si
1113 2630 1221 2661 anima
1244 2629 1359 2661 indivi-

286 2673 402 2705 duatur
425 2683 463 2704 ex
486 2673 673 2705 habitudine
697 2673 737 2705 ad
753 2683 882 2714 corpus,
907 2675 1053 2715 sequitur
1071 2674 1161 2715 quod
1185 2684 1304 2716 corpus
1320 2675 1360 2706 sit

286 2728 382 2750 causa
404 2719 530 2750 animae
555 2724 586 2749 et
608 2719 873 2750 individuationis
898 2719 977 2750 eius.

343 2773 372 2794 2.
397 2762 548 2794 Secundo
565 2764 592 2800 ³,
613 2764 689 2804 quia
705 2763 831 2795 videtur
847 2763 963 2794 falsum
980 2762 1071 2804 quod
1087 2764 1215 2795 animae
1230 2773 1289 2804 per
1303 2764 1360 2795 ha-

285 2807 466 2839 bitudinem
482 2807 522 2839 ad
538 2817 676 2849 corpora
698 2807 955 2839 individuentur:
979 2808 1160 2839 substantia
1183 2809 1268 2839 enim
1293 2818 1359 2840 non

287 2852 511 2884 individuatur
538 2852 601 2883 nisi
631 2863 672 2884 ex
699 2852 890 2888 substantia,
922 2858 958 2883 ut
988 2852 1104 2884 dicitur
1126 2852 1234 2884 Prima
1256 2853 1358 2890 Parte,

286 2906 317 2938 q.
334 2907 416 2934 xxix,
437 2907 464 2928 a.
486 2905 513 2927 ι.
531 2895 594 2928 Sed
610 2897 669 2928 ista
692 2896 848 2928 habitudo
873 2897 999 2928 animae
1023 2896 1063 2928 ad
1082 2906 1202 2938 corpus
1225 2907 1294 2929 non
1313 2903 1360 2929 est

286 2942 470 2972 substantia.
487 2941 574 2980 Ergo
590 2951 658 2972 non
674 2941 894 2973 individuatur
909 2950 947 2972 ex
964 2942 1023 2972 ista
1038 2941 1236 2973 habitudine.

345 2986 397 3016 ΠΙ.
421 2985 473 3017 Ad
504 2986 622 3016 horum
652 2985 861 3023 solutionem,
892 2986 1055 3016 reminisci
1087 2992 1217 3027 oportet
1244 2996 1360 3018 eorum

288 3040 370 3071 quae
386 3031 534 3071 superius
557 3035 640 3062 tacta
662 3036 747 3067 sunt,
767 3031 872 3071 capite
893 3040 989 3062 vam
1002 3031 1028 3066 *‚
1046 3030 1101 3061 ubi
1125 3037 1293 3062 ostensum
1314 3037 1361 3063 est

288 3075 457 3116 quomodo
475 3076 582 3106 anima
597 3075 792 3106 intellectiva
807 3084 875 3106 non
893 3080 940 3106 est
956 3074 1060 3106 forma
1076 3084 1094 3105 a
1117 3076 1249 3107 materia
1270 3085 1361 3107 com-

287 3120 444 3160 prehensa
474 3129 582 3160 neque
607 3129 624 3150 a
648 3120 780 3150 materia
811 3119 1009 3160 dependens
1035 3119 1167 3150 Dictum
1198 3126 1245 3151 est
1273 3121 1361 3152 enim

289 3164 388 3204 quod,
411 3164 487 3194 licet
509 3164 616 3194 anima
634 3163 829 3195 intellectiva
851 3164 967 3195 habeat
990 3172 1060 3194 esse
1077 3164 1110 3194 in
1133 3165 1276 3202 materia,
1292 3174 1360 3196 non

289 3207 448 3248 dependet
470 3213 580 3239 tamen
603 3217 621 3238 a
643 3209 785 3245 materia,
809 3208 886 3250 quia
909 3217 1006 3239 suum
1030 3217 1099 3239 esse
1122 3218 1189 3239 non
1214 3214 1261 3240 est
1279 3209 1362 3240 obli-

289 3258 399 3292 gatum
422 3253 584 3289 materiae,
601 3253 691 3292 quasi
709 3252 850 3293 indigeat
865 3262 884 3283 a
899 3253 1032 3283 materia
1047 3254 1217 3284 sustentari
1241 3259 1273 3285 et
1293 3254 1361 3285 sine

290 3306 327 3327 ea
350 3306 419 3327 esse
443 3306 511 3328 non
535 3297 646 3337 possit,
674 3297 731 3328 sed
754 3302 897 3337 separata
921 3307 938 3328 a
963 3297 1095 3328 materia
1115 3303 1222 3338 potest
1245 3299 1362 3330 habere

290 3350 386 3372 suum
409 3350 488 3371 esse.
513 3341 554 3372 Et
577 3340 651 3372 ideo
680 3340 845 3372 dicebatur
872 3341 994 3373 ibidem
1018 3341 1109 3382 quod
1139 3343 1271 3373 materia
1293 3353 1361 3374 non

292 3390 339 3415 est
357 3395 451 3416 causa
470 3386 596 3416 animae
620 3385 833 3417 intellectivae
857 3386 890 3416 in
905 3395 1024 3426 genere
1040 3395 1156 3417 causae
1175 3387 1361 3425 materialis3

292 3434 323 3459 et
347 3428 436 3469 quod
459 3429 499 3460 de
523 3430 668 3469 potentia
691 3431 843 3461 materiae
867 3439 935 3461 non
960 3430 1118 3462 educitur.

346 3473 393 3503 Ex
413 3474 451 3503 iis
468 3475 613 3514 sequitur
637 3474 727 3514 quod
751 3476 883 3506 materia
899 3485 967 3506 non
992 3480 1040 3506 est
1063 3484 1159 3506 causa
1181 3475 1362 3507 individua-

292 3516 388 3547 tionis
404 3518 538 3554 animae,
551 3518 626 3549 licet
640 3518 672 3549 in
690 3520 822 3550 materia
831 3519 1122 3551 individuationem
1134 3520 1259 3550 habeat.
1273 3520 1363 3551 Sicut

294 3561 379 3590 enim
392 3571 460 3591 esse
478 3567 584 3602 potest
600 3563 668 3592 sine
684 3564 825 3600 materia,
843 3569 874 3594 et
890 3569 1030 3605 propter
1037 3564 1102 3595 hoc
1117 3573 1186 3595 non
1202 3563 1364 3615 dependet

293 3613 354 3634 nec
377 3610 523 3636 causatur
538 3616 556 3636 a
574 3607 706 3638 materia
728 3607 917 3639 individuali
939 3607 1120 3640 secundum
1144 3618 1228 3645 esse;
1245 3609 1297 3646 ita,
1314 3619 1362 3640 se-

294 3653 401 3687 parata
424 3658 441 3678 a
464 3650 608 3686 materia,
634 3661 726 3682 suam
753 3651 1043 3684 individuationem
1074 3653 1203 3690 retinet,
1233 3659 1265 3684 et
1294 3663 1362 3685 non

790 291 976 328 SUMMA
997 289 1219 327 CONTRA
1239 287 1514 332 GENTILES,
1534 287 1628 323 LIB.
1650 287 1691 332 11,
1713 287 1824 323 CAP.
1845 287 2000 324 LXXV.

1421 365 1470 401 ad
1489 365 1567 401 hoc
1585 365 1694 413 quod
1713 364 1759 401 sit
1778 377 1857 402 una
1876 365 2034 402 scientia
2056 377 2223 403 numero
2242 366 2282 403 in
2305 366 2495 416 discipulo

1421 425 1457 454 et
1484 416 1678 465 magistro.
1709 418 1946 455 Intellectum
1976 418 2082 455 enim
2114 418 2315 468 passivum
2346 427 2495 457 constat

1419 482 1500 507 non
1529 482 1612 507 esse
1641 469 1813 507 eundern
1842 470 1881 507 in
1914 470 2090 508 diversis:
2122 483 2224 509 cum>
2243 471 2289 508 sit
2324 472 2495 521 potentia

1419 522 1635 560 materialis.
1652 523 1765 560 Unde
1780 524 1878 561 haec
1892 523 1988 561 ratio
2004 536 2085 562 non
2101 532 2157 562 est
2173 525 2222 562 ad
2236 525 2494 575 propositum,

1418 576 1637 613 secundum
1667 576 1750 613 eius
1778 577 2024 626 positionem.

1415 840 1730 873 Ferre-‚nensis

1416 937 1539 979 indiget
1562 949 1581 969 a
1604 939 1737 969 materia
1762 938 1952 970 individuali
1980 939 2150 971 sustentari
2178 944 2337 980 quantum
2359 939 2402 971 ad
2424 941 2493 971 eius

1415 982 1718 1014 individuationem.
1743 984 1853 1023 Atque
1876 982 1998 1014 idcirco
2021 993 2091 1014 non
2114 989 2264 1014 causatur
2286 983 2355 1014 eius
2377 983 2493 1015 indivi-

1415 1026 1527 1058 duatio
1547 1037 1564 1058 a
1580 1028 1723 1064 materia,
1747 1028 1824 1059 licet
1838 1028 1872 1058 in
1887 1028 2022 1058 materia
2039 1027 2230 1059 individuali
2253 1028 2390 1069 accipiat
2409 1027 2493 1059 indi-

1414 1071 1648 1103 viduationem.
1676 1072 1814 1113 Propter
1835 1072 1900 1103 hoc
1925 1072 2009 1103 bene
2038 1073 2146 1113 inquit
2172 1071 2309 1103 Sanctus
2336 1072 2492 1109 Thomas,

1415 1121 1447 1146 et
1470 1116 1684 1148 conformiter
1706 1117 1747 1148 ad
1770 1125 1863 1148 suam
1889 1115 2083 1153 doctrinam,
2108 1116 2200 1157 quod
2222 1117 2354 1157 animae
2375 1117 2493 1148 indivi-

1413 1161 1561 1192 duantur
1591 1161 1719 1202 quidem
1749 1161 1927 1192 secundum
1960 1170 2113 1202 corpora,
2141 1161 2199 1192 sed
2230 1171 2344 1192 earum
2374 1161 2492 1192 indivi-

1414 1205 1528 1236 duatio
1552 1216 1618 1237 non
1643 1211 1801 1237 causatur
1823 1215 1866 1236 ex
1888 1206 2091 1246 corporibus.

1470 1249 1523 1280 1v.
1541 1250 1637 1281 Unde
1653 1250 1693 1282 ad
1708 1250 1847 1291 primam
1861 1250 1959 1282 huius
1970 1250 2246 1291 improbationem
2263 1238 2380 1281 dicitur
2391 1249 2492 1291 quod,

1413 1294 1439 1324 si
1462 1303 1520 1335 per
1545 1294 1747 1326 individuum
1769 1294 1965 1335 intelligatur
1988 1295 2202 1336 compositum
2229 1304 2272 1325 ex
2300 1294 2440 1326 materia
2462 1299 2495 1325 et

1403 1339 1534 1381 forma,
1556 1349 1632 1370 cum
1649 1339 1716 1370 duo
1739 1345 1944 1376 concurrant,
1960 1345 1998 1370 ut
2012 1340 2046 1370 in
2062 1339 2170 1380 primo
2185 1339 2298 1370 libro*
2317 1343 2365 1370 est
2383 1344 2492 1370 osten—

1413 1393 1496 1421 sum,
1513 1383 1554 1414 ad
1569 1383 1874 1421 individuationem,
1890 1384 2013 1415 scilicet
2035 1384 2169 1415 materia
2184 1389 2216 1415 et
2231 1383 2408 1425 quantitas;
2422 1391 2494 1415 non

1414 1428 1531 1459 eodem
1550 1428 1653 1459 modo
1677 1428 1795 1464 dicitur
1817 1434 1996 1469 utrumque
2019 1428 2216 1460 deessentia
2238 1427 2412 1463 individui:
2435 1427 2494 1460 sed

1412 1473 1547 1504 materia
1570 1473 1687 1504 dicitur
1702 1473 1742 1504 de
1758 1473 1897 1504 essentia
1919 1478 2076 1514 tanquam
2092 1474 2162 1504 eius
2178 1473 2350 1504 essentiam
2373 1472 2493 1504 consti-

1413 1523 1525 1554 tuens;
1554 1518 1716 1559 quantitas
1739 1523 1859 1555 autem,
1884 1518 1961 1559 quia
1983 1517 2117 1558 ponitur
2147 1518 2181 1548 in
2208 1517 2278 1548 eius
2302 1515 2493 1548 definitione

1413 1567 1569 1603 tanquam
1592 1562 1876 1593 determinativum
1892 1563 2059 1594 essentiae.
2084 1561 2412 1602 Quomodocumque
2435 1570 2492 1593 au-

1413 1612 1480 1637 tem
1503 1607 1583 1638 haec
1599 1607 1663 1637 sint
1678 1606 1719 1638 de
1735 1607 1872 1638 essentia
1894 1606 2064 1643 individui,
2080 1616 2150 1639 non
2171 1612 2250 1638 sunt
2269 1611 2382 1637 tamen
2397 1614 2494 1638 eausa

1413 1651 1678 1682 individuationis
1701 1652 1864 1692 suppositi
1887 1657 1919 1682 et
1934 1651 2094 1682 individui
2116 1651 2254 1682 humani
2275 1656 2438 1691 quantum
2452 1649 2494 1682 ad

1414 1705 1494 1732 esse,
1511 1695 1587 1727 licet
1609 1696 1742 1726 materia
1758 1696 1798 1727 sit
1816 1696 1886 1726 eius
1910 1705 2007 1727 causa
2029 1701 2190 1737 quantum
2205 1694 2247 1727 ad
2263 1695 2368 1736 ipsam
2384 1703 2493 1726 essen·

1414 1740 1493 1771 tiam
1509 1749 1550 1771 eo
1565 1739 1667 1771 modo
1684 1750 1752 1780 quo
1769 1749 1842 1781 pars
1858 1746 1906 1772 est
1921 1749 2018 1771 causa
2033 1740 2145 1771 totius:
2164 1749 2234 1772 non
2253 1740 2342 1771 enim
2359 1745 2493 1771 causant

1416 1794 1485 1815 esse
1508 1784 1594 1816 illius
1618 1785 1790 1826 suppositi,
1814 1793 1890 1815 cum
1914 1785 1954 1816 sit
1975 1790 2103 1816 tantum
2127 1785 2166 1816 ab
2191 1784 2382 1821 extrinseco,
2407 1783 2492 1815 sicut

1415 1834 1447 1860 et
1470 1829 1577 1860 anima
1599 1829 1805 1860 intellectiva.
1829 1847 1852 1851 —
1875 1828 1909 1860 Si
1933 1834 2043 1860 autem
2065 1829 2201 1860 nomine
2225 1827 2387 1860 individui
2409 1828 2493 1860 acci-

1415 1873 1522 1914 piatur
1545 1873 1614 1914 ipsa
1638 1873 1750 1904 anima
1774 1873 1955 1910 individua,
1980 1882 2065 1914 quae
2089 1878 2137 1904 est
2158 1873 2240 1904 haec
2262 1878 2295 1904 et
2313 1873 2492 1924 singulam,

1415 1917 1461 1948 sic
1478 1926 1588 1969 neque
1610 1918 1744 1949 materia
1766 1926 1876 1958 neque
1900 1918 2062 1958 quantitas
2085 1923 2134 1948 est
2151 1917 2192 1948 de
2212 1918 2351 1948 essentia
2365 1917 2493 1950 animae

1416 1962 1508 2002 quasi
1531 1962 1640 2014 ipsum
1663 1971 1784 2002 corpus
1800 1962 1927 1993 animae
1950 1962 2123 1993 essentiam
2146 1962 2331 1998 constituat,
2347 1960 2406 1992 sed
2422 1966 2492 1995 tnn—

1415 2010 1486 2036 tum
1510 2006 1586 2046 quia
1609 2007 1643 2037 in
1666 2006 1736 2037 eius
1763 2005 1955 2038 definitione
1984 2006 2119 2047 ponitur
2142 2006 2256 2047 (omne
2287 2006 2394 2038 enim.
2402 2015 2457 2054 qu
2472 2001 2494 2038 d

1415 2050 1549 2091 ponitur
1578 2050 1612 2081 in
1644 2049 1833 2081 definitione
1863 2049 2009 2088 alicuius,
2040 2055 2150 2102 potest
2179 2049 2243 2082 dici
2270 2050 2360 2091 largo
2390 2059 2424 2082 m

1415 2094 1455 2125 de
1478 2095 1581 2135 ipsius
1600 2094 1765 2135 essentia):
1785 2104 1873 2133 nam,
1889 2095 1974 2127 sicut
1990 2095 2103 2126 anima
2119 2095 2297 2127 secundum
2321 2094 2493 2127 essentiam

1414 2148 1507 2170 suam
1530 2138 1625 2170 habet
1647 2139 1867 2171 habitudinem
1890 2139 1934 2172 ad
1948 2149 2078 2191 eorpus,
2095 2139 2288 2182 inquantum
2311 2140 2375 2171 hoc
2391 2144 2443 2171 est
2463 2139 2494 2170 ei

1414 2184 1586 2215 essentiale
1605 2184 1694 2226 quod
1711 2184 1756 2216 sit
1767 2185 1889 2226 sonna
1911 2185 2072 2226 corporis,
2088 2189 2126 2215 ut
2140 2184 2258 2216 dicitur
2275 2185 2316 2216 de
2330 2183 2492 2226 Spiritum·

1414 2229 1498 2260 libus
1524 2228 1704 2265 Creaturis,
1726 2234 1784 2260 att.
1806 2239 1837 2270 9,
1861 2228 1902 2261 ad
1919 2238 1952 2270 4,
1982 2229 2027 2260 ita
2050 2230 2131 2261 haec
2153 2229 2275 2266 anima,
2300 2229 2492 2271 inquantum

1414 2278 1462 2305 est
1483 2273 1564 2305 haec
1586 2274 1708 2309 anima,
1731 2273 1827 2304 habet
1846 2273 2069 2306 habitudinem
2088 2273 2132 2306 ad
2153 2274 2216 2306 hoc
2231 2283 2361 2315 corpus,
2378 2278 2410 2305 et
2430 2273 2493 2308 hoe

1414 2328 1533 2360 corpus
1557 2318 1590 2349 in
1615 2318 1685 2349 eius
1707 2317 1897 2360 definitione
1915 2318 2063 2360 ponitur.
2088 2317 2162 2356 Sed,
2186 2318 2263 2350 licet
2284 2318 2348 2349 hoc
2372 2325 2493 2360 corpus

1413 2363 1478 2394 hoc
1498 2362 1601 2394 modo
1617 2363 1657 2394 sit
1673 2362 1712 2394 de
1729 2363 1866 2394 essentia
1881 2363 1988 2397 huius,
2002 2363 2140 2400 animae,
2155 2371 2225 2394 non
2240 2367 2371 2403 oportet
2381 2363 2492 2394 tamen

1413 2412 1450 2439 ut
1473 2408 1513 2438 sit
1536 2416 1632 2438 causa
1655 2407 1725 2438 eius
1747 2407 2024 2445 individuationis,
2040 2407 2124 2439 sicut
2145 2417 2215 2439 non
2238 2412 2287 2439 est
2309 2415 2407 2438 causa
2422 2415 2492 2438 esse

1413 2453 1529 2493 ipsius:
1549 2452 1644 2489 sicut,
1660 2452 1736 2483 licet
1752 2452 1858 2483 simile
1874 2452 1959 2484 dicat
1974 2452 2199 2484 habitudinem
2217 2451 2258 2484 ad
2272 2451 2362 2484 aliud
2375 2451 2491 2488 similes

1413 2506 1482 2528 non
1505 2502 1615 2528 tamen
1639 2495 1728 2528 aliud
1756 2497 1860 2528 simile
1884 2503 1933 2528 est
1961 2506 2058 2528 causa
2089 2497 2158 2528 eius
2181 2497 2215 2528 in
2238 2496 2350 2538 aliquo
2372 2505 2492 2537 geuene

1414 2550 1540 2573 causae.
1556 2541 1598 2572 Et
1621 2541 1667 2572 sic
1683 2546 1815 2582 oportet
1837 2541 1990 2593 distingui
2009 2542 2133 2573 animas
2150 2541 2357 2573 materialiter
2375 2549 2491 2591 secun-

1414 2585 1493 2617 dum
1510 2595 1686 2627 corporum
1704 2585 1956 2624 distinctionem,
1981 2586 2178 2628 inquantum
2194 2585 2302 2617 anima
2317 2585 2358 2617 ad
2373 2585 2493 2634 corpus

1413 2629 1638 2662 habitudinem
1659 2629 1840 2661 naturalem
1855 2631 1962 2667 habet,
1980 2636 2012 2662 et
2029 2630 2076 2663 illi
2092 2635 2223 2672 oportet
2238 2639 2310 2662 eam
2331 2638 2400 2662 esse
2415 2623 2492 2671 pro'-

1414 2676 1634 2716 portionatam
1650 2680 1682 2706 et
1697 2681 1891 2715 coaptatam,
1907 2681 1944 2706 ut
1959 2674 2084 2706 dicetur
2097 2673 2243 2712 inferius,
2262 2675 2368 2716 capite
2383 2682 2491 2712 nme

1414 2729 1484 2751 non
1498 2725 1608 2751 tamen
1624 2728 1744 2760 corpus
1760 2725 1808 2750 est
1825 2728 1923 2751 causa
1939 2719 2206 2751 individuationis
2229 2720 2368 2757 animae,
2382 2723 2492 2760 neque

1414 2763 1592 2796 multitudo
1617 2773 1795 2805 corporum
1817 2770 1866 2796 est
1888 2773 1986 2796 causa
2008 2764 2225 2797 multitudinis
2247 2765 2486 2805 animaruum„

1471 2809 1520 2840 Ex
1536 2809 1655 2850 quibus
1674 2814 1763 2849 patet
1785 2808 1877 2850 quod
1891 2810 1999 2841 minor
2014 2809 2197 2851 propositio
2213 2814 2378 2851 assumpta
2395 2807 2493 2843 habet

1414 2854 1582 2885 veritatem
1598 2852 1638 2885 de
1654 2862 1695 2884 eo
1713 2852 1804 2894 quod
1820 2859 1868 2884 est
1884 2852 1924 2885 de
1941 2854 2079 2885 essentia
2094 2853 2230 2885 alicuius
2251 2858 2407 2895 tanquam
2422 2852 2492 2895 eius

1413 2899 1586 2930 essentiam
1602 2897 1815 2935 constituens,
1829 2904 1989 2939 quantum
2001 2898 2135 2939 quidem
2147 2897 2189 2929 ad
2203 2898 2376 2929 essentiam
2392 2904 2492 2939 quam

1413 2943 1591 2980 constituit,
1614 2951 1683 2974 non
1699 2947 1809 2974 autem
1832 2942 2055 2974 universaliter
2069 2948 2230 2984 quantum
2253 2942 2294 2974 ad
2312 2943 2384 2974 eius
2406 2951 2490 2975 esse:

1413 2987 1501 3028 quia,
1516 2993 1554 3018 ut
1569 2992 1617 3018 est
1632 2993 1812 3039 ostensum,
1824 2989 1959 3019 materia
1969 2986 2130 3019 individui
2144 2988 2279 3019 humani
2295 2993 2344 3019 est
2357 2987 2493 3029 quidem

1414 3042 1511 3063 causa
1534 3033 1691 3064 essentiae
1715 3033 1784 3064 eius
1812 3033 2008 3083 inquantum
2031 3038 2079 3064 est
2108 3041 2193 3074 pars,
2217 3041 2284 3064 non
2309 3037 2357 3064 est
2382 3037 2493 3074 tamen

1415 3086 1511 3109 causa
1541 3085 1621 3114 esse,
1645 3086 1721 3108 curn
1749 3086 1818 3108 esse
1839 3077 1909 3108 eius
1936 3086 2005 3109 non
2029 3077 2069 3108 sit
2097 3075 2252 3108 eductum
2275 3076 2315 3110 de
2346 3075 2493 3118 potentia

1413 3121 1576 3152 materiae.
1593 3139 1616 3144 -
1630 3120 1708 3152 Non
1732 3126 1780 3152 est
1795 3126 1904 3152 autem
1919 3131 1994 3152 vera
2017 3121 2239 3153 universaliter
2262 3121 2347 3152 dicta
2367 3129 2429 3164 pro

1414 3166 1488 3196 sitio
1512 3165 1554 3197 de
1577 3175 1618 3196 eo
1638 3164 1730 3206 quod
1753 3165 1871 3197 dicitur
1893 3165 1934 3198 de
1959 3166 2096 3197 essentia
2118 3166 2165 3197 rei
2189 3166 2266 3207 quia
2284 3166 2355 3197 eius
2377 3162 2463 3197 den

1413 3210 1539 3242 tionem
1555 3210 1666 3251 aliquo
1682 3209 1785 3241 modo
1799 3209 1992 3251 ingreditur.
2010 3219 2078 3251 quo
2093 3209 2196 3242 modo
2212 3209 2351 3242 diximus
2371 3217 2491 3250 corpus

1415 3264 1484 3286 esse
1500 3255 1541 3286 de
1564 3255 1702 3286 essentia
1725 3255 1863 3286 animae.

1471 3309 1500 3331 2.
1524 3298 1578 3331 Ad
1601 3299 1778 3331 secundam
1807 3299 2083 3341 improbationem
2113 3298 2218 3330 dictae
2244 3298 2489 3339 propositionis,

1415 3344 1532 3375 dicitur
1555 3343 1647 3384 quod
1670 3344 1784 3385 utique
1806 3343 1964 3376 habitudo
1988 3344 2115 3375 animae
2138 3341 2179 3374 ad
2202 3351 2322 3383 corpus
2338 3347 2385 3373 est
2400 3342 2491 3374 habi-

1415 3388 1495 3420 tudo
1520 3387 1644 3420 formae
1665 3387 1705 3419 ad
1721 3389 1903 3420 materiam:
1927 3387 1984 3420 sed
2007 3387 2115 3419 minor
2137 3386 2319 3428 propositio
2339 3391 2387 3418 est
2401 3386 2490 3426 falsa,

1415 3433 1441 3463 si
1464 3433 1686 3464 universaliter
1708 3433 1905 3474 intelligatur
1927 3430 1968 3463 de
1994 3430 2086 3462 omni
2109 3429 2223 3461 forma.
2248 3430 2334 3469 Quia
2357 3431 2491 3463 materia

1415 3487 1484 3508 non
1507 3483 1555 3508 est
1585 3487 1681 3509 causa
1711 3478 1774 3508 nisi
1796 3477 1881 3508 illius
1910 3475 2035 3507 formae
2063 3484 2147 3516 quae
2175 3474 2216 3506 de
2247 3476 2316 3506 eius
2345 3476 2491 3516 potentia

1416 3521 1579 3553 educitur:
1603 3522 1690 3553 illius
1713 3527 1824 3553 autem
1847 3520 1971 3552 formae
1995 3529 2080 3560 quae
2103 3518 2143 3550 de
2166 3520 2236 3551 eius
2251 3521 2399 3561 potentia
2420 3529 2490 3552 non

1416 3566 1574 3603 educitur,
1598 3566 1675 3598 licet
1696 3565 1737 3596 sit
1762 3564 1934 3606 receptiva,
1957 3573 2026 3594 non
2049 3569 2159 3594 tamen
2183 3569 2231 3595 est
2253 3574 2360 3596 causa.
2383 3563 2488 3601 Unde,

1417 3619 1493 3641 cum
1513 3609 1630 3642 dicitur
1648 3609 1740 3652 quod
1753 3609 1873 3652 forma
1892 3606 2118 3639 individuatur
2134 3618 2199 3649 per
2216 3609 2386 3640 materiam
2405 3608 2489 3640 indi-

1417 3654 1589 3691 vidualem,
1613 3654 1647 3696 ly
1661 3664 1721 3696 per
1743 3662 1811 3684 non
1834 3651 1911 3684 dicit
1934 3652 2163 3690 causalitatem,
2186 3653 2243 3685 sed
2265 3651 2490 3685 habitudinem

2521 1344 2597 1372 Ἐιρ.
2604 1349 2655 1372 ιιι,
2664 1343 2735 1367 con·

2520 1375 2594 1394 ment·
2608 1377 2632 1393 n·
2642 1376 2675 1394 lv.
