2716 4302
42 467 70 485 ιι
86 465 100 480 v
114 464 174 487 ⁸43·

42 939 77 962 lb.
93 940 107 960 b
120 946 139 962 ι.

1256 183 1521 220 APPENDIX

285 275 312 294 ut
332 274 420 293 autem
439 274 479 293 est
497 267 627 292 intellecta
646 275 706 292 cum
721 273 841 300 respectu
854 268 886 292 ad
899 274 955 291 rem
974 270 1057 292 extra
1076 267 1161 297 aliam,
1181 266 1359 292 consideratur

284 323 314 344 ut
340 318 426 344 forma
444 317 587 351 excogitata
605 324 652 350 per
671 317 831 343 intellectum
850 324 919 350 quae
938 322 979 342 est
999 317 1071 350 quod
1094 316 1243 349 intelligitur
1259 320 1286 341 et
1305 323 1359 349 quo

283 368 434 401 intelligitur
452 375 496 393 res
515 375 583 401 quae
602 373 644 393 est
662 373 741 395 extra.

329 461 344 497 5
362 463 401 488 Ne
420 468 508 488 autem
527 462 677 488 huiusmodi
704 463 842 488 obstaculo
869 463 1030 488 abducamur
1050 470 1064 487 a
1087 462 1213 487 sententia
1236 460 1362 490 veritatis.

283 513 463 547 accipiendum
483 519 524 538 est
537 514 633 547 duplex
646 521 706 538 esse
719 513 828 549 actionis
846 521 938 546 genus,
953 513 1026 546 quod
1044 518 1070 538 et
1089 511 1264 546 philosophus
1282 511 1362 536 tradit

284 566 310 591 in
329 574 354 591 tx
373 566 488 599 metaph.
507 566 555 590 Est
573 565 643 590 enim
665 565 795 598 quaedam
819 565 885 589 actio
903 565 929 589 in
948 564 1102 589 exteriorem
1121 563 1257 588 materiam
1275 568 1362 587 trans-

283 618 348 649 iens,
367 624 435 650 quae
454 622 479 641 et
498 616 576 641 factio
595 615 751 647 nominatur,
771 615 833 649 quia
857 623 904 648 per
921 623 980 640 eam
998 615 1105 648 aliquod
1129 619 1266 647 operatum
1289 619 1361 638 extra

285 667 399 692 animam
418 667 591 698 constituitur,
610 667 677 691 sicut
695 666 762 691 actio
775 666 841 699 ignis
854 673 908 699 qua
925 670 1032 698 generat
1048 665 1146 698 ignem,
1165 669 1191 689 et
1209 664 1276 689 actio
1294 663 1361 688 fabri

285 726 338 752 qua
355 718 416 743 facit
434 717 578 743 cultellum.
598 716 733 747 Quaedam
758 724 822 742 vero
840 717 907 742 actio
932 722 972 741 est
990 723 1044 749 per
1066 723 1148 749 quam
1173 715 1239 740 nihil
1260 713 1363 739 consti-

285 769 373 794 tuitur
391 769 503 793 exterius
522 775 575 792 non
593 768 723 792 transiens
744 772 771 792 ut
789 775 837 800 per
855 774 913 792 eam
931 767 1029 799 aliquid
1053 766 1233 796 constituatur,
1255 765 1303 789 sed
1322 770 1363 789 est

286 819 417 852 quaedam
435 818 536 852 agentis
557 818 687 842 emanatio
706 817 853 842 secundum
871 818 943 850 quod
962 822 1003 842 est
1021 822 1088 848 aetu,
1102 822 1129 841 et
1148 816 1213 841 haec
1232 815 1281 841 sibi
1300 822 1364 849 pro-

286 871 342 903 prie
360 877 458 895 nomen
477 870 596 894 vendicat
614 869 723 894 actionis
742 870 785 894 vel
803 869 971 902 operationis,
989 869 1135 894 secundum
1154 869 1226 901 quod
1245 867 1363 901 philoso-

287 922 356 955 phus
375 921 400 946 in
420 928 445 946 vi
464 921 516 946 eth.
537 921 551 935 ⁸
565 921 694 946 actionem
713 925 803 945 contra
821 921 959 946 factionem
978 919 1119 952 distinguit,
1143 925 1174 944 ut
1191 920 1213 944 si
1233 919 1365 944 diceretur

288 973 360 1007 quod
378 973 445 998 actio
462 972 574 997 videntis
593 976 634 996 est
653 971 749 996 videre.
771 972 847 996 Actio
863 978 927 996 vero
950 971 1104 1003 cognitionis
1129 975 1155 995 et
1178 970 1310 1003 appetitus
1332 970 1365 994 ad

288 1025 434 1050 secundum
453 1031 536 1057 genus
556 1024 686 1056 pertinent
704 1023 826 1048 actionis:
849 1030 902 1047 non
926 1022 996 1047 enim
1019 1022 1115 1047 animal
1139 1021 1276 1046 sentiendo
1300 1028 1366 1046 con-

289 1077 370 1102 stituit
389 1076 430 1100 vel
449 1077 569 1100 immutat
589 1075 655 1107 <nisi
674 1074 741 1100 forte
759 1082 806 1107 per
825 1074 960 1106 accidens>
987 1073 1047 1106 (nisi
1072 1073 1138 1098 sorte
1161 1080 1208 1106 per
1233 1072 1366 1106 accidens)

278 1122 315 1153 'id
334 1128 408 1161 quod
427 1127 545 1158 sentitur,
565 1127 612 1151 sed
631 1134 662 1151 ex
674 1133 707 1151 eo
720 1126 793 1159 quod
811 1133 906 1151 sensus
918 1124 946 1150 fit
958 1131 1018 1150 actu
1031 1132 1078 1157 per
1090 1124 1287 1149 similitudinem
1301 1130 1366 1148 sen-

289 1179 381 1210 sibilis,
400 1184 505 1204 emanat
523 1179 588 1204 actio
607 1178 743 1207 sentiendi,
763 1182 789 1202 et
807 1177 927 1202 similiter
944 1183 985 1202 est
1003 1177 1036 1202 de
1047 1177 1113 1202 aliis.
1132 1176 1207 1202 Unde
1225 1181 1253 1201 et
1271 1175 1367 1201 huius—

290 1229 362 1254 modi
385 1229 500 1254 actiones
520 1235 581 1253 sunt
603 1233 748 1253 ceterarum
767 1227 955 1259 nobilissimae,
973 1232 1072 1260 quanto
1090 1234 1171 1259 agens
1192 1226 1305 1252 nobilius
1324 1232 1368 1251 est

290 1282 403 1314 patiente
416 1281 572 1314 inquantum
585 1280 748 1312 huiusmodi,
767 1280 818 1305 hae
831 1280 896 1304 aliae
908 1280 980 1304 enim
991 1279 1106 1304 actiones
1119 1284 1180 1304 sunt
1193 1279 1366 1312 perfectiones

290 1338 317 1358 et
334 1338 408 1358 actus
427 1340 481 1365 n9n
498 1333 631 1365 agentium
651 1334 698 1357 sed
717 1338 844 1363 actorum,
862 1331 912 1356 hae
929 1339 993 1356 vero
1016 1333 1134 1364 ipsorum
1156 1331 1288 1364 agentium
1308 1337 1369 1363 per-

290 1376 415 1410 fectiones
433 1385 553 1410 exlatere
566 1385 688 1416 existunt,
703 1389 793 1417 utpote
806 1383 832 1408 in
851 1384 914 1418 ipsis
927 1389 1072 1409 manentes.
1092 1383 1125 1408 Et
1137 1390 1168 1407 ex
1181 1382 1239 1415 ipso
1252 1382 1312 1407 inde
1325 1387 1370 1406 est

291 1436 363 1469 quod
382 1435 532 1460 huiusmodi
551 1435 666 1460 actiones
685 1436 711 1459 in
729 1435 794 1468 ipsis
813 1434 950 1468 agentibus
968 1434 1142 1459 consistentes
1166 1438 1228 1458 sunt
1245 1432 1370 1465 principia

252 1504 257 1507 -
291 1491 380 1511 motus
399 1493 454 1519 quo
472 1485 594 1511 animalia
612 1491 720 1510 movent
740 1485 862 1518 (seipso)
883 1482 1003 1519 (seipsa.)
1021 1484 1055 1509 Et
1069 1484 1091 1509 si
1110 1484 1142 1509 ad
1161 1484 1275 1516 aliquam
1295 1490 1370 1516 prae-

25 2960 29 2963 ,
60 2946 111 2967 ¹4v
125 2945 139 2961 a
159 2944 198 2966 mg
218 2937 271 2962 inf.;

58 2973 83 2996 p.
100 2972 149 2995 ¹5⁰-

71 3970 98 3990 ¹⁴
108 3969 121 3984 v
132 3962 284 3989 b42·t³-¹54‹

292 1537 419 1563 dictarum
439 1537 570 1562 actionum
590 1544 633 1561 res
652 1542 723 1562 extra
741 1537 855 1561 animam
882 1534 1108 1569 (praesentialiter)
1128 1534 1278 1567 requiritur,
1301 1534 1371 1560 sicut

291 1589 318 1614 in
337 1596 427 1619 sensu,
441 1588 491 1613 hoc
509 1596 563 1613 non
576 1593 616 1612 est
634 1592 663 1612 ut
675 1587 783 1620 recipiat
794 1594 890 1612 sensus
903 1586 1040 1616 actionem,
1053 1586 1100 1610 sed
1113 1590 1142 1610 ut
1155 1586 1288 1618 imprimat
1299 1584 1370 1609 simi-

292 1639 430 1666 litudinem
448 1646 496 1673 per
515 1646 596 1672 quam
615 1645 711 1664 sensus
730 1637 856 1662 efficiatur
875 1637 901 1662 in
919 1642 986 1664 actu.
1006 1636 1080 1662 Unde
1093 1637 1239 1669 praesentia
1250 1636 1369 1669 reiquae

292 1695 334 1716 est
351 1694 423 1715 extra
441 1690 563 1720 animam,
583 1696 637 1713 non
655 1688 795 1720 requiritur
810 1686 837 1712 in
849 1687 907 1711 aliis
919 1687 1044 1720 potentiis
1055 1693 1123 1719 quae
1142 1694 1195 1710 non
1214 1685 1363 1710 immediate

292 1741 394 1774 species
413 1748 429 1766 a
452 1741 533 1765 rebus
557 1740 695 1772 accipiunt.
720 1738 866 1772 intelligere
883 1738 961 1771 igitur
985 1746 1038 1762 non
1067 1743 1107 1763 est
1131 1737 1158 1762 in
1181 1737 1250 1762 aliud
1274 1737 1373 1762 consti-

292 1794 391 1819 tuendo
408 1793 451 1817 vel
469 1793 496 1816 in
515 1791 614 1824 aliquid
632 1790 797 1815 immutando
811 1790 883 1823 quod
896 1789 1026 1815 actionem
1039 1788 1145 1822 recipiat
1156 1789 1312 1820 intellectus,
1325 1789 1372 1813 sed

293 1850 334 1870 est
351 1845 482 1878 quaedam
501 1842 632 1868 emanatio
650 1849 689 1867 ex
707 1841 884 1867 similitudine
906 1841 946 1867 rei
965 1841 1115 1866 intellectae
1139 1840 1286 1866 intellectus
1309 1845 1368 1865 actu

293 1897 427 1922 existentis
445 1902 493 1928 per
511 1893 708 1919 similitudinem
728 1893 859 1918 intellecti.
878 1892 914 1918 Et
931 1893 992 1918 ideo
1011 1892 1086 1918 Unde
1098 1899 1151 1917 non
1164 1892 1256 1917 dicitur
1274 1891 1372 1924 aliquid

294 1949 455 1974 intellectum
475 1947 537 1980 quia
555 1947 589 1971 sit
617 1946 747 1979 quaedam
772 1952 814 1970 res
836 1946 862 1970 in
883 1952 964 1978 quam
990 1949 1106 1970 transeat
1132 1945 1199 1969 actio
1218 1944 1374 1975 intellectus,

295 2000 343 2026 sed
355 2000 417 2032 quia
429 1998 572 2024 similitudo
592 1998 772 2030 (intellectus)
794 1998 873 2032 (eius)
887 2002 927 2022 est
939 1997 1009 2029 apud
1022 1996 1218 2029 intelligentem.
1237 1995 1296 2021 Non
1311 2003 1375 2029 ergo

294 2057 400 2085 oportet
417 2051 451 2076 ad
469 2050 519 2076 hoc
538 2050 611 2083 quod
630 2050 703 2075 Deus
723 2049 917 2075 multitudinem
936 2049 1088 2082 <intelligit>
1108 2047 1256 2082 (intelligat)
1271 2047 1374 2080 aliquas

296 2103 396 2129 formas
414 2102 590 2135 intelligibiles
615 2101 790 2134 (existentes)
811 2109 908 2134 ponere
932 2108 1000 2134 quae
1018 2101 1070 2126 sint
1087 2100 1162 2134 quasi
1182 2100 1313 2125 intellecta
1335 2099 1372 2124 di-

296 2155 370 2181 vina·-
388 2162 476 2188 neque
504 2154 530 2179 in
553 2154 612 2187 ipso
634 2154 767 2178 intellectu
786 2152 882 2182 divino,
910 2152 1015 2185 <neque
1039 2157 1068 2176 ut
1092 2151 1130 2176 sic
1148 2151 1174 2176 in
1198 2151 1254 2176 eius
1273 2150 1374 2175 intelle

297 2213 368 2232 ctum
393 2206 549 2239 compositio
568 2205 739 2236 inducatur>;
759 2211 847 2237 neque
868 2211 915 2237 per
933 2211 962 2228 se
987 2203 1170 2234 subsistentes,
1190 2207 1218 2227 ut
1235 2202 1310 2227 Plato
1329 2209 1377 2234 po-

297 2259 363 2291 suit;
382 2265 470 2292 neque
493 2258 520 2283 in
538 2257 596 2282 aliis
617 2257 800 2287 intellectibus,
825 2262 853 2281 ut
877 2256 984 2288 quidam
1009 2255 1051 2280 alii
1073 2260 1231 2288 posuer-unu
1255 2255 1304 2279 sed
1326 2254 1378 2279 hoc

297 2311 371 2345 quod
389 2317 431 2336 est
443 2311 528 2336 Deum
551 2317 598 2342 per
617 2310 758 2334 essentiam
778 2315 854 2332 suam
873 2307 992 2340 pluribus
1011 2313 1072 2331 esse
1093 2306 1216 2337 similem,
1236 2303 1330 2330 sufficit
1350 2305 1377 2329 in

298 2365 357 2397 ipso
374 2365 408 2388 ad
431 2362 627 2387 multitudinem
651 2359 876 2393 cognoscendam
899 2359 1028 2383 intellecta
1049 2358 1122 2382 enim
1144 2358 1219 2382 aliter
1237 2364 1297 2381 esse
1320 2363 1373 2380 non

297 2421 403 2450 oportet
426 2415 475 2439 nisi
494 2421 542 2448 per
561 2420 636 2438 suam
655 2412 853 2437 similitudinem
871 2412 898 2436 in
915 2409 1051 2436 intellectu
1069 2409 1102 2434 ad
1123 2409 1174 2434 hoc
1192 2408 1264 2442 quod
1282 2408 1376 2434 intelli-

298 2472 402 2501 gantur,
420 2472 446 2492 et
464 2474 511 2499 per
529 2472 606 2490 suam
629 2464 772 2489 essentiam
794 2463 821 2488 in
845 2462 950 2495 propria
973 2466 1066 2486 natura
1088 2461 1121 2486 ad
1145 2460 1195 2485 hoc
1218 2460 1291 2493 quod
1315 2466 1378 2485 vere

299 2519 383 2553 (esse)
403 2519 588 2554 intelligantur.
600 2515 615 2550 5
629 2516 666 2540 Ex
680 2514 757 2540 dictis
770 2515 848 2547 igitur
859 2518 930 2546 patet
941 2513 1014 2546 quod
1033 2513 1174 2538 multitudo
1187 2512 1378 2537 intellectorum

299 2579 316 2597 a
327 2571 385 2596 Deo
404 2578 458 2595 non
476 2569 575 2595 inducit
585 2567 807 2600 compositionem
824 2566 851 2590 in
870 2566 970 2598 ipsum:
989 2571 1077 2597 neque
1094 2564 1201 2593 realem,
1221 2570 1281 2588 cum
1301 2562 1378 2588 intel-

300 2624 368 2648 lecta
385 2630 440 2647 non
458 2622 510 2646 sint
528 2620 605 2653 quasi
628 2627 672 2645 res
696 2618 826 2652 quaedam
849 2618 919 2651 apud
932 2617 969 2641 ’ἐκ
997 2617 1084 2648 ipsum
1112 2615 1267 2644 existentes;
1291 2620 1379 2646 neque

299 2674 462 2702 rationalem,
479 2674 548 2697 sicut
562 2671 666 2696 habitus
684 2670 808 2695 scientiae
826 2675 932 2694 nostrae
950 2668 1086 2700 multiplex
1099 2672 1140 2692 est
1158 2674 1188 2691 ex
1209 2665 1376 2691 multitudine

301 2727 442 2756 scitomm3
461 2733 523 2750 nam
546 2725 632 2757 primo
651 2728 677 2748 et
695 2729 742 2755 per
761 2729 790 2747 se
809 2721 970 2755 intellectum
989 2727 1004 2743 a
1022 2718 1080 2743 Deo
1097 2723 1138 2743 est
1159 2724 1243 2742 unum
1267 2721 1378 2745 tantum.

302 2785 331 2805 ut
353 2786 433 2811 supra
458 2777 598 2810 probatum
623 2780 673 2806 est,
692 2774 742 2799 alia
761 2780 824 2798 vero
843 2772 874 2797 ab
894 2779 926 2797 eo
952 2771 1130 2802 intelliguntur
1153 2774 1182 2794 ut
1205 2768 1232 2793 in
1254 2768 1300 2792 illo
1324 2774 1379 2792 uno

301 2831 367 2862 visa,
386 2835 415 2855 ut
434 2835 513 2862 supra
531 2826 706 2852 ostendimus.

359 2924 392 2968 (ξ
407 2924 585 2955 Praemissa
604 2927 714 2952 autern
737 2919 896 2950 dubitatio
913 2918 1047 2948 faciliter
1063 2916 1145 2946 solvi
1160 2919 1269 2956 potest
1291 2915 1317 2944 si
1333 2914 1380 2944 di-

302 2979 438 3019 ligenter
465 2975 655 3015 inspiciatur
685 2971 822 3012 qualiter
856 2980 906 3000 res
935 2969 1118 2999 intellectae
1148 2967 1182 2997 in
1211 2966 1379 2997 intellectu

303 3029 450 3061 existant.
475 3027 516 3057 Et
539 3032 575 3056 ut
602 3026 641 3056 ab
665 3023 833 3054 intellectu
855 3027 969 3052 nostro
996 3020 1036 3051 ad
1067 3019 1166 3050 divini
1197 3018 1380 3049 intellectus

304 3081 538 3121 cognffiomen,
559 3082 658 3119 prout
674 3082 721 3106 est
744 3074 907 3116 possibile,
931 3070 1158 3113 procedamus,
1175 3069 1382 3101 consideran-

304 3133 384 3163 dum
411 3137 459 3162 est
482 3129 573 3171 quod
596 3138 646 3159 res
677 3127 815 3158 exterior
838 3124 999 3155 intellecta
1019 3126 1093 3151 nobis
1113 3132 1130 3152 a
1153 3121 1247 3152 nobis
1275 3121 1308 3150 in
1332 3120 1378 3150 in-

303 3184 435 3215 tellectu
458 3188 571 3212 nostro
595 3189 664 3210 non
693 3178 797 3209 existit
826 3175 1007 3207 secundum
1030 3174 1197 3215 propriam
1219 3178 1378 3207 naturam,

304 3236 360 3268 sed
377 3240 508 3276 oportet
524 3232 615 3274 quod
637 3234 787 3261 similitudo
805 3235 862 3258 eius
879 3229 1003 3268 species
1019 3227 1089 3257 eius
1104 3226 1144 3256 sit
1162 3225 1195 3255 in
1214 3223 1381 3254 intellectu

304 3294 428 3324 nostro,
445 3296 502 3328 per
519 3294 618 3326 quam
634 3283 670 3314 fit
685 3282 867 3313 intellectus
883 3281 917 3310 in
933 3285 1017 3310 actu.
1035 3278 1182 3308 Existens
1203 3281 1312 3306 autem
1327 3297 1334 3304 .
1349 3296 1357 3304 .
1373 3296 1380 3303 .

305 3338 484 3371 similitudo
507 3338 603 3368 illius.
627 3335 671 3376 [§]
691 3333 832 3365 Ulterius
856 3338 965 3362 autem
982 3354 989 3360 .
1005 3353 1012 3360 .
1027 3353 1034 3359 .
1052 3335 1084 3359 et
1107 3332 1320 3369 praesentem.
1345 3325 1381 3355 In

306 3402 374 3434 quo
404 3396 444 3421 sib
473 3399 550 3421 cum
577 3388 742 3423 intellectu
766 3384 953 3424 imaginatio
977 3381 1140 3412 convenit.
1169 3379 1231 3410 Sed
1256 3378 1382 3409 intelle-

306 3451 377 3476 ctus
394 3467 402 3474 .
416 3466 424 3474 .
439 3467 446 3473 .
463 3442 614 3473 omnium
637 3447 756 3470 rerum.
781 3437 841 3467 Per
859 3436 923 3466 hoc
940 3443 1017 3474 ergo
1033 3432 1179 3473 sequitur
1196 3430 1287 3471 quod
1303 3439 1382 3460 con-

307 3496 416 3536 ceptio
439 3493 622 3525 intellectus
645 3490 746 3522 divini
763 3494 861 3530 prout
884 3487 1028 3527 seipsum
1046 3484 1205 3524 intelligit,
1230 3491 1313 3523 quae
1337 3486 1384 3511 est

306 3547 444 3582 verbum
458 3547 570 3587 ipsius,
594 3553 663 3575 non
687 3542 794 3572 solum
819 3541 858 3570 sit
881 3537 1058 3569 similitudo
1082 3536 1183 3577 ipsius
1212 3535 1273 3565 Dei
1289 3533 1383 3564 intel-

307 3599 393 3635 lecti,
417 3597 474 3628 sed
502 3598 600 3627 etiam
623 3595 774 3626 omnium
799 3603 867 3629 quae
889 3594 964 3619 intell
982 3598 1124 3630 quorum
1140 3592 1188 3617 est
1211 3586 1318 3617 divina
1336 3595 1385 3615 es-

309 3651 411 3682 sentia
434 3648 623 3680 similitudo.
648 3647 701 3677 Sic
722 3655 798 3686 ergo
815 3654 872 3685 per
896 3651 994 3673 unam
1019 3641 1162 3682 speciem
1179 3663 1186 3669 .
1201 3662 1208 3669 .
1223 3662 1231 3669 .
1249 3642 1386 3679 possunt

309 3714 327 3734 a
351 3703 423 3733 Deo
447 3701 607 3741 intelligi.)

379 3813 460 3854 Cap.
486 3812 568 3843 LIV.
593 3811 760 3850 Quamraa
783 3820 891 3842 mvma
915 3818 1058 3840 sssanm
1082 3816 1144 3836 UNA
1168 3814 1311 3835 axxsrans

313 3876 350 3896 ar
375 3874 503 3895 smpmx
527 3873 574 3894 srr
596 3872 731 3893 Pnorma
755 3871 934 3893 snnuruno
959 3869 1080 3891 ommim
1108 3865 1381 3888 INTELLIGIBILIUM.

366 3961 384 3998 g
401 3958 464 3989 Sed
487 3959 596 3988 rursus
620 3956 750 3987 difficile
767 3980 775 3987 .
790 3980 797 3987 .
812 3980 819 3987 .
837 3956 1047 3987 diversorum.
1062 3954 1166 3989 Nam,
1191 3960 1266 3982 cum
1284 3951 1386 3980 diver-

313 4020 420 4042 sarum
444 4018 552 4040 rerum
576 4009 616 4039 sit
640 4007 802 4038 distinctio
827 4008 952 4038 ratione
971 4006 1173 4047 propriarum
1198 4002 1385 4037 formarum,

1378 736 1403 751 ¹0

1382 1247 1408 1261 20

1385 1505 1408 1524 ες

1389 1761 1414 1781 30

1391 2017 1413 2038 35

1391 2274 1418 2294 4⁰

1391 2532 1416 2553 45

1395 2780 1420 2800 50

1397 3038 1419 3058 55

1396 3291 1423 3310 60

1399 3547 1423 3571 ὂς

1401 3806 1427 3825 70

2417 182 2487 216 21*

1415 267 1496 291 altero
1519 262 1635 304 (alteri)
1653 270 1785 292 necesse
1808 267 1855 292 est
1870 266 1906 291 ut
1922 261 2075 292 dissimile
2092 260 2282 291 inveniatur.
2301 259 2487 290 Secundum

1414 323 1492 344 vero
1509 313 1600 355 quod
1617 313 1740 344 diversa
1756 312 1878 353 aliquid
1897 321 2073 343 commune
2090 312 2218 348 habent,
2235 311 2315 342 nihil
2339 310 2488 352 prohibet

1416 375 1453 396 ea
1476 364 1722 396 similitudinem
1749 373 1849 395 unam
1879 364 2008 401 habere,
2040 364 2122 394 sicut
2141 373 2166 392 et
2189 363 2290 394 homo
2319 369 2350 393 et
2380 363 2487 393 asinus

1415 417 1611 457 inquantum
1623 421 1698 446 sunt
1711 415 1870 445 animalia.
1885 416 1900 431 ⁵*
1916 415 1963 445 Ex
1976 424 2045 454 quo
2058 421 2211 455 sequetur
2224 438 2230 444 .
2242 437 2248 445 .
2261 437 2269 445 .
2287 415 2369 445 sicut
2385 413 2488 444 forma

1417 478 1480 508 qua
1505 469 1617 508 agitur.
1636 466 1679 509 (ἓ)
1697 467 1836 508 Oportet
1851 467 1948 506 igitur
1965 490 1973 497 .
1988 490 1995 497 .
2011 490 2017 496 .
2035 472 2071 496 ut
2094 473 2215 497 natura.
2235 466 2319 496 Nam
2343 475 2380 496 ea
2404 474 2488 506 quae

1417 518 1457 549 ad
1481 528 1548 549 esse
1573 519 1709 549 alicuius
1732 518 1777 548 rei
1802 519 2019 558 requiruntur,
2039 517 2124 548 illius
2142 518 2188 548 rei
2211 522 2324 547 natura
2342 520 2391 544 nisi
2410 519 2489 544 simut

1418 568 1544 611 (divisa)
1566 579 1635 599 esse
1658 579 1726 599 non
1750 570 1880 609 patitur.
1904 569 1980 599 Non
2005 570 2091 599 enirn
2110 593 2116 599 .
2132 592 2160 599 ..
2179 568 2327 599 sensibile
2351 573 2487 598 tantum.

1418 620 1512 651 Unde
1535 620 1718 650 intellectus
1742 620 1773 650 id
1798 620 1887 660 quod
1910 620 2002 660 plura
2027 620 2254 660 complectitur
2277 624 2382 659 potest
2406 619 2489 649 acci-

1417 682 1494 712 pere
1517 678 1554 702 ut
1577 672 1741 711 propriam
1761 673 1920 702 rationem
1940 672 2155 712 plurimorum
2179 678 2205 699 et
2224 675 2283 699 ideo
2302 674 2358 699 acci
2376 679 2490 710 appre-

1417 722 1526 753 hendo
1547 723 1654 762 aliqua
1671 722 1801 752 illorum
1827 723 1948 762 absque
1973 722 2050 752 aliis.
2078 722 2189 752 Potest
2209 722 2295 751 enim
2313 743 2321 751 .
2336 744 2342 751 .
2358 744 2364 751 .
2382 721 2491 760 singu-

1417 773 1525 804 lorum
1556 782 1770 803 numerorum
1800 772 1881 803 infra
1903 777 1928 800 in
1949 784 1997 801 con
2025 773 2237 803 inclusorum.
2268 772 2421 802 Similiter
2438 794 2445 801 .
2460 794 2466 801 .
2482 794 2490 801 .

1418 825 1581 866 positivas.
1607 825 1741 864 Propter
1765 825 1828 855 hoc
1853 824 1985 864 quidam
2001 824 2217 864 philosophus
2247 827 2321 852 dixit
2351 823 2492 854 clemens

1418 876 1553 906 nomine
1566 875 1643 906 dixit
1659 875 1750 916 quod
1765 875 1926 906 nobiliora
1938 876 1971 905 in
1985 875 2111 905 entibus
2124 880 2198 905 sunt
2214 873 2492 904 minus'nobilium

1420 927 1613 967 exemplaria
1637 931 1685 955 sed
1699 938 1750 956 non
1765 931 1857 963 prima,
1877 937 1905 955 ut
1923 930 2033 960 dicebat,
2046 936 2151 963 propter
2165 930 2236 962 quod
2249 937 2263 954 a
2277 929 2328 954 dio.
2347 937 2363 953 v
2380 937 2394 954 c
2413 930 2446 954 de
2459 929 2492 953 di.

1396 994 1403 999 -
1420 990 1462 1007 no.
1482 982 1644 1014 reprobatur.
1664 978 1780 1008 Divina
1800 985 1908 1008 autern
1926 979 2060 1008 essentia
2079 1001 2086 1007 .
2102 1001 2108 1007 .
2123 999 2131 1007 .
2148 982 2184 1007 ut
2208 986 2303 1016 supra
2327 982 2494 1007 ostensum

1421 1036 1477 1061 est.
1502 1030 1622 1060 Forma
1639 1036 1747 1061 autem
1767 1030 1873 1060 omnis
1890 1036 1955 1060 tam
1972 1030 2102 1070 propria
2119 1038 2217 1069 quarn
2234 1028 2428 1064 communis
2446 1037 2493 1058 se-

1421 1081 1565 1111 cundum
1582 1081 1614 1111 id
1631 1081 1720 1121 quod
1734 1080 1869 1121 (aliquid
1886 1081 1992 1120 ponit)
2015 1086 2062 1110 est
2091 1084 2199 1116 positive
2224 1078 2379 1119 perfectio
2397 1087 2494 1118 quae-

1421 1132 1495 1163 dam
1508 1133 1535 1162 *.
1551 1132 1627 1162 Non
1641 1138 1750 1162 autem
1764 1155 1771 1162 .
1786 1155 1792 1162 .
1808 1155 1815 1162 .
1829 1141 1847 1162 a
1862 1141 1939 1162 vero
1957 1141 2033 1162 esse.
2052 1131 2235 1161 Intellectus
2252 1131 2348 1171 igitur
2368 1129 2495 1160 divinus

1421 1184 1453 1214 id
1471 1183 1560 1224 quod
1574 1189 1620 1213 est
1633 1184 1802 1223 proprium
1819 1183 1997 1222 unicuique
2010 1183 2042 1212 in
2056 1183 2192 1212 essentia
2208 1191 2264 1212 sua
2282 1181 2495 1221 comprehen-

1422 1235 1498 1266 dere
1529 1240 1636 1275 potest
1671 1234 1881 1274 intelligendo
1906 1235 1938 1264 in
1968 1243 2034 1274 quo
2060 1246 2073 1262 a
2092 1245 2119 1262 se
2137 1245 2185 1262 sua
2213 1233 2294 1275 (eius
2325 1231 2495 1262 essentiam

1422 1287 1575 1323 imitetur,
1601 1292 1632 1317 et
1652 1287 1684 1317 in
1703 1296 1769 1326 quo
1789 1287 1827 1316 ab
1845 1284 1928 1326 eius)
1945 1285 2144 1326 perfectione
2161 1284 2269 1315 deficit
2284 1282 2496 1323 unumquod-

1423 1347 1488 1378 que
1500 1339 1527 1374 ἡ
1546 1343 1660 1378 utpote
1673 1337 1884 1377 intelligendo
1898 1337 2068 1367 essentiam
2082 1346 2172 1367 suam
2187 1341 2221 1366 ut
2233 1334 2423 1366 imitabilem
2439 1342 2497 1373 per

1423 1388 1560 1419 modum
1584 1390 1667 1419 vitae
1684 1394 1716 1418 et
1737 1397 1804 1418 non
1829 1389 2035 1428 cognitionis,
2052 1388 2169 1428 accipit
2192 1386 2356 1427 propriam
2370 1389 2496 1414 rationem

1425 1439 1591 1480 (formam)
1616 1440 1755 1480 plantae,
1781 1440 1806 1469 si
1830 1449 1907 1470 vero
1929 1446 1964 1470 ut
1987 1440 2177 1471 imitabilem
2200 1447 2258 1479 per
2280 1436 2418 1467 modum
2442 1444 2498 1466 co—

1424 1491 1578 1531 gnitionis
1595 1497 1626 1521 et
1642 1500 1710 1521 non
1727 1491 1920 1527 intellectus,
1938 1492 2103 1531 propriam
2128 1489 2266 1520 formam
2286 1486 2443 1523 animalis,
2467 1491 2499 1516 et

1425 1542 1470 1571 sic
1495 1541 1534 1571 de
1559 1541 1638 1571 aliis.
1664 1541 1716 1572 Sic
1739 1542 1836 1581 igitur
1867 1547 1954 1581 patet
1984 1541 2074 1582 quod
2105 1541 2241 1571 essentia
2271 1540 2287 1555 ⁴*
2309 1538 2426 1574 divina,
2450 1538 2499 1567 in-

1427 1600 1586 1633 quantum
1611 1598 1658 1623 est
1671 1598 1786 1629 propr-ia
1805 1598 1878 1623 ratio
1897 1594 2043 1624 absolute
2059 1592 2210 1633 perfecta,
2227 1596 2335 1632 potest
2354 1602 2414 1619 esse
2433 1588 2499 1630 (ac-

1427 1645 1491 1684 cipi
1511 1643 1558 1685 ut)
1583 1645 1713 1684 propria
1737 1646 1818 1675 ratio
1842 1645 2062 1685 singulorum3
2082 1652 2107 1673 et
2126 1643 2212 1674 unde
2237 1653 2293 1684 per
2317 1651 2389 1673 eam
2412 1642 2500 1672 Deus

1427 1695 1592 1736 propriam
1617 1696 1838 1735 cognitionem
1863 1696 1902 1726 de
1927 1697 2079 1726 omnibus
2103 1696 2220 1725 habere
2237 1699 2354 1735 potest.
2378 1696 2443 1731 §Ex
2455 1696 2500 1720 'his

1430 1751 1571 1783 <ulterius>
1586 1751 1666 1776 videri
1680 1757 1766 1784 potest
1779 1751 1885 1784 (quod)
1906 1751 2041 1785 (qualiter)
2061 1752 2086 1775 in
2106 1751 2191 1775 divina
2207 1755 2296 1775 mente
2313 1748 2432 1774 omnium
2450 1748 2502 1772 for-

1428 1808 1488 1826 mae
1505 1802 1547 1826 vel
1567 1801 1682 1826 rationes
1703 1802 1788 1834 <quae
1810 1801 1883 1826 ideae
1909 1802 2028 1826 dicuntur
2047 1801 2072 1826 in
2091 1806 2179 1825 mente
2198 1800 2300 1833 divina>
2324 1808 2384 1825 esse
2402 1799 2504 1833 possint

1429 1852 1530 1886 absque
1553 1853 1640 1886 aliqua
1659 1852 1805 1877 intellectus
1819 1853 1896 1877 divini
1912 1853 2108 1885 compositione.
2123 1852 2188 1877 Sunt
2201 1852 2270 1877 enim
2289 1852 2314 1876 in
2333 1858 2365 1876 eo
2382 1856 2412 1876 ut
2430 1850 2503 1875 intel—

1429 1905 1494 1930 lecta
1513 1903 1538 1929 in
1558 1904 1726 1936 intelligente.
1753 1903 1848 1934 <Quod
1873 1903 1911 1928 sic
1934 1904 2020 1936 patet>
2046 1903 2142 1928 Forma
2161 1901 2252 1935 (enim)
2272 1902 2313 1926 vel
2332 1902 2397 1926 ratio
2415 1908 2503 1933 respe-

1429 1961 1500 1981 ctum
1525 1956 1649 1988 importat
1672 1955 1704 1980 ad
1729 1955 1754 1980 id
1780 1955 1853 1980 cuius
1875 1961 1923 1980 est.
1946 1955 1972 1980 Si
1996 1962 2060 1988 ergo
2078 1954 2111 1979 sit
2132 1954 2237 1987 propria
2261 1953 2346 1978 forma
2370 1953 2411 1977 vel
2430 1952 2503 1983 ratio,

1428 2011 1533 2040 oportet
1546 2006 1618 2039 quod
1638 2006 1772 2039 proprium
1791 2011 1940 2039 respectum
1961 2009 2081 2038 respectu
2100 2006 2157 2031 eius
2176 2006 2207 2031 ad
2227 2005 2296 2030 idem
2315 2004 2436 2030 includat.
2454 2003 2502 2028 Es·

1430 2058 1513 2083 sentia
1533 2050 1626 2082 autem
1640 2057 1725 2082 divina
1745 2058 1776 2082 ad
1795 2057 1862 2082 hanc
1885 2065 1941 2082 rem
1963 2058 2096 2090 proprium
2119 2061 2266 2089 respectum
2287 2064 2339 2081 non
2358 2055 2436 2080 habet
2455 2055 2503 2079 nisi

1430 2114 1560 2142 quatenus
1580 2109 1709 2142 intelligit
1727 2109 1840 2133 continet
1859 2110 1884 2133 in
1911 2116 1940 2133 se
1965 2108 2062 2137 virtute
2078 2108 2141 2132 illud
2160 2108 2246 2132 solum
2268 2107 2340 2140 quod
2358 2107 2503 2131 secundum

1430 2160 1501 2193 quod
1525 2160 1589 2185 haec
1612 2167 1655 2185 res
1680 2160 1764 2193 ipsam
1789 2160 1910 2187 imitatur.
1934 2160 1990 2185 Hoc
2015 2165 2101 2184 autem
2127 2166 2179 2183 non
2198 2163 2284 2192 potest
2308 2157 2361 2183 fieri
2386 2158 2434 2182 nisi
2457 2164 2504 2190 per

1430 2211 1599 2242 intellectum,
1619 2217 1647 2236 ut
1671 2211 1769 2236 scilicet
1787 2211 1837 2236 hoc
1857 2211 1976 2236 distincte
1996 2211 2027 2235 ab
2045 2210 2100 2235 aliis
2121 2217 2187 2243 quae
2206 2210 2232 2234 in
2252 2209 2345 2234 eodem
2363 2208 2504 2233 virtualiter

1431 2263 1603 2294 continentur,
1623 2263 1768 2295 accipiatur.
1789 2263 1953 2295 Relinquitur
1972 2262 2043 2295 quod
2065 2262 2150 2286 divina
2172 2261 2286 2286 essentia
2308 2269 2360 2285 non
2385 2265 2425 2285 est
2443 2267 2504 2293 pro-

1431 2316 1486 2348 pria
1504 2316 1571 2340 ratio
1590 2315 1659 2340 illius
1677 2315 1719 2339 vel
1739 2314 1807 2340 illius
1828 2315 1863 2339 rei
1884 2314 1932 2339 nisi
1953 2314 2097 2339 secundum
2117 2313 2188 2346 quod
2211 2318 2252 2338 est
2274 2313 2403 2337 intellecta
2420 2315 2450 2336 ut
2467 2311 2504 2336 sic

1431 2365 1566 2391 imitabilis
1586 2370 1664 2399 prout
1682 2365 1746 2390 haec
1768 2372 1810 2390 res
1836 2372 1894 2390 eam
1920 2365 2043 2389 imitatur.
2070 2364 2170 2388 Ponere
2194 2370 2257 2396 ergo
2281 2363 2370 2396 plures
2392 2362 2505 2387 rationes

1432 2424 1521 2442 rerum
1540 2416 1566 2441 in
1586 2416 1643 2441 Deo
1662 2416 1724 2442 nihil
1745 2422 1785 2442 est
1803 2416 1873 2441 aliud
1893 2423 1971 2449 quam
1991 2422 2090 2448 ponere
2105 2415 2190 2439 Deum
2203 2414 2347 2446 intelligere
2365 2412 2504 2438 essentiam

1432 2475 1510 2493 suam
1530 2475 1590 2493 esse
1609 2467 1727 2501 pluribus
1747 2467 1833 2493 modis
1854 2468 2004 2493 imitabilem
2017 2475 2032 2492 a
2045 2467 2133 2492 rebus.
2153 2466 2208 2490 Hos
2228 2470 2315 2490 autem
2334 2464 2429 2489 modos
2448 2463 2505 2488 imi-

1432 2519 1564 2545 tabilitatis
1584 2520 1704 2552 intelligit
1723 2527 1753 2544 ex
1772 2520 1903 2544 intellectu
1926 2519 2047 2543 absoluto
2069 2525 2133 2542 suae
2156 2516 2292 2547 essentiae,
2312 2515 2337 2540 in
2356 2515 2428 2540 cuius
2447 2521 2506 2547 per-

1432 2569 1545 2595 fectione
1563 2569 1709 2595 continetur
1722 2569 1864 2594 virtualiter
1879 2569 1965 2594 omnis
1985 2568 2110 2601 perfectio
2129 2567 2273 2592 secundum
2291 2573 2371 2598 quam
2390 2569 2506 2589 creatura

1433 2629 1493 2647 esse
1512 2622 1653 2654 participat,
1673 2622 1739 2646 sicut
1758 2628 1788 2645 ex
1807 2619 1948 2653 principiis,
1966 2620 1991 2644 in
2011 2619 2107 2652 quibus
2129 2618 2310 2643 conclusiones
2330 2616 2426 2641 virtute
2445 2623 2506 2640 con-

1433 2673 1537 2704 sistunt,
1556 2673 1702 2697 intellectus
1721 2677 1811 2697 noster
1836 2671 2033 2697 conclusionum
2062 2669 2153 2703 accipit
2176 2669 2319 2694 veritatem.
2342 2668 2374 2693 Et
2391 2667 2441 2692 hoc
2459 2674 2507 2700 per

1433 2725 1519 2749 simile
1538 2724 1619 2748 videri
1637 2728 1725 2757 potest
1743 2723 1769 2748 in
1788 2723 1896 2748 homine
1915 2723 1959 2756 qui
1978 2729 2026 2755 per
2041 2727 2127 2746 artem
2147 2728 2222 2745 suam
2241 2719 2403 2745 artificiatum
2422 2718 2508 2751 quod*

1433 2782 1547 2807 cumque
1572 2774 1701 2808 producit.
1725 2774 1810 2799 Habet
1832 2775 1901 2799 enim
1924 2773 1992 2806 apud
2015 2780 2043 2797 se
2068 2772 2180 2796 formam
2205 2770 2338 2801 arfificiafi,
2362 2771 2507 2796 secundum

1434 2833 1514 2859 quam
1533 2830 1667 2858 operatur,
1686 2833 1747 2850 nam
1767 2825 1861 2850 domus
1881 2832 1949 2857 quae
1968 2829 2008 2848 est
2026 2824 2052 2848 in
2071 2823 2178 2848 materia
2191 2828 2230 2847 est
2249 2830 2263 2846 a
2282 2822 2362 2846 domo
2381 2829 2448 2854 quae
2467 2827 2508 2847 est

1434 2878 1460 2903 in
1480 2882 1577 2908 mente,
1597 2877 1743 2902 secundum
1762 2877 1948 2910 philosophum
1968 2877 1993 2901 in
2016 2883 2052 2900 vn
2078 2875 2190 2907 metaph.
2216 2875 2287 2899 Haec
2311 2879 2399 2898 autem
2423 2874 2508 2898 forma

1435 2935 1475 2955 est
1494 2930 1519 2955 in
1540 2935 1627 2954 mente
1646 2935 1675 2954 ut
1693 2936 1740 2962 per
1759 2929 1917 2953 intellectum
1937 2926 2040 2953 artificis
2060 2926 2209 2959 excogitata,
2234 2926 2260 2950 in
2287 2925 2360 2950 cuius
2380 2924 2508 2957 excogita-

1434 2981 1532 3007 tionem
1553 2982 1688 3006 deducitur
1700 2989 1730 3006 ex
1750 2981 1835 3013 aliqua
1853 2979 2017 3013 praecedenti
2037 2978 2188 3011 cognitione,
2209 2978 2307 3002 scilicet
2324 2976 2392 3006 finis,
2411 2984 2441 3001 ex
2454 2983 2508 3009 quo

1434 3033 1500 3057 ratio
1517 3033 1604 3057 omnis
1629 3031 1753 3057 artificiati
1780 3032 1907 3056 sumenda
1931 3036 1979 3061 est,
2006 3035 2031 3055 et
2054 3037 2101 3064 per
2123 3029 2189 3054 hanc
2213 3029 2325 3054 formam
2347 3028 2397 3053 sibi
2419 3032 2508 3052 notam

1435 3084 1461 3109 in
1487 3084 1545 3109 noti
1568 3084 1709 3108 factionem
1734 3088 1760 3108 et
1784 3082 1958 3116 cognitionem
1987 3082 2090 3107 devenit
2112 3080 2180 3105 illius
2206 3080 2301 3104 domus
2327 3086 2394 3111 quae
2419 3083 2460 3102 est
2483 3078 2509 3102 in

1434 3137 1553 3160 materia.
1572 3135 1606 3159 Et
1625 3135 1662 3159 sic
1681 3134 1764 3159 forma
1783 3134 1826 3158 illa
1846 3139 1886 3158 est
1905 3134 1990 3166 primo
2010 3133 2080 3165 quod
2103 3131 2251 3164 intelligitur
2273 3135 2299 3155 et
2321 3130 2437 3155 secundo
2456 3136 2510 3162 quo

1435 3186 1594 3219 intelligitur.
1614 3185 1656 3210 Sic
1677 3191 1702 3210 et
1721 3185 1792 3210 Deus
1811 3192 1859 3217 per
1878 3185 1995 3209 notitiam
2014 3190 2078 3208 suae
2103 3182 2240 3211 essentiae,
2264 3188 2332 3214 quae
2350 3185 2390 3205 est
2408 3179 2466 3204 finis
2485 3184 2511 3204 et

1435 3237 1591 3270 principium
1611 3237 1740 3267 omnium,
1760 3235 1958 3269 comprehendit
1976 3234 2107 3267 propriam
2133 3234 2210 3258 huius
2229 3233 2270 3257 vel
2290 3232 2358 3256 illius
2377 3231 2414 3256 rei
2433 3231 2510 3255 ratio-

1436 3296 1506 3320 nem,
1521 3296 1568 3322 per
1582 3295 1664 3321 quam
1677 3288 1761 3320 ipsam
1775 3292 1898 3320 operatur
1911 3291 1936 3311 et
1955 3285 2096 3319 cognoscit.
2116 3285 2143 3309 ln
2158 3292 2211 3317 quo
2225 3284 2301 3308 etiam
2315 3283 2447 3308 evidenter
2466 3289 2510 3315 ap—

1436 3345 1510 3372 paret
1529 3339 1641 3364 eandem
1661 3346 1722 3363 esse
1741 3337 1936 3370 dispositionem
1957 3342 1983 3361 et
2001 3337 2119 3361 ordinem
2138 3336 2163 3360 in
2183 3343 2242 3360 esse
2261 3340 2287 3359 et
2305 3334 2421 3363 veritate,
2440 3333 2511 3366 quod

1437 3390 1612 3424 philosophus
1631 3390 1657 3414 in
1677 3390 1792 3414 secundo
1817 3388 1931 3421 metaph.
1951 3388 2023 3413 dicit:
2049 3395 2110 3412 nam
2134 3388 2199 3412 sicut
2227 3386 2311 3411 divina
2336 3385 2450 3410 essentia
2472 3389 2512 3409 est

1439 3442 1592 3476 principium
1614 3442 1718 3466 essendi
1736 3441 1859 3465 omnibus
1872 3440 1960 3471 rebus,
1974 3439 2011 3464 sic
2024 3438 2143 3472 cognitio
2163 3445 2251 3462 rerum
2270 3437 2380 3462 aliarum
2400 3435 2512 3469 cognitio

1439 3499 1464 3519 et
1482 3495 1576 3519 veritas
1597 3493 1728 3518 derivatur
1747 3501 1761 3517 a
1781 3492 1927 3525 cognitione
1940 3491 2069 3516 essentiae
2089 3489 2198 3515 divinae.
2221 3489 2259 3514 Ea
2272 3495 2359 3514 autem
2378 3495 2447 3521 quae
2465 3495 2512 3520 po-

1439 3550 1536 3570 nuntur
1554 3544 1580 3569 in
1600 3544 1731 3569 intellectu
1750 3549 1778 3568 ut
1803 3543 1933 3567 intellecta
1953 3547 2064 3572 tantum,
2082 3549 2134 3566 non
2158 3545 2292 3574 ponuntur
2315 3541 2340 3564 in
2363 3547 2396 3564 eo
2421 3544 2449 3564 ut
2470 3546 2513 3564 res

1440 3596 1578 3629 quaedam,
1598 3602 1660 3619 nam
1679 3594 1824 3619 intellectus
1846 3592 1921 3627 (non)
1941 3592 2114 3625 intelligendo
2129 3591 2249 3624 intelligit
2267 3590 2449 3616 constituendo
2467 3589 2513 3615 ali-

1440 3647 1512 3681 quid,
1531 3652 1560 3671 ut
1579 3647 1676 3671 dictum
1690 3651 1738 3670 est.
1757 3646 1790 3670 Et
1802 3650 1910 3678 propter
1928 3644 1976 3669 hoc
1995 3643 2168 3677 philosophus
2187 3643 2213 3668 in
2233 3643 2302 3675 <vn>
2323 3641 2371 3676 (vt)
2390 3641 2513 3675 metaph„

1441 3706 1488 3723 ens
1507 3698 1579 3731 quod
1599 3703 1639 3723 est
1657 3697 1684 3722 in
1705 3703 1792 3722 mente
1812 3696 1944 3729 distinguit
1957 3695 1989 3720 ab
2009 3700 2067 3720 ente
2091 3695 2162 3728 quod
2181 3694 2302 3719 dividitur
2321 3702 2368 3727 per
2385 3702 2401 3719 x
2419 3701 2515 3727 genera

1441 3757 1538 3774 rerum.
1558 3749 1586 3774 ld
1601 3754 1687 3774 autem
1709 3748 1772 3780 (ex)
1793 3754 1847 3780 quo
1865 3747 1984 3780 intelligit
2002 3747 2150 3771 intellectus
2170 3751 2210 3771 est
2227 3753 2271 3770 res
2290 3745 2384 3778 aliqua,
2403 3752 2463 3769 cum
2482 3744 2515 3768 sit

1441 3801 1596 3834 principium
1609 3800 1719 3825 formale
1732 3807 1795 3824 suae
1808 3799 1975 3832 operationis,
1990 3798 2057 3824 sicut
2070 3798 2096 3822 in
2115 3797 2190 3822 nobis
2203 3797 2304 3830 species
2319 3804 2371 3829 qua
2389 3795 2514 3820 formatur

1441 3853 1588 3878 intellectus
1607 3851 1633 3876 in
1653 3856 1719 3876 actu.
1734 3851 1785 3876 Sed
1804 3850 1854 3875 hoc
1873 3850 1898 3875 in
1912 3850 1968 3875 Deo
1983 3857 2036 3874 non
2055 3855 2096 3874 est
2109 3849 2158 3874 nisi
2177 3849 2288 3874 essentia
2304 3855 2359 3879 sua,
2372 3854 2419 3879 per
2434 3853 2512 3878 quam

1441 3904 1534 3930 similis
1554 3909 1595 3928 est
1613 3908 1639 3928 et
1657 3902 1806 3928 huiusmodi
1826 3901 1969 3926 rationibus
1982 3901 2119 3926 intellectis
2138 3906 2163 3925 et
2181 3900 2260 3924 rebus
2280 3906 2347 3931 quae
2366 3902 2426 3922 sunt
2445 3901 2514 3921 extra

1441 3956 1564 3981 animam.
1585 3954 1661 3980 Unde
1676 3959 1746 3987 patet
1759 3953 1829 3986 quod
1849 3960 1879 3977 ex
1892 3952 1942 3977 hoc
1956 3952 2026 3985 quod
2039 3951 2188 3976 huiusmodi
2201 3950 2300 3975 formae
2313 3955 2400 3973 rerum
2414 3947 2439 3972 in
2458 3947 2514 3972 Deo

1442 4011 1585 4039 ponuntur,
1599 4013 1651 4030 non
1663 4005 1769 4037 ponitur
1785 4005 1872 4037 aliqua
1890 4011 1979 4029 rerum
1999 4002 2131 4036 pluralitas
2151 4002 2176 4026 in
2196 4002 2261 4034 ipso,
2281 4000 2327 4025 sed
2341 4000 2372 4024 ad
2391 3999 2441 4023 hoc
2460 3997 2512 4022 suf-

2518 415 2622 437 15ra1.

2523 1131 2532 1140 ·
2548 1129 2600 1151 Vid.
2616 1129 2645 1150 ad
2663 1129 2710 1150 loc.

2525 1337 2534 1345 '
2550 1334 2603 1356 Vid.
2621 1334 2649 1355 ad
2664 1333 2710 1354 loc.

2529 1538 2626 1565 15rbi.

314 4062 405 4104 quod
429 4062 525 4092 alicui
550 4059 731 4090 secundum
755 4060 919 4100 propriam
944 4058 1081 4089 formam
1107 4057 1209 4088 simile
1229 4055 1333 4091 fuerit,
1354 4058 1385 4082 ab
1400 4063 1424 4084 75
1443 4055 1496 4082 ficit
1505 4064 1557 4081 una
1571 4061 1596 4081 et
1606 4056 1715 4089 simplex
1729 4056 1784 4080 eius
1795 4056 1917 4081 essentia.
1928 4055 1942 4070 *
1956 4052 2043 4089 §Huc
2056 4053 2121 4078 Huic
2136 4053 2213 4077 etiam
2224 4056 2349 4076 consonat
2361 4050 2432 4083 quod
2442 4056 2512 4075 com·
2544 4065 2565 4086 ,5
2577 4064 2590 4078 v
2606 4064 2618 4078 a
2631 4065 2648 4078 L
