2768 4134
134 1780 139 1784 .
151 1769 191 1788 vn,
206 1770 228 1785 n.

57 1796 121 1818 sqq.;
133 1790 270 1812 s.Th.i.¹o.

57 2085 66 2094 ·
81 2084 118 2106 cf.
130 2090 180 2112 cap.
192 2090 266 2112 praee.

56 2111 107 2132 init.

301 308 378 344 420
810 291 999 328 SUMMA
1028 290 1250 327 CONTRA
1280 288 1555 333 GENTILES,
1584 289 1680 326 LIB.
1702 290 1743 335 ΙΙ,
1774 289 1885 326 CAP.
1907 291 1990 327 LX.

300 373 453 421 agentis,
482 384 506 408 a
533 382 613 419 quo
641 369 741 406 fiunt
769 367 1014 416 intelligibilia
1037 374 1136 413 actu,
1157 367 1255 403 sicut
1283 374 1372 404 sunt

299 426 449 474 aliquae
478 430 575 460 artes
601 428 873 471 praeparantes
891 419 1095 457 materiam
1114 419 1248 457 artifici
1267 420 1372 470 prin-

299 477 425 527 cipali;
455 476 543 513 ideo
571 474 767 524 praedicta
794 473 916 510 virtus
935 479 1098 510 vocatur
1126 473 1287 510 nomine
1316 475 1371 510 in-

298 532 457 568 tellectus
485 536 521 566 et
550 530 715 574 rationis,
745 527 792 564 de
822 539 900 576 qua
933 525 1074 563 medici
1102 525 1236 563 dicunt
1264 526 1371 578 quod

298 584 413 621 habet
441 582 575 619 sedem
604 581 643 618 in
672 580 801 618 media
829 581 965 617 cellula
992 579 1137 629 capitis.
1158 580 1207 617 Et
1235 592 1371 617 secun·
1394 599 1403 619 ς

298 638 395 674 dum
422 634 717 685 dispositionem
745 633 863 671 huius
896 633 1045 670 virtutis
1084 632 1211 670 differt
1248 634 1371 670 homo

297 702 400 727 unus
429 689 477 725 ab
497 687 571 725 alio
601 688 641 725 in
661 687 815 736 ingenio
836 694 872 724 et
892 686 930 723 in
959 687 1041 724 aliis
1060 698 1162 736 quae
1180 686 1373 736 pertinent

297 743 347 780 ad
375 742 677 790 intelligendum.
708 741 756 778 Et
784 753 854 790 per
881 753 999 777 usum
1020 740 1137 777 huius
1165 747 1202 777 et
1230 739 1371 777 exerci-

296 796 395 834 tium
423 794 585 845 acquirit
612 795 735 832 homo
763 794 939 831 habitum
959 793 1150 831 scientiae.
1171 793 1283 831 Unde
1304 794 1371 830 ha-

296 850 398 887 bitus
427 848 674 886 scientiarum
703 856 792 885 sunt
820 847 860 884 in
889 848 965 884 hoc
994 846 1186 884 intellectu
1214 846 1371 896 passivo
1387 868 1413 883 ιο

297 903 395 940 sicut
422 902 462 939 in
491 902 676 939 subiecto.
707 902 756 938 Et
791 900 854 937 hic
889 900 1101 937 intellectus
1133 899 1312 950 passivus
1348 912 1372 938 a

296 956 486 1006 principio
507 955 613 993 adest
631 966 767 1004 puero,
787 951 1001 1003 perquem
1026 953 1182 991 sortitur
1201 953 1371 1003 speciem

297 1011 525 1054 humanam,
555 1015 764 1057 antequam
793 1014 880 1044 actu
909 1006 1100 1055 intelligat.

350 1063 468 1110 Quod
498 1069 629 1099 autem
649 1062 745 1098 haec
773 1059 847 1097 sint
875 1060 978 1107 falsa,
1008 1068 1045 1097 et
1072 1060 1234 1098 abusive
1259 1059 1370 1105 dicta,

297 1116 494 1154 evidenter
521 1122 691 1164 apparet.
723 1113 980 1163 Operationes
1000 1113 1105 1151 enim
1134 1114 1235 1151 vitae
1264 1125 1371 1151 com—
1387 1136 1410 1157 ,ς

295 1176 480 1219 parantur
507 1168 556 1205 ad
589 1167 762 1204 animam
794 1174 837 1204 ut
874 1174 982 1204 actus
1015 1167 1176 1205 secundi
1209 1167 1259 1204 ad
1295 1166 1372 1216 pri-

201 1237 214 1252 n
261 1238 266 1257 ;
296 1234 422 1260 mum:
444 1229 486 1258 ut
514 1228 617 1271 patet
635 1233 705 1270 per
723 1220 980 1266 Aristotelem,
1009 1220 1049 1257 in
1068 1222 1099 1258 II
1118 1221 1164 1258 de
1181 1221 1323 1258 Anima
1337 1219 1370 1257 *.

296 1278 413 1313 Actus
433 1282 564 1312 autem
583 1274 734 1324 primus
754 1273 793 1311 in
813 1274 955 1311 eodem
980 1274 1176 1324 praecedit
1194 1282 1371 1323 tempore

295 1337 426 1367 actum
445 1328 680 1365 secundum:
702 1327 799 1364 sicut
823 1327 980 1365 scientia
999 1335 1055 1365 est
1083 1335 1171 1365 ante
1195 1327 1371 1365 conside-

295 1395 391 1420 rare.
412 1383 454 1419 In
483 1393 737 1431 quocumque
757 1380 870 1430 igitur
897 1380 1094 1419 invenitur
1121 1380 1251 1430 aliqua
1279 1392 1373 1430 ope·
1387 1402 1413 1417 ,ο

295 1436 391 1473 ratio
411 1435 522 1481 vitae,
553 1443 704 1485 oportet
724 1434 763 1471 in
791 1447 839 1471 eo
854 1447 1000 1484 ponere
1029 1434 1202 1484 aliquam
1221 1442 1372 1484 partem

296 1489 448 1527 animae
477 1501 578 1538 quae
607 1495 856 1537 comparetur
893 1488 942 1525 ad
971 1488 1076 1525 illam
1104 1487 1372 1538 operationem

296 1542 392 1580 sicut
412 1546 519 1579 actus
534 1541 684 1591 primus
703 1542 752 1579 ad
772 1542 1002 1579 secundum.
1020 1542 1098 1579 Sed
1113 1542 1236 1579 homo
1256 1541 1389 1578 habet*

295 1595 494 1646 propriam
514 1595 781 1645 operationem
797 1607 915 1644 supra
930 1594 1002 1632 alia
1022 1594 1214 1641 animalia,
1233 1594 1373 1632 scilicet

297 1649 501 1697 intelligere
518 1656 554 1686 et
573 1648 800 1694 ratiocinari,
816 1661 918 1698 quae
933 1657 989 1685 est
1009 1648 1181 1698 operatio
1201 1647 1372 1685 hominis
1387 1669 1411 1690 ,ς

298 1702 531 1752 inquantum
546 1710 602 1739 est
616 1703 750 1748 homo,
766 1710 809 1739 ut
823 1702 1045 1739 Aristoteles
1065 1701 1166 1747 dicit,
1182 1701 1222 1738 in
1240 1702 1372 1739 IEthi-

297 1765 428 1793 corum
443 1755 474 1792 ²¹⁵.
500 1756 603 1804 Ergo
623 1762 775 1805 oportet
794 1754 833 1792 in
853 1755 1014 1792 homine
1038 1767 1185 1804 ponere
1213 1754 1372 1804 aliquod

298 1809 533 1859 principium
562 1809 669 1858 quod
711 1807 867 1858 proprie
896 1809 961 1846 dat
1002 1808 1173 1858 speciem
1202 1808 1372 1854 homini,

298 1862 405 1912 quod
435 1874 474 1899 se
504 1862 644 1899 habeat
663 1862 713 1899 ad
741 1861 947 1910 intelligere
967 1861 1064 1899 sicut
1092 1869 1200 1898 actus
1222 1861 1373 1911 primus

298 1916 347 1952 ad
376 1915 606 1952 secundum.
638 1915 725 1952 Hoc
753 1923 885 1952 autem
904 1927 985 1951 non
1013 1922 1139 1963 potest
1158 1927 1241 1952 esse
1266 1914 1373 1952 intel·
1390 1926 1415 1946 ³⁰

298 1970 416 2005 lectus
435 1968 615 2017 passivus
632 1967 867 2016 praedictus:
898 1967 990 2016 quia
1009 1967 1243 2017 principium
1263 1979 1373 2016 prae-

296 2021 419 2058 dictae
448 2020 683 2070 operationis
711 2028 863 2070 oportet
885 2033 968 2057 esse
989 2022 1213 2070 impassibile
1241 2027 1274 2057 et
1298 2032 1372 2057 non

297 2076 455 2111 mixtum
484 2076 647 2124 corpori,
677 2081 720 2110 ut
748 2073 1012 2124 Philosophus
1041 2073 1232 2123 probat*;
1263 2073 1374 2111 cuius

296 2127 531 2165 contrarium
571 2134 731 2177 apparet
769 2127 817 2164 de
851 2127 1043 2164 intellectu
1075 2126 1244 2176 passivo.
1279 2128 1375 2165 Non

297 2181 409 2230 igitur
437 2189 493 2218 est
520 2180 702 2230 possibile
739 2181 847 2230 quod
882 2193 953 2230 per
988 2180 1171 2218 virtutem
1206 2180 1374 2229 cogitati·
1391 2196 1413 2216 ις

297 2247 407 2280 vam,
445 2246 546 2284 quae
590 2233 728 2271 dicitur
765 2234 977 2271 intellectus
1014 2234 1212 2284 passivuS,
1251 2235 1374 2272 horno

297 2287 468 2337 speciem
494 2287 683 2333 sortiatur,
712 2299 783 2336 per
811 2299 932 2336 quam
956 2287 1006 2324 ab
1032 2287 1113 2325 aliis
1142 2287 1375 2325 animalibus

299 2341 459 2378 differat.

351 2394 504 2431 Adhuc.
536 2393 656 2441 Quod
677 2401 732 2430 est
760 2393 888 2443 passio
907 2393 1025 2443 partis
1054 2393 1268 2439 sensitivae,
1294 2405 1374 2431 non

298 2454 424 2497 potest
452 2459 599 2496 ponere
637 2446 676 2483 in
705 2446 827 2484 altiori
864 2458 1004 2495 genere
1042 2446 1143 2484 vitae
1179 2459 1299 2496 quam
1330 2447 1375 2484 sit
1390 2460 1417 2480 ⁴0

298 2500 375 2538 vita
403 2500 603 2538 sensitiva:
634 2500 731 2537 sicut
759 2501 868 2549 quod
897 2508 953 2537 est
981 2500 1110 2550 passio
1130 2500 1284 2538 animae
1303 2512 1375 2538 nu-

298 2553 456 2600 tritivae,
486 2565 567 2591 non
595 2553 706 2603 ponit
734 2553 773 2590 in
802 2553 924 2591 altiori
952 2565 1092 2602 genere
1121 2553 1221 2591 vitae
1255 2566 1376 2603 quam

298 2606 344 2644 sit
371 2606 449 2644 vita
479 2606 672 2644 nutritiva.
695 2607 856 2644 Constat
875 2614 1007 2644 autem
1027 2607 1136 2657 quod
1162 2607 1375 2657 phantasia,

298 2668 334 2697 et
362 2660 590 2698 huiusmodi
625 2659 820 2710 potentiae
854 2672 955 2710 quae
992 2661 1040 2698 ad
1080 2660 1206 2711 ipsam
1241 2672 1376 2698 conse-

298 2722 481 2764 quuntur‚
512 2722 554 2751 ut
582 2713 838 2751 memorativa
865 2722 901 2751 et
929 2713 1161 2761 consimiles,
1182 2722 1272 2752 sunt
1289 2727 1376 2764 pas·
1391 2725 1415 2746 ⁴5

298 2767 425 2804 siones
454 2767 571 2817 partis
601 2767 819 2805 sensitivae:
859 2775 901 2804 ut
936 2767 1200 2818 Philosophus
1237 2768 1377 2817 probat

264 2846 269 2852 -
298 2820 337 2858 in
370 2821 467 2858 libro
502 2821 547 2858 de
579 2823 773 2858 Memoria
788 2821 818 2857 ²¹².
850 2822 941 2858 Non
981 2821 1095 2870 igitur
1129 2833 1199 2871 per
1226 2821 1376 2871 praedi·

298 2882 376 2911 ctas
395 2874 565 2920 virtutes,
586 2875 648 2911 vel
677 2873 849 2924 aliquam
869 2886 1017 2920 earum,
1045 2874 1202 2924 aliquod
1233 2875 1377 2913 animal

298 2935 422 2977 potest
450 2927 546 2977 poni
574 2927 613 2964 in
634 2927 758 2965 altiori
786 2939 927 2976 genere
946 2927 1048 2965 vitae
1075 2941 1196 2978 quam
1226 2928 1271 2965 sit
1299 2928 1377 2966 vita

298 2980 490 3018 sensitiva.
513 2981 646 3018 Homo
667 2989 798 3018 autem
820 2988 876 3018 est
896 2980 936 3018 in
955 2980 1079 3018 altiori
1097 2993 1238 3030 genere
1257 2981 1374 3020 vitae:
1392 2996 1418 3018 5⁰

203 3049 216 3063 n
245 3049 269 3068 2³
298 3034 405 3084 quod
435 3042 537 3084 patet
566 3046 636 3084 per
664 3035 962 3084 Philosophum,
994 3034 1032 3071 in
1062 3036 1091 3072 II
1111 3036 1157 3072 de
1188 3036 1330 3073 Anima
1344 3035 1375 3081 *,

299 3087 376 3137 qui,
398 3087 636 3136 distinguens
664 3099 806 3136 genera
835 3088 947 3133 vitae,
978 3088 1203 3137 superaddit
1232 3088 1374 3126 intelle-

299 3141 456 3187 cavum,
496 3142 604 3191 quod
638 3141 790 3179 homini
824 3140 1004 3187 attribuit,
1039 3141 1233 3188 sensitivo,
1268 3143 1375 3191 quod

299 3194 466 3232 attribuit
494 3194 756 3232 communiter
784 3194 893 3232 omni
927 3193 1096 3232 animali.
1136 3195 1229 3232 Non
1264 3195 1377 3244 igitur

300 3248 421 3285 homo
450 3255 505 3285 est
534 3248 670 3285 vivens
698 3248 776 3285 vita
805 3247 877 3285 sibi
905 3247 1063 3297 propria
1096 3260 1166 3297 per
1193 3248 1375 3286 virtutem
1391 3267 1413 3287 55

300 3300 543 3349 cogitativam
571 3301 820 3351 praedictam.

353 3354 542 3404 AmpliuS.
574 3355 704 3393 Omne
734 3366 901 3392 movens
935 3353 1118 3404 seipsum,
1155 3356 1373 3393 secundum

162 3406 175 3420 ‘¹
196 3408 217 3450 ἒ
267 3419 271 3429 ’
300 3407 406 3456 quod
428 3408 566 3456 probat
586 3408 860 3458 PhilosophuS,
882 3407 921 3444 in
943 3408 1025 3445 VIII
1046 3409 1194 3456 Physic.
1211 3408 1241 3453 ³⁸,
1267 3420 1373 3446 com-

1427 365 1586 415 ponitur
1614 379 1661 403 ex
1681 375 1865 404 movente
1885 374 1922 404 et
1947 375 2068 405 moto.
2090 368 2224 406 Homo
2244 377 2387 416 autem,
2408 370 2506 408 sicut

1428 426 1464 455 et
1492 419 1565 456 alia
1593 419 1785 468 animalia,
1815 428 2065 458 est·movens
2085 421 2269 470 seipsum.
2290 423 2394 472 Ergo
2420 435 2505 461 mo·

1427 484 1523 509 vens
1539 480 1575 509 et
1589 480 1745 510 motum
1764 481 1854 511 sunt
1871 481 2000 523 partes
2019 473 2151 523 ipsius.
2172 475 2350 513 Primum
2374 483 2505 514 autem

1427 537 1593 563 movens
1612 526 1650 563 In
1671 526 1833 564 homine
1853 535 1909 564 est
1927 526 2154 564 intellectus:
2175 539 2269 565 nam
2294 526 2506 567 intellectus

1427 591 1500 616 suo
1538 578 1761 628 intelligibili
1798 588 1933 618 movet
1969 581 2222 618 voluntatem.
2261 582 2347 619 Nec
2380 589 2506 631 potest

1427 631 1502 669 dici
1530 633 1639 682 quod
1667 634 1773 670 solus
1801 633 2014 671 intellectus
2037 634 2217 684 passivus
2244 634 2291 671 sit
2318 647 2503 673 movens:

1429 685 1521 734 quia
1540 686 1754 723 intellectus
1772 686 1951 736 passivus
1970 695 2027 724 est
2046 689 2176 725 solum
2195 687 2502 738 particularium;

1428 738 1467 775 in
1487 739 1689 777 movendo
1705 747 1838 777 autem
1858 740 2044 790 accipitur
2058 748 2095 778 et
2113 740 2342 779 universalis
2358 741 2503 792 opinio,

1427 804 1528 841 quae
1548 801 1604 830 est
1623 792 1836 830 intellectus
1855 792 2057 843 possibiliS‚
2078 801 2115 831 et
2132 794 2381 844 particulariS,
2402 807 2503 846 quae

1426 853 1552 895 potest
1580 859 1664 884 esse
1693 846 1907 884 intellectus
1935 846 2097 897 passivi;
2126 855 2170 884 ut
2195 856 2392 898 patet-per
2419 848 2503 887 Ari-

1427 901 1614 947 stotelem,
1635 900 1675 937 in
1694 901 1741 937 III
1756 900 1802 937 de
1818 899 1991 938 Anima*
2009 909 2047 938 et
2071 899 2112 937 in
2130 901 2198 938 VII
2216 903 2435 943 Ethicorum
2450 902 2502 939 **.
2530 897 2704 948 {‚⁰1!831¹}¹¹‚⁶¹‚¹·
2718 905 2746 927 ⁴²

1427 953 1530 1002 Ergo
1559 953 1772 991 intellectus
1799 953 1992 1003 possibilis
2021 961 2077 991 est
2105 953 2235 1003 aliqua
2259 964 2348 1004 pars
2377 955 2503 993 homi—
2531 955 2745 1012 ;;‘{.¹⁹1²-J.¹¹i.¹;'.⁶’

1427 1005 1498 1043 nis.
1519 1007 1569 1044 Et
1589 1015 1644 1044 est
1665 1007 1938 1056 dignissimum
1954 1014 1990 1044 et
2009 1006 2327 1045 formalissimum
2347 1007 2387 1045 in
2405 1008 2502 1059 ipso.

1426 1059 1542 1107 Igitur
1561 1060 1610 1098 ab
1630 1073 1678 1098 eo
1698 1060 1869 1110 speciem
1889 1060 2055 1107 sortitur,
2075 1068 2112 1098 et
2130 1073 2212 1098 non
2235 1061 2285 1098 ab
2313 1060 2505 1100 intellectu

1426 1125 1596 1163 passlvo.

1479 1167 1630 1205 Adhuc.
1660 1168 1876 1205 Intellectus
1903 1166 2096 1217 possibilis
2114 1167 2302 1217 probatur
2319 1179 2402 1205 non
2421 1179 2504 1206 esse

1427 1227 1535 1257 actus
1563 1220 1737 1269 corporis
1765 1220 1927 1258 alicuius
1955 1228 2115 1271 propter
2133 1222 2210 1258 hoc
2229 1221 2338 1270 quod
2362 1229 2418 1259 est
2441 1233 2505 1259 co·-

1428 1272 1665 1322 gnoscitivus
1703 1274 1884 1312 omnium
1926 1275 2143 1312 formarum
2186 1274 2427 1312 sensibilium
2464 1274 2505 1312 in

1427 1326 1636 1365 universali
1650 1326 1681 1364 ²¹².
1711 1328 1831 1365 Nulla
1857 1327 1972 1377 igitur
1998 1326 2121 1365 virtus
2141 1327 2251 1365 cuius
2271 1327 2444 1378 operatio
2463 1340 2504 1366 se
2531 1337 2542 1347 ·
2556 1335 2589 1358 111
2606 1335 2638 1358 de
2653 1335 2746 1363 Ant-a,

1427 1380 1635 1418 extendere
1663 1388 1789 1430 potest
1816 1381 1865 1419 ad
1894 1380 2128 1419 universalia
2153 1380 2335 1419 omnium
2362 1381 2505 1420 forma-
2620 1378 2626 1385 ’

1428 1446 1518 1471 rum
1546 1433 1799 1480 sensibilium,
1827 1442 1955 1484 potest
1981 1447 2065 1472 esse
2093 1442 2202 1472 actus
2229 1434 2393 1472 alicuius
2420 1447 2505 1473 cor·

1427 1487 1545 1536 poris.
1575 1488 1766 1525 Voluntas
1794 1495 1927 1525 autem
1955 1494 2012 1525 est
2044 1487 2288 1526 huiusmodi:
2324 1487 2506 1526 omnium

1428 1539 1534 1578 enim
1563 1553 1701 1578 eorum
1723 1553 1824 1591 quae
1852 1541 2098 1590 intelligimus
2117 1553 2332 1591 possumus
2360 1541 2504 1580 habere

1427 1595 1680 1641 voluntatem,
1701 1595 1835 1632 saltem
1851 1607 1897 1633 ea
1911 1594 2183 1644 cognoscendi.
2199 1596 2371 1646 Apparet
2389 1594 2506 1638 etiam

1428 1655 1535 1685 actus
1562 1647 1772 1685 voluntatis
1799 1647 1839 1685 in
1868 1648 2095 1686 universali:
2134 1648 2280 1687 odimus
2317 1650 2430 1696 enim,
2463 1656 2507 1687 ut

1429 1700 1519 1738 dicit
1546 1701 1769 1738 Aristoteles
1798 1701 1838 1738 in
1857 1714 1928 1739 sua
1955 1703 2159 1739 Rhetorica
2173 1702 2204 1748 *‚
2234 1704 2272 1739 in
2302 1701 2508 1741 universali
2533 1711 2606 1734 ‘Lib-
2620 1711 2650 1737 11.
2661 1716 2733 1740 ”¹¹³¹-

1428 1754 1618 1791 latronum
1655 1767 1787 1805 genus,
1827 1756 2028 1792 irascimur
2058 1761 2182 1792 autem
2211 1755 2505 1805 particularibus

1428 1813 1584 1844 tantum.
1614 1808 1804 1845 Voluntas
1833 1807 1947 1857 igitur
1964 1820 2045 1846 non
2064 1815 2190 1858 potest
2209 1820 2292 1846 esse
2312 1815 2420 1846 actus
2439 1807 2505 1846 ali-

1429 1860 1540 1898 cuius
1567 1860 1685 1910 partis
1713 1861 1899 1911 corporis,
1929 1873 2001 1899 nec
2028 1860 2217 1911 consequi
2245 1861 2418 1911 aliquam
2433 1873 2506 1912 po·

1428 1912 1588 1951 tentiam
1616 1926 1718 1963 quae
1755 1913 1802 1951 sit
1835 1922 1944 1952 actus
1980 1912 2166 1964 corporis.
2197 1914 2339 1952 Omnis
2373 1922 2506 1953 autem

1429 1978 1518 2016 pars
1537 1966 1691 2004 animae
1711 1974 1768 2004 est
1791 1975 1898 2004 actus
1923 1966 2087 2005 alicuius
2109 1966 2284 2017 corporis
2297 1965 2329 2019 †
2356 1975 2508 2017 praeter
2532 1978 2748 2028 xmuegfrmm·

1430 2021 1559 2056 solum
1579 2019 1815 2057 intellectum
1834 2020 1991 2070 proprie
2011 2020 2170 2058 dictum.
2191 2020 2308 2069 Igitur
2325 2021 2507 2059 voluntas
2533 2010 2750 2082 ffitssstztss

1430 2072 1469 2109 in
1498 2072 1727 2111 intellectiva
1745 2081 1854 2124 parte
1873 2081 1944 2111 est:
1965 2074 2071 2112 unde
2091 2080 2128 2111 et
2155 2073 2377 2111 Aristoteles
2404 2073 2506 2121 dicit,
2613 2075 2620 2082 ⁶

1431 2126 1470 2163 in
1499 2127 1545 2164 111
1574 2127 1620 2164 de
1646 2128 1789 2164 Anima
1802 2126 1834 2174 ¹¹³,
1860 2127 1969 2177 quod
1997 2127 2169 2166 voluntas
2195 2123 2234 2164 'in
2269 2129 2416 2165 ratione
2430 2124 2506 2175 cst,
2533 2138 2663 2188 :eff-¹¹¹·-
2682 2143 2706 2160 u·
2723 2143 2748 2167 ³:

1431 2180 1626 2217 irascibilis
1653 2186 1777 2218 autem
1806 2187 1840 2218 et
1867 2181 2164 2232 concupiscibilis·
2192 2182 2229 2218 in
2253 2187 2366 2231 parte
2391 2182 2506 2219 sensi-
2547 2181 2554 2187 “
2603 2181 2635 2188 ”“
2658 2171 2682 2192 ⁴'

1430 2235 1517 2271 tiva.
1547 2234 1711 2283 Propter
1729 2234 1838 2284 quod
1858 2241 1895 2271 et
1922 2241 2031 2272 actus
2049 2233 2360 2284 concupiscibilis
2379 2241 2417 2272 et
2435 2233 2507 2273 ira,-

1431 2286 1572 2324 scibilis
1608 2299 1702 2324 cum
1743 2287 1925 2337 passione
1962 2295 2069 2325 sunt:
2113 2299 2195 2325 non
2230 2294 2363 2325 autem
2399 2295 2508 2326 actus

1431 2340 1651 2387 voluntatis,
1685 2340 1754 2378 sed
1786 2353 1878 2378 cum
1912 2340 2110 2379 electione.
2146 2341 2337 2379 Voluntas
2374 2348 2507 2379 autem

1431 2393 1602 2430 hominis
1631 2406 1712 2432 non
1741 2402 1797 2431 est
1825 2393 2038 2432 extrinseca
2056 2393 2105 2432 ab
2133 2393 2308 2439 homine,
2337 2393 2448 2444 quasi
2467 2393 2508 2432 in

1432 2447 1604 2496 quadam
1633 2447 1846 2486 substantia
1873 2445 2049 2498 separata
2077 2447 2253 2494 fundata,
2287 2447 2356 2485 sed
2384 2445 2509 2486 estin

1432 2499 1517 2550 ipso
1537 2500 1711 2538 homine.
1732 2500 1852 2539 Aliter
1870 2500 1977 2539 enim
1996 2513 2078 2539 non
2098 2509 2197 2538 esset
2215 2500 2402 2539 dominus
2419 2513 2508 2541 sua-

1432 2565 1521 2590 rum
1549 2553 1760 2600 actionum,
1780 2554 1872 2604 quia
1892 2562 2068 2603 ageretur
2085 2555 2284 2592 voluntate
2303 2553 2510 2592 cuiusdam

1433 2606 1668 2645 substantiae
1701 2615 1918 2657 separatae;
1952 2614 1989 2645 et
2017 2608 2056 2645 in
2085 2607 2170 2658 ipso
2200 2614 2327 2645 essent
2357 2614 2509 2646 tantum

1431 2660 1626 2710 potentiae
1646 2660 1879 2710 appetitivae
1893 2673 1987 2699 cum
2004 2661 2186 2711 passione
2206 2667 2422 2711 operantes,
2439 2657 2509 2699 sci·

1432 2713 1517 2751 licet
1545 2713 1742 2752 irascibilis
1779 2722 1816 2752 et
1850 2713 2170 2764 concupiscibilis,
2205 2726 2307 2764 quae
2343 2721 2433 2753 sunt
2469 2713 2510 2753 in

1432 2775 1539 2817 parte
1554 2767 1746 2814 sensitiva,
1767 2767 1864 2806 sicut
1883 2775 1919 2805 et
1939 2767 1979 2805 in
1998 2767 2133 2805 ceteris
2147 2767 2392 2814 animalibus,
2407 2779 2509 2818 quae

1433 2820 1555 2870 magis
1583 2828 1751 2870 aguntur
1778 2833 1900 2871 quam
1919 2829 2043 2871 agant.
2074 2822 2163 2859 Hoc
2195 2829 2327 2859 autem
2356 2828 2412 2859 est
2437 2821 2509 2858 im·

1432 2874 1625 2924 possibile,
1655 2882 1692 2912 et
1719 2874 2000 2912 destructivum
2026 2874 2143 2912 totius
2162 2874 2320 2912 moralis
2338 2874 2509 2924 philoso-

1431 2927 1549 2979 phiae
1579 2936 1615 2965 et
1643 2927 1820 2978 politicae
1849 2927 2166 2966 conversationis.
2198 2928 2363 2978 Oportet
2396 2926 2511 2977 igitur

1432 2981 1669 3020 intellectum
1697 2980 1923 3031 possibilem
1950 2981 1990 3020 in
2019 2981 2133 3019 nobis
2161 2993 2256 3027 esse,
2284 2993 2355 3031 per
2388 2993 2509 3031 quem

1432 3047 1455 3072 a
1483 3035 1605 3072 brutis
1633 3034 1872 3081 differamus,
1900 3043 1937 3073 et
1964 3047 2045 3073 non
2065 3036 2195 3073 solum
2214 3034 2434 3072 secundum
2452 3033 2508 3072 in-

1431 3090 1625 3126 tellectum
1654 3088 1866 3138 passivum.
2476 3099 2478 3101 ·

1486 3143 1593 3179 Item.
1625 3141 1732 3180 Sicut
1761 3141 1855 3180 nihil
1874 3148 1930 3178 est
1957 3149 2096 3192 potens
2115 3153 2226 3190 agere
2250 3141 2324 3180 nisi
2349 3151 2421 3201 per
2437 3150 2508 3190 po·

1432 3194 1592 3233 tentiam
1621 3194 1787 3233 activam
1817 3195 1857 3233 in
1886 3194 1972 3245 ipso
1991 3195 2230 3241 existentem,
2254 3194 2306 3232 ita
2324 3190 2419 3230 nihil
2437 3202 2508 3242 po-

1432 3256 1516 3286 tens
1545 3256 1600 3285 est
1627 3248 1706 3298 pati
1734 3248 1807 3286 nisi
1836 3260 1906 3298 per
1932 3248 2148 3298 potentiam
2181 3246 2377 3297 passivam
2405 3257 2507 3295 quae

1433 3302 1473 3339 in
1501 3302 1587 3352 ipso
1617 3310 1691 3339 est:
1722 3301 1978 3339 conbustibile
2007 3301 2114 3339 enim
2142 3308 2198 3338 est
2232 3307 2372 3349 potens
2400 3310 2507 3336 com-

1433 3355 1519 3392 buri
1548 3367 1628 3392 non
1658 3356 1787 3392 solum
1807 3355 1899 3404 quia
1921 3362 1978 3392 est
2005 3352 2150 3404 aliquid
2177 3359 2316 3402 potens
2344 3351 2507 3390 combu-

1433 3421 1516 3446 rere
1536 3408 1678 3459 ipsum,
1700 3409 1767 3446 sed
1788 3408 1904 3446 etiam
1923 3407 2015 3457 quia
2034 3406 2152 3444 habet
2170 3405 2210 3443 in
2230 3417 2271 3443 se
2293 3404 2507 3456 potentiam

356 3537 366 3555 ι
390 3529 462 3563 fiunt]
483 3536 544 3556 sunt
563 3531 648 3558 «WX.
722 3530 738 3556 6
757 3531 955 3564 dispositionem
971 3534 1036 3564 post
1054 3530 1132 3556 huius
1151 3531 1198 3557 Pd.
1280 3538 1311 3564 ¹7
1331 3530 1509 3566 Aristotelem]
1529 3531 1720 3564 Philosophum
1739 3529 1862 3556 cDWPc.
1934 3527 1968 3553 ¹8
1987 3526 2126 3561 pneeeditl
2145 3527 2263 3560 procedit
2281 3535 2306 3552 α.
2381 3533 2413 3552 n
2433 3534 2505 3553 eom-

302 3570 407 3596 paretur
424 3566 460 3596 D}
483 3571 656 3599 comparatur.
751 3566 783 3592 26
803 3572 844 3593 est
858 3570 923 3600 post
941 3566 1023 3592 homo
1042 3566 1163 3594 aDWPc.
1265 3566 1296 3592 35
1317 3567 1491 3600 cogitativam]
1511 3567 1668 3601 cognitivum
1687 3566 1736 3594 Pa.
1832 3563 1868 3597 46
1887 3563 2063 3596 Philosophus
2087 3562 2131 3589 hic
2155 3562 2300 3595 ENXYZb3
2322 3565 2388 3596 post
2404 3562 2507 3596 prob-2·

303 3607 337 3633 49
356 3601 415 3634 vita]
436 3602 522 3627 anima
540 3602 584 3628 Pe.

356 3643 374 3667 4
392 3635 461 3670 nam]
488 3641 513 3662 et
531 3637 590 3662 ideo
614 3637 717 3669 EGNY,
743 3645 802 3663 nam
823 3643 848 3663 et
872 3638 903 3664 D.
1012 3636 1028 3663 8
1054 3643 1079 3663 et
1103 3635 1267 3671 universalis]
1291 3638 1445 3663 universalis
1469 3637 1601 3663 EGNch.
1710 3643 1727 3670 9
1746 3634 1823 3669 quae]
1849 3634 1893 3668 qui
1919 3633 1947 3660 Ρ.
2058 3632 2091 3658 28
2110 3633 2197 3667 igitur]
2223 3628 2310 3659 {tutem
2329 3632 2506 3659 EGNYZbPe.

306 3669 334 3695 31
358 3676 506 3703 praeter...
518 3673 576 3698 Lib.
596 3673 644 3703 ΙΙΙ,
664 3680 725 3706 cap.
743 3674 842 3698 XLIII
857 3673 951 3699 suerint
970 3674 995 3699 in
1014 3674 1090 3699 nobis
1110 3673 1175 3698 facta
1194 3673 1292 3699 lacuna
1312 3674 1338 3699 in
1358 3674 1390 3699 A.

1483 3672 1516 3699 36
1534 3678 1561 3699 et
1579 3672 1662 3706 nctus}
1682 3676 1755 3697 actus
1774 3670 1831 3696 EG.
