2768 4134
53 1357 265 1386 ·Cf.Quodt.V11.

69 1391 101 1410 .,1
118 1391 137 1407 a.
149 1391 168 1413 33
181 1383 266 1412 Quodl.

66 1411 114 1435 ll.
125 1417 147 1439 q.
160 1417 174 1435 i
187 1418 207 1433 a.
219 1417 238 1432 2.

305 258 376 294 186

299 338 418 369 circuli.
435 354 457 358 -

298 383 388 413 dictis
412 385 509 420 patet,
527 378 641 409 eadem
657 384 705 408 est
720 377 922 418 comparatio
946 377 1098 407 scientiae
1123 376 1249 407 divinae
1265 376 1306 407 ad
1320 386 1370 407 res

297 427 389 456 scitas
413 433 496 464 quae
519 422 682 453 scibilium
705 422 746 453 ad
769 421 937 452 scientiam
961 427 1116 452 nostram.

349 468 489 499 Adverte
512 466 763 498 fundamentum
786 467 883 498 huius
907 467 1039 497 rationis
1060 475 1129 497 esse
1145 465 1237 507 quod
1260 465 1369 496 scibile

296 519 343 545 est
366 514 454 554 prius
477 513 610 542 scientia
632 518 742 542 nostra
765 511 961 548 naturaliter,
985 517 1141 552 tanquam
1166 511 1235 542 eius
1259 519 1368 546 causa;

296 558 428 589 scientia
444 563 553 588 autem
569 556 678 587 divina
693 563 741 587 est
756 558 844 598 prior
859 557 950 587 omni
967 556 1079 587 scibili.
1095 556 1237 586 Remoto
1261 561 1370 586 autem

295 603 405 643 priori,
428 607 615 632 removetur
631 601 766 642 quidem
788 602 960 642 posterius,
982 600 1038 631 sed
1061 610 1130 631 non
1154 610 1172 631 e
1196 609 1368 631 converso:

295 649 398 678 immo
421 647 511 687 prius
541 652 650 687 potest
672 656 742 677 esse
770 647 893 687 absque
915 646 1098 686 posteriori,
1121 645 1183 676 nisi
1210 645 1370 685 posterius

294 697 449 732 sequatur
465 691 505 722 ad
520 692 609 732 prius
632 700 691 732 per
706 692 886 722 naturalem
902 691 1079 731 sequelam.
1103 689 1145 720 Et
1168 688 1243 720 ideo
1260 688 1370 720 scibile

294 741 402 778 potest
418 745 487 766 esse
511 745 579 766 non
595 736 750 767 existente
767 736 899 767 scientia
914 740 1037 771 nostra;
1061 740 1093 765 et
1107 734 1240 765 scientia
1263 733 1371 764 divina

294 791 363 812 non
388 781 543 811 existente
567 780 679 811 scibili.

350 825 388 856 11.
405 825 566 856 Secundo.
583 825 723 856 Scientia
740 825 800 855 Dei
816 830 864 855 est
878 825 962 855 sicut
977 824 1110 854 scientia
1125 821 1271 854 artificis:
1293 832 1369 854 cum

295 872 335 902 sit
358 880 454 901 causa
476 880 594 901 rerum.
620 870 684 901 Sed
707 869 818 900 artifex
839 879 877 900 ea
893 878 977 909 quae
999 867 1151 899 nondum
1173 873 1249 898 sunt
1272 867 1369 898 artifi-

296 917 377 947 ciata
393 915 575 955 cognoscit:
598 924 674 945 cum
690 913 795 945 forma
815 915 889 944 artis
905 923 943 944 ex
959 913 1093 944 scientia
1108 911 1237 942 artificis
1261 912 1370 943 effluat

294 961 329 992 in
353 961 544 991 exteriorem
567 960 744 990 materiam.
769 959 856 999 Ergo
881 963 941 988 etc.

350 1004 490 1035 Adverte
508 1003 598 1045 quod
614 1004 694 1034 ratio
719 1004 798 1034 haec
816 1001 921 1034 differt
937 1012 954 1032 a
978 1000 1207 1042 praecedente·
1233 1000 1310 1041 quia
1324 1001 1366 1031 ibi

295 1049 487 1090 arguebatur
510 1059 548 1079 ex
572 1049 816 1089 comparatione
846 1047 965 1077 scibilis
990 1051 1021 1076 et
1048 1046 1202 1076 scientiae
1229 1044 1367 1082 divinae,

294 1094 346 1124 hic
370 1098 480 1124 autem
503 1103 542 1124 ex
565 1093 755 1124 conditione
779 1092 907 1123 divinae
930 1091 1083 1122 scientiae
1106 1089 1266 1120 absolute.

349 1138 491 1169 Adverte
503 1139 600 1169 etiam
613 1137 704 1178 quod
716 1137 895 1168 similitudo
907 1136 1060 1167 scientiae
1071 1134 1199 1166 divinae
1211 1134 1251 1165 ad
1267 1139 1368 1165 artem

294 1182 488 1214 attendenda
511 1188 558 1213 est
582 1188 742 1224 quantum
765 1182 806 1213 ad
829 1181 962 1222 aliquid,
981 1189 1051 1211 non
1074 1185 1184 1210 autem
1207 1184 1368 1220 quantum

294 1227 335 1258 ad
358 1228 478 1258 omnia
503 1227 560 1258 Est
576 1228 664 1258 enim
687 1226 866 1258 similitudo
884 1230 1045 1267 quantum
1068 1224 1108 1255 ad
1131 1223 1366 1254 causalitatem:

293 1272 370 1323 quia
394 1277 530 1312 utraque
546 1278 594 1303 est
610 1282 707 1303 causa
723 1271 852 1302 scibilis.
877 1270 941 1302 Sed
962 1275 1009 1301 est
1033 1268 1274 1304 dissimilitudo,
1291 1268 1368 1308 quia

294 1317 425 1347 scientia
449 1315 578 1347 artificis
603 1316 839 1358 praesupponit
861 1315 1029 1346 materiam
1052 1315 1086 1345 in
1111 1323 1211 1355 quam
1233 1317 1315 1354 agat,
1332 1318 1368 1343 ut

294 1362 398 1392 alibi*
421 1361 499 1392 dicit
523 1361 659 1393 Sanctus
680 1362 836 1397 Thomas,
855 1366 887 1392 et
906 1360 1047 1392 formam
1069 1364 1198 1390 tantum
1215 1357 1369 1399 producit

477 334 721 373 Consequentia
745 343 821 363 vero
847 333 1013 372 probatur.
1038 331 1135 370 Quia,
1160 337 1196 363 ut
1219 342 1258 363 ex
1274 341 1371 372 supra

294 1407 328 1437 in
350 1406 499 1437 materia:
529 1407 663 1438 scientia
691 1412 802 1438 autem
825 1405 933 1437 divina
960 1411 1008 1437 est
1037 1413 1134 1436 causa
1156 1409 1188 1435 et
1215 1403 1369 1434 materiae

294 1457 326 1482 et
349 1451 483 1482 formae.

350 1496 401 1527 111.
431 1496 552 1526 Tertio.
569 1496 659 1527 Deus
674 1495 816 1527 totaliter
838 1495 991 1526 virtutem
1007 1501 1039 1526 et
1058 1493 1295 1536 perfectionem
1319 1502 1367 1524 es-

294 1542 415 1572 sentiae
431 1551 508 1572 suae
525 1542 703 1582 cognoscit.
721 1540 786 1572 Sed
801 1542 939 1572 essentia
954 1550 1013 1571 sua
1029 1545 1077 1571 est
1099 1538 1368 1581 repraesentativa

293 1596 362 1617 non
384 1592 511 1617 tanturn
535 1587 670 1623 entium,
687 1585 744 1617 sed
759 1586 857 1617 etiam
879 1594 948 1617 non
972 1586 1108 1616 entium.
1132 1584 1220 1624 Ergo
1244 1592 1368 1624 cogno-

294 1631 353 1661 scit
368 1640 436 1662 non
452 1637 579 1662 tanturn
595 1633 691 1668 entia,
704 1630 761 1662 sed
777 1632 874 1662 etiam
884 1640 953 1662 non
970 1631 1066 1662 entia.
1083 1648 1104 1653 -
1121 1629 1368 1669 Consequentia

293 1684 382 1712 vero,
407 1685 483 1707 cum
506 1677 631 1713 maiori,
655 1682 753 1717 patet.
769 1693 793 1699 -
807 1676 917 1707 Minor
932 1685 1010 1706 vero
1026 1675 1191 1717 probatur.
1211 1673 1299 1712 Quia
1319 1683 1368 1704 es·

293 1721 396 1752 sentia
411 1721 519 1752 divina
534 1726 582 1752 est
597 1720 775 1752 similitudo
792 1730 908 1752 eorum
924 1730 1010 1762 quae
1024 1722 1064 1752 ab
1088 1721 1157 1761 ipsa
1172 1718 1366 1760 procedunt,

292 1766 414 1797 scilicet
429 1772 485 1797 aut
500 1771 574 1797 actu
590 1771 646 1797 aut
668 1767 795 1798 virtute.
812 1765 899 1796 Tota
914 1772 1023 1797 autem
1046 1765 1236 1796 universitas
1259 1772 1367 1795 rerum

292 1810 438 1847 aliarum,
463 1811 584 1842 scilicet
612 1811 828 1847 existentium,
853 1810 995 1841 divinam
1023 1811 1175 1841 virtutem
1203 1814 1234 1840 et
1262 1807 1366 1850 perfe-

292 1855 438 1886 ctionem
461 1865 529 1886 non
553 1855 725 1896 adaequat:
743 1864 819 1887 cum
839 1856 1002 1896 quaelibet
1018 1864 1067 1886 res
1083 1855 1145 1886 alia
1161 1855 1277 1885 habeat
1298 1862 1366 1884 esse

293 1905 325 1930 et
347 1900 582 1941 perfectionem
606 1901 784 1936 limitatam,
807 1901 943 1931 essentia
966 1906 1076 1931 autem
1100 1899 1207 1931 divina
1230 1899 1271 1929 sit
1293 1897 1366 1929 infi-

292 1945 378 1975 nitae
401 1944 618 1985 perfectionis.
636 1946 722 1985 Ergo
744 1951 791 1976 est
811 1946 1078 1985 repraesentativa
1094 1945 1199 1975 multo
1223 1943 1366 1985 plurium

292 1998 391 2029 quam
414 1990 478 2020 sint
501 1999 539 2020 ea
562 1998 646 2030 quae
670 1995 746 2020 sunt
768 1990 802 2020 in
825 1995 910 2021 actu.

346 2034 486 2065 Adverte
511 2033 602 2075 quod
619 2044 656 2065 ex
680 2035 743 2066 hoc
767 2034 859 2075 quod
883 2034 1046 2075 quaelibet
1069 2043 1120 2065 res
1135 2034 1196 2064 alia
1220 2043 1237 2063 a
1258 2033 1367 2064 divina

292 2080 429 2110 essentia
444 2079 540 2110 habet
556 2089 624 2110 esse
641 2079 824 2116 limitatum,
841 2080 910 2110 vult
926 2079 1044 2110 habere
1060 2079 1196 2110 Sanctus
1220 2077 1366 2108 Thomas

292 2124 383 2164 quod
407 2124 503 2154 etiam
528 2123 715 2154 universitas
740 2125 890 2155 omnium
914 2125 1039 2155 entium
1067 2124 1163 2154 habet
1187 2132 1255 2154 esse
1282 2122 1366 2154 limi-

291 2174 408 2199 tatum:
435 2169 510 2209 quia
534 2179 571 2199 ex
602 2169 794 2200 habentibus
823 2179 891 2200 esse
921 2174 952 2200 et
979 2167 1214 2209 perfectionem
1241 2167 1366 2198 finitam

291 2222 359 2243 non
381 2213 513 2244 resultat
529 2213 685 2254 perfectio
703 2213 830 2246 infinita
852 2214 927 2254 (nisi
951 2213 1093 2245 fortassis
1110 2214 1164 2245 illa
1188 2218 1295 2244 essent
1317 2221 1366 2242 se-

293 2258 437 2289 cundum
453 2259 596 2298 speciem
611 2257 765 2299 infinita);
783 2260 867 2290 sicut
882 2268 921 2290 ex
938 2258 1035 2290 finitis
1051 2258 1282 2299 quantitatibus
1297 2266 1367 2288 non

291 2302 423 2333 resultat
438 2303 598 2343 quantitas
613 2302 748 2334 infinita.
766 2303 807 2334 Et
823 2313 881 2344 per
896 2313 1101 2344 consequens
1124 2304 1260 2334 habetur
1275 2301 1367 2344 quod

292 2348 480 2378 universitas
502 2348 626 2378 entium
650 2357 718 2379 non
742 2354 850 2390 potest
869 2347 1104 2389 perfectionem
1128 2347 1270 2379 divinam
1293 2346 1366 2379 infi-

292 2392 393 2423 nitam
418 2392 608 2433 adaequare.

348 2436 402 2468 iv.
429 2436 568 2474 Quarto.
594 2436 778 2468 Intellectus
807 2437 935 2469 divinus
959 2438 1128 2479 cognoscit
1159 2437 1199 2468 ad
1227 2436 1366 2468 modum

291 2483 518 2522 cognoscentis
549 2482 636 2523 quod
659 2482 738 2523 quid
760 2488 807 2513 est
835 2492 903 2513 non
931 2483 1039 2514 solum
1069 2482 1285 2519 definitiones,
1310 2481 1366 2513 sed

291 2527 388 2557 etiam
412 2527 630 2563 enuntiabilia,
656 2533 692 2558 ut
715 2537 754 2558 ex
776 2537 873 2568 supra
899 2527 993 2559 dictis
1021 2533 1119 2568 patet.
1150 2527 1237 2568 Ergo
1268 2527 1366 2559 etiam

291 2581 407 2602 eorum
423 2581 508 2612 quae
531 2581 600 2602 non
615 2577 691 2602 sunt
706 2577 814 2612 potest
829 2573 980 2603 notitiam
997 2572 1126 2604 habere.
1142 2589 1165 2595 -
1180 2572 1271 2604 Patet
1286 2581 1366 2604 con-

291 2616 469 2657 sequentia.
499 2616 584 2656 Quia
615 2615 797 2648 intellectus
828 2627 864 2648 ea
893 2617 1080 2658 cognitione
1105 2626 1170 2658 qua
1197 2618 1366 2658 cognoscit

289 2660 380 2703 quod
401 2661 480 2702 quid
502 2666 558 2696 est,
584 2666 691 2702 potest
714 2662 863 2692 notitiam
886 2662 1004 2693 habere
1029 2671 1143 2693 eorum
1161 2661 1257 2692 etiam
1281 2671 1365 2703 quae

290 2715 359 2737 non
379 2711 464 2737 sunt.

348 2760 378 2782 2.
403 2750 467 2782 Sed
490 2750 630 2781 occurrit
654 2749 801 2781 dubium.
818 2751 903 2782 Nam
920 2752 1064 2792 cognitio
1088 2760 1131 2782 an
1148 2757 1194 2782 est
1210 2759 1365 2793 praesup-

290 2796 423 2836 ponitur
447 2796 629 2836 cognitioni
651 2795 730 2836 quid
752 2801 808 2827 εει.
833 2796 920 2837 Ergo
949 2797 1095 2837 cognitio
1121 2796 1201 2838 quid
1223 2802 1272 2828 est
1296 2806 1366 2828 non

290 2845 398 2882 potest
422 2850 492 2871 esse
514 2850 583 2871 non
606 2841 741 2871 entium.

347 2884 473 2916 Dicitur
507 2886 624 2926 primo,
658 2884 808 2925 negando
844 2886 1124 2926 consequentiam.
1155 2885 1248 2917 Licet
1278 2886 1366 2917 enim

290 2930 438 2971 quaestio
454 2930 532 2970 quid
548 2935 596 2960 est
617 2936 860 2971 praesupponat
876 2931 1101 2971 quaestionem
1117 2941 1160 2961 an
1186 2936 1233 2962 est
1256 2929 1365 2972 quoad

290 2985 362 3012 nos,
379 2979 487 3016 potest
501 2980 610 3006 tamen
627 2975 772 3015 cognitio
788 2975 867 3016 quid
885 2981 933 3006 est
949 2985 1018 3007 esse
1042 2985 1110 3007 non
1134 2977 1260 3007 entium
1275 2982 1364 3007 actu:

291 3021 368 3062 quia
390 3019 582 3055 intellectus,
606 3020 639 3050 in
662 3020 894 3059 cognoscendo
917 3020 1006 3061 quod
1028 3020 1107 3062 quid
1129 3025 1186 3057 est,
1215 3020 1366 3052 abstrahit

291 3066 330 3096 ab
355 3064 471 3096 actuali
496 3065 677 3100 existentia;
703 3070 734 3095 et
757 3063 844 3101 ideo,
869 3066 935 3096 sive
965 3074 1015 3096 res
1044 3066 1082 3096 sit
1106 3071 1179 3096 actu
1203 3066 1270 3096 sive
1298 3075 1366 3096 non

290 3111 340 3146 sit,
360 3109 573 3141 nihilominus
588 3108 771 3140 intellectus
787 3108 1001 3151 apprehendit
1016 3109 1105 3152 quod
1118 3110 1198 3151 quid
1216 3115 1265 3142 est
1285 3110 1365 3141 eius.

290 3155 411 3194 Quare,
428 3164 504 3186 cum
521 3154 637 3186 dicitur
657 3153 748 3195 quod
772 3155 917 3196 cognitio
938 3164 981 3185 an
1005 3160 1051 3186 εει
1070 3155 1231 3195 praecedit
1255 3156 1366 3196 cogni-

291 3201 415 3231 tionem
438 3199 516 3240 quid
538 3205 595 3235 est,
619 3209 687 3230 non
712 3205 760 3231 est
782 3209 895 3232 sensus
919 3199 1010 3240 quod
1034 3205 1183 3240 oporteat
1206 3209 1274 3231 rem
1298 3210 1366 3231 esse

292 3251 376 3281 actu,
393 3250 425 3276 et
449 3245 603 3286 cognosci
627 3247 715 3287 prius
738 3254 871 3276 necesse
894 3245 934 3275 sit
957 3245 1060 3285 ipsam
1081 3253 1149 3275 esse
1170 3250 1244 3276 actu
1267 3253 1366 3286 quarn

294 3295 510 3330 cognoscatur
533 3289 611 3331 quid
636 3291 691 3322 sit:
723 3289 779 3322 sed
807 3289 899 3331 quod
931 3294 1061 3330 oportet
1085 3289 1189 3329 ipsam
1213 3294 1366 3320 naturam

293 3335 376 3365 entis
398 3334 527 3370 habere,
553 3340 584 3366 et
607 3334 667 3367 sibi
683 3344 753 3367 esse
769 3334 945 3366 convenire
961 3344 1021 3366 suo
1046 3333 1157 3369 modo,
1174 3333 1296 3365 scilicet
1311 3340 1367 3365 aut

293 3380 387 3409 certis
410 3380 623 3419 temporibus,
649 3386 703 3411 aut
727 3380 760 3410 in
785 3379 902 3411 virtute
925 3388 1002 3410 suae
1027 3388 1152 3413 causae,
1177 3385 1233 3409 aut
1256 3379 1366 3419 aliquo

292 3423 357 3453 alio
381 3424 492 3455 modo.
518 3425 591 3455 Hoc
608 3431 717 3456 autem
742 3430 850 3465 potest
865 3425 1040 3455 convenire
1064 3424 1109 3454 rei
1133 3432 1201 3454 nori
1221 3424 1366 3455 existenti

292 3477 354 3508 pro
379 3469 488 3509 aliquo
504 3475 651 3510 tempore
675 3470 708 3500 in
724 3475 848 3500 natura.
869 3468 964 3500 Unde
980 3478 1041 3499 nos
1063 3467 1103 3499 de
1126 3477 1199 3499 rosa
1218 3478 1285 3499 non
1302 3469 1367 3499 exi-

296 3517 396 3543 stente
420 3514 453 3543 in
484 3519 557 3544 actu
587 3514 675 3555 quod
706 3513 785 3556 qm'd
816 3519 864 3545 εει
893 3513 1116 3554 intelligimus:
1150 3514 1367 3554 supponimus

296 3561 402 3587 tamen
426 3559 528 3598 ipsam
551 3564 698 3590 naturam
721 3558 885 3600 quandam
909 3559 991 3590 entis
1006 3558 1134 3594 habere,
1157 3563 1190 3588 et
1213 3566 1282 3588 esse
1305 3567 1366 3589 suo

297 3600 396 3631 modo
420 3602 453 3632 in
476 3608 598 3634 natura.
617 3603 705 3634 Deus
721 3609 830 3635 autem
846 3613 884 3634 ea
899 3612 984 3644 quae
1007 3611 1179 3643 nunquam
1202 3602 1368 3634 habebunt

297 3653 365 3677 esse
387 3645 420 3676 in
444 3653 566 3683 natura,
592 3647 648 3678 sed
670 3654 779 3679 tamen
810 3653 944 3689 possent
966 3656 1047 3684 esse,
1079 3647 1249 3688 cognoscit
1272 3647 1367 3688 quid-

876 253 1065 289 SUMMA
1094 251 1318 289 CONTRA
1346 251 1624 299 GENTlLES,
1655 253 1766 290 CAP.
1780 255 1921 291 LXVI.

1426 331 1571 369 ditative;
1589 338 1621 363 et
1639 335 1809 373 cognoscit
1825 334 1879 365 ina
1895 344 1963 365 esse
1980 335 2066 364 entia
2072 344 2080 370 3
2105 340 2137 364 et
2160 335 2278 365 habere
2297 345 2366 366 esse
2390 337 2424 366 in
2440 337 2501 366 vir-

1426 382 1495 407 tute
1517 377 1619 417 ipsius
1643 377 1715 414 Dei,
1739 378 1814 409 licet
1835 388 1905 409 non
1928 379 1962 409 in
1986 379 2107 419 seipsis.

1483 421 1608 452 Dicitur
1631 422 1786 459 secundo,
1811 423 1993 454 secundum
2017 423 2199 454 doctrinam
2222 423 2331 454 Sancti
2353 423 2501 455 Thomae

1433 466 1540 502 Verit„
1557 475 1589 507 q.
1606 475 1639 502 n,
1656 475 1684 496 a.
1702 466 1732 502 8,
1757 467 1848 507 quod
1871 468 1961 498 aliter
1990 467 2195 508 loquendum
2224 473 2272 498 est
2301 467 2342 499 de
2369 469 2503 499 scientia

1427 510 1498 546 Dei,
1517 516 1548 541 et
1564 510 1654 541 aliter
1669 509 1710 541 de
1725 511 1859 542 scientia
1873 518 1993 543 nostra.
2010 512 2094 543 Nam
2114 512 2247 543 scientia
2263 512 2324 544 Dei
2344 519 2391 544 est
2407 523 2503 544 causa

1427 564 1550 586 rerum:
1563 555 1696 586 scientia
1708 561 1818 586 autem
1832 562 1943 588 nostra
1958 563 2108 588 causatur
2123 567 2141 588 a
2155 557 2262 588 rebus.
2281 557 2357 588 Ideo
2370 558 2503 589 scientia

1427 600 1488 630 Dei
1512 605 1620 640 potest
1643 600 1835 640 praecedere
1858 611 1908 632 res
1930 602 2039 633 scitas·
2065 608 2096 634 et
2120 602 2165 632 sic
2189 603 2335 642 cognitio
2354 602 2433 643 quid
2456 607 2503 634 εει

1427 650 1544 685 potest,
1561 644 1673 685 apud
1665 654 1784 684 ipsum,
1801 654 1870 676 esse
1887 645 1927 676 de
1947 655 1982 676 re
1998 656 2083 687 quae
2097 656 2269 687 nunquam
2284 647 2397 678 habuit
2415 656 2501 683 esse;

1427 699 1504 720 cuin
1528 699 1624 720 causa
1650 690 1753 729 possit
1780 699 1878 720 suurn
1901 689 2054 722 effectum
2083 691 2287 732 praecedere,
2304 698 2340 723 ut
2358 697 2446 733 patet
2468 691 2503 722 in

1427 739 1502 771 arte,
1521 743 1604 774 quae
1629 743 1698 764 esse
1721 732 1878 764 artificiati
1901 735 2074 775 praecedit.
2097 735 2238 767 Scientia
2261 741 2370 768 autem
2393 742 2503 767 nostra

1426 788 1494 809 non
1519 784 1627 819 potest
1650 787 1720 809 esse
1742 779 1805 809 nisi
1832 788 1882 809 res
1913 779 2126 819 praeexistant
2148 791 2167 811 a
2189 782 2309 833 quibus
2336 786 2501 812 causatur.

1427 824 1504 864 quia
1526 824 1687 864 posterius
1710 833 1778 854 non
1799 828 1907 863 potest
1927 833 1996 854 esse
2020 830 2148 855 remoto
2170 826 2280 866 priori.
2299 825 2424 857 Idcirco
2446 835 2502 856 co-

1425 869 1528 909 gnitio
1552 868 1631 909 quid
1653 873 1702 899 εει
1724 877 1794 898 non
1817 873 1925 908 potest
1948 869 2073 909 acquiri
2096 878 2115 899 a
2137 870 2232 900 nobis
2254 871 2317 901 nisi
2338 879 2390 902 res
2412 871 2502 911 prius

1426 913 1542 944 habeat
1565 923 1644 949 esse,
1662 918 1694 944 et
1717 913 1816 953 prius,
1834 912 1885 943 via
1899 922 2066 950 sensuum,
2083 919 2300 954 cognoscatur
2323 925 2406 946 esse:
2427 915 2503 946 licet

1425 959 1495 999 ipsa
1519 957 1663 999 cognitio
1680 956 1759 998 quid
1779 962 1836 993 εει,
1853 967 1931 988 cum
1953 956 2100 994 habetur,
2116 958 2274 989 abstrahat
2289 958 2328 990 ab
2345 969 2424 991 esse.
2446 959 2502 990 Illa

1425 1012 1503 1043 ergo
1533 1002 1727 1043 propositio,
1755 1001 1911 1044 Cognitio
1943 1011 1986 1032 an
2017 1007 2066 1033 est
2087 1002 2260 1043 praecedit
2281 1003 2501 1045 cognitionem

1424 1047 1503 1088 quid
1526 1052 1582 1083 est,
1607 1047 1704 1078 habet
1719 1047 1886 1078 veritatem
1901 1051 2029 1077 tantum
2050 1047 2085 1078 in
2113 1047 2328 1088 acquisitione
2350 1048 2502 1080 scientiae

1424 1097 1563 1128 nostrae,
1588 1091 1668 1122 dum
1691 1092 1780 1131 prius
1796 1100 1853 1132 per
1867 1100 1980 1122 sensus
1996 1092 2227 1132 cognoscimus
2246 1101 2316 1123 rein
2340 1102 2420 1129 esse,
2434 1094 2503 1124 sive

1424 1146 1493 1168 rem
1517 1137 1576 1167 sub
1596 1136 1715 1168 actuali
1729 1137 1906 1173 existentia,
1923 1145 2024 1177 quam
2043 1142 2192 1168 causetur
2207 1137 2242 1167 in
2264 1137 2431 1169 intellectu
2446 1147 2503 1169 co-

1423 1181 1527 1222 gnitio
1558 1181 1638 1222 quid
1667 1186 1724 1212 εει.
1754 1180 1831 1211 Non
1853 1181 1951 1212 habet
1980 1186 2091 1212 autem
2120 1182 2287 1212 veritatem
2310 1182 2345 1213 in
2367 1183 2503 1214 scientia

1424 1226 1497 1262 Dei,
1522 1235 1606 1266 quae
1633 1235 1702 1256 non
1727 1231 1876 1256 causatur
1899 1235 1918 1256 a
1940 1225 2047 1256 rebus.

1480 1269 1533 1301 Ad
1554 1271 1644 1301 hunc
1667 1279 1799 1301 sensum
1825 1269 2014 1311 intelligitur
2043 1269 2135 1311 quod
2163 1269 2279 1301 dicitur
2302 1270 2315 1301 1
2338 1271 2502 1302 Posterio-

1425 1324 1498 1345 rum
1514 1315 1547 1345 *t
1572 1314 1624 1345 De
1637 1314 1780 1346 subiecto
1796 1319 1925 1356 oportet
1940 1323 2228 1357 praecognoscere
2239 1315 2317 1356 quia
2333 1321 2390 1347 εει.
2406 1314 2501 1352 Nam,
2530 1317 2539 1327 ”

1423 1360 1458 1390 111
1481 1360 1671 1390 inventione
1697 1360 1862 1397 scientiae,
1885 1369 2019 1391 necesse
2041 1365 2090 1391 est
2111 1369 2174 1391 nos
2196 1361 2286 1401 prius
2309 1369 2368 1401 per
2389 1366 2503 1392 sensus

1424 1414 1624 1445 cognoscere
1646 1414 1716 1436 rem
1735 1414 1804 1436 esse
1830 1409 2007 1446 antequam
2026 1405 2135 1445 aliqua
2157 1405 2266 1446 passio
2289 1403 2330 1436 de
2353 1406 2423 1446 ipsa
2445 1415 2504 1437 co·

1423 1455 1613 1491 gnoscatur:
1631 1450 1708 1490 quia
1722 1450 1763 1480 ab
1779 1449 1834 1480 illa
1848 1450 2038 1490 cognitione
2061 1459 2127 1491 qua
2145 1459 2196 1481 res
2217 1449 2279 1482 sub
2301 1450 2421 1482 actuali
2436 1451 2502 1482 exi·-

1424 1495 1540 1526 stentia
1563 1495 1781 1535 cognoscitur,
1799 1499 1867 1526 tota
1883 1494 2018 1526 scientia
2040 1495 2229 1536 originatur.
2246 1494 2289 1526 Et
2312 1493 2387 1527 ideo
2411 1493 2452 1527 de
2468 1505 2502 1529 re

1425 1548 1510 1581 quae
1533 1548 1705 1580 nunquam
1728 1538 1800 1576 fuit,
1823 1548 1892 1570 non
1915 1547 2092 1581 possumus
2115 1539 2284 1571 scientiam
2308 1549 2366 1581 per
2388 1539 2504 1571 inven-

1423 1585 1550 1616 tionem
1573 1584 1750 1625 acquirere.

1480 1630 1519 1660 V.
1546 1628 1680 1666 Quinto.
1705 1628 1794 1660 Deus
1818 1628 1858 1660 de
1881 1629 1978 1660 rebus
1993 1629 2219 1669 cognitionem
2233 1628 2331 1660 habet
2345 1637 2403 1670 per
2425 1638 2503 1662 eau-

1423 1684 1503 1711 sam,
1527 1674 1618 1711 dum,
1642 1684 1676 1706 se
1707 1673 1950 1714 cognoscendo,
1975 1675 2033 1715 qui
2063 1679 2112 1705 est
2134 1673 2286 1706 omnium
2310 1683 2417 1711 causa,
2440 1675 2502 1707 alia

1424 1719 1517 1760 quasi
1531 1729 1610 1751 suos
1626 1718 1760 1750 effectus
1783 1720 1964 1759 cognoscit.
1989 1719 2076 1760 Ergo
2093 1723 2155 1750 etc.
2171 1737 2194 1742 —
2209 1718 2368 1750 Probatur
2387 1729 2501 1751 conse-

1424 1765 1566 1806 quentia.
1583 1763 1671 1803 Quia
1689 1761 1823 1795 effectus
1839 1763 1955 1804 aliquis
1970 1763 2005 1795 in
2025 1773 2084 1795 sua
2103 1773 2200 1795 causa
2220 1764 2376 1804 cognosci
2394 1769 2503 1806 potest

1423 1814 1598 1850 antequam
1618 1810 1671 1840 sit:
1695 1808 1780 1839 sicut
1800 1807 1927 1850 eclipsis
1950 1807 2058 1840 futura
2080 1808 2120 1839 ab
2144 1807 2309 1849 astrologo
2332 1817 2371 1839 ex
2394 1809 2501 1841 consi-

1422 1853 1589 1886 deratione
1612 1853 1799 1884 caelestium
1822 1858 1987 1884 motuum.

1480 1908 1510 1930 2.
1527 1898 1668 1930 Adverte
1684 1897 1776 1938 quod
1799 1897 1864 1928 hoc
1887 1898 1964 1929 loco
1979 1906 2050 1928 non
2068 1897 2280 1938 investigatur
2301 1896 2422 1930 modus
2444 1904 2502 1930 oo-

1421 1944 1576 1984 gnitionis
1599 1952 1668 1975 non
1691 1943 1827 1979 entium,
1850 1941 1909 1973 sed
1930 1942 2079 1974 absolute
2101 1951 2219 1974 eorum
2240 1942 2398 1984 cognitio.
2419 1942 2502 1978 Ideo,

1422 1988 1652 2030 praecedentes
1675 1988 1816 2018 rationes
1846 1987 1994 2018 absolute
2022 1987 2164 2028 probant
2186 1987 2295 2019 Deum
2321 1997 2391 2020 non
2414 1988 2505 2026 entia

1422 2042 1632 2075 cognoscere,
1656 2032 1723 2063 sive
1746 2031 1800 2063 illa
1824 2032 1857 2062 in
1881 2032 1994 2074 seipsis
2010 2031 2117 2065 videat
2132 2033 2199 2064 sive
2223 2032 2258 2064 in
2273 2041 2380 2064 causa.
2404 2031 2504 2068 Ratio

1423 2084 1531 2110 autem
1556 2087 1640 2120 quae
1664 2077 1811 2118 sequitur
1837 2077 1954 2118 probat
1982 2076 2075 2118 quod
2098 2087 2135 2109 ea
2165 2076 2253 2108 videt
2275 2083 2308 2109 et
2331 2077 2501 2119 cognoscit

1423 2125 1520 2155 etiam
1544 2128 1580 2154 ut
1603 2123 1637 2154 in
1661 2122 1774 2163 seipsis
1797 2127 1883 2153 sunt.

1477 2168 1531 2199 Vl.
1557 2168 1667 2199 Sexto.
1685 2166 1864 2208 Intelligere
1888 2166 1951 2198 Dei
1973 2171 2179 2198 mensuratur
2193 2167 2389 2199 aeternitate.
2413 2167 2505 2208 Ergo&

1423 2213 1463 2245 ad
1485 2214 1599 2245 omnia
1613 2222 1698 2254 quae
1714 2210 1896 2244 secundum
1911 2212 2068 2252 temporis
2084 2221 2217 2244 cursum
2238 2212 2391 2244 nondum
2414 2218 2501 2249 sunt.

1422 2268 1456 2290 se
1479 2257 1632 2290 extendit.
1652 2275 1676 2280 —
1699 2257 1790 2288 Patet
1812 2255 2018 2288 antecedens.
2034 2256 2122 2295 Quia
2141 2257 2383 2289 successionem
2405 2257 2502 2298 intel<-

1422 2304 1520 2344 ligere
1545 2303 1605 2334 Dei
1628 2311 1697 2333 non
1721 2302 1827 2338 habet,
1851 2301 1935 2333 sicut
1957 2311 2019 2334 nec
2043 2311 2112 2333 esse
2137 2302 2217 2339 eius,
2241 2301 2299 2334 sed
2322 2308 2370 2334 est
2393 2306 2501 2337 totum

1422 2348 1519 2379 simul
1535 2353 1567 2378 et
1583 2356 1710 2388 semper
1725 2356 1871 2383 manens,
1889 2352 1926 2378 ut
1941 2346 2065 2378 dictum
2089 2351 2137 2377 est
2158 2355 2266 2389 supra.
2287 2346 2363 2378 Hoc
2391 2352 2501 2378 autern

1423 2392 1463 2424 de
1486 2393 1610 2423 ratione
1635 2391 1828 2422 aeternitatis
1852 2397 1909 2422 est.
1926 2409 1949 2414 -
1964 2390 2210 2433 Consequentia
2232 2401 2310 2422 vero
2334 2392 2499 2433 probatur.

1422 2436 1509 2476 Quia
1539 2437 1708 2468 aeternitas
1739 2436 1872 2468 cuilibet
1906 2437 2058 2477 tempori,
2083 2437 2136 2468 vei
2170 2437 2301 2469 instanti
2331 2435 2500 2478 temporis,

1423 2482 1675 2524 praesentialiter
1697 2480 1801 2512 adest:
1826 2490 1904 2513 cum
1924 2487 2133 2523 comparetur
2150 2481 2191 2513 ad
2213 2487 2322 2513 totum
2343 2482 2503 2523 temporis

1422 2527 1597 2559 decursum
1623 2527 1707 2558 sicut
1736 2525 1930 2559 indivisibile
1959 2526 2001 2558 ad
2027 2528 2236 2564 continuum
2267 2535 2337 2558 non
2366 2527 2503 2568 quidem

1422 2573 1506 2604 sicut
1527 2571 1722 2604 indivisibile
1738 2571 1830 2612 quod
1852 2576 1900 2602 est
1921 2572 2079 2604 terminus
2094 2572 2254 2609 continui,
2270 2581 2348 2603 cum
2362 2572 2501 2610 omnino

1422 2618 1591 2649 aeternitas
1614 2622 1702 2648 extra
1718 2621 1848 2658 tempus
1871 2616 1928 2654 sit,
1953 2616 2010 2648 sed
2025 2618 2110 2649 sicut
2132 2616 2213 2649 illud
2229 2616 2320 2659 quod
2343 2622 2391 2648 est
2414 2621 2502 2648 extra

1422 2663 1628 2698 continuum,
1655 2659 1788 2693 cuilibet
1813 2666 1923 2692 tamen
1946 2662 2027 2703 parti
2052 2662 2210 2699 continui,
2234 2667 2290 2693 aut
2317 2653 2442 2703 puncto
2466 2661 2502 2693 in

1422 2709 1580 2739 continuo
1604 2706 1740 2747 signato.
1765 2705 1923 2743 coexistit,
1938 2705 2022 2738 sicut
2046 2712 2194 2739 centrum
2217 2706 2329 2738 circuli
2351 2715 2387 2738 se
2404 2706 2504 2738 habet

1422 2752 1462 2783 ad
1490 2751 1795 2784 circumferentiam.
1823 2751 1911 2791 Ergo
1935 2751 2095 2793 quicquid
2115 2753 2152 2784 in
2174 2760 2384 2794 quacumque
2409 2756 2503 2793 pam

1421 2798 1578 2839 temporis
1600 2802 1658 2832 est,
1683 2797 1831 2828 coexistit
1853 2801 1985 2828 aeterno
2008 2797 2102 2838 quasi
2122 2797 2154 2829 ei
2174 2806 2340 2839 praesens:
2365 2802 2408 2832 et,
2422 2802 2502 2828 cum

1422 2847 1590 2873 aeternum
1613 2842 1854 2873 successionem
1872 2850 1940 2872 non
1964 2842 2092 2879 habeat,
2109 2843 2256 2884 sequitui·
2275 2841 2367 2884 quod
2389 2842 2502 2877 omnia

1421 2887 1482 2918 toti
1505 2886 1684 2918 aeternitati
1707 2887 1771 2919 sint
1793 2886 1984 2927 praesentia.
2001 2885 2090 2929 Ergo
2109 2885 2238 2919 divinus
2258 2885 2443 2919 intellectus
2465 2885 2503 2926 in

1422 2937 1491 2963 tota
1513 2941 1571 2963 sua
1595 2932 1782 2963 aeternitate
1805 2931 1950 2963 intuetur
1973 2932 2066 2972 quasi
2089 2940 2241 2973 praesens
2263 2930 2420 2972 quicquid
2443 2934 2502 2972 per·

1422 2982 1529 3008 totum
1553 2975 1728 3008 decursum
1751 2977 1908 3017 temporis
1931 2977 2046 3016 agitur.

1479 3021 1547 3052 Vll.
1581 3021 1618 3052 111
1644 3021 1704 3052 hac
1735 3021 1860 3053 ratione
1887 3019 1956 3052 duo
1986 3027 2063 3053 sunt
2089 3031 2174 3063 quae
2202 3020 2426 3053 difficultatem
2454 3019 2503 3054 fav-

1423 3066 1523 3098 ciunt.
1543 3065 1690 3097 Primum
1713 3072 1760 3097 est
1782 3065 2033 3097 fundamentum
2055 3066 2188 3098 rationis
2200 3067 2228 3097 ·.
2247 3065 2280 3098 Si
2303 3066 2393 3097 enim
2406 3065 2501 3107 quie-

1423 3111 1502 3152 quid
1514 3111 1618 3152 agitur
1633 3111 1666 3142 in
1678 3115 1750 3142 toto
1763 3110 1902 3142 decursu
1917 3111 2074 3152 temporis
2085 3116 2134 3143 est
2145 3119 2296 3152 praesens
2311 3109 2499 3146 aeternitati,

1423 3166 1500 3197 ergo
1524 3165 1613 3187 nunc
1636 3160 1684 3187 est
1707 3165 1821 3187 verum
1843 3155 1952 3187 dicere
1974 3155 2067 3198 quod
2089 3155 2309 3188 Antichristus
2330 3159 2398 3187 est:
2423 3154 2501 3196 quia

1422 3201 1503 3233 nihil
1526 3207 1574 3232 est
1597 3206 1672 3232 actu
1695 3210 1846 3241 praesens
1869 3200 1966 3232 alicui
1983 3201 2046 3233 nisi
2065 3200 2145 3233 dum
2166 3206 2225 3232 est.
2250 3199 2337 3241 Ergo
2355 3209 2427 3231 non
2441 3199 2500 3231 erit

1422 3245 1580 3277 futurum.
1610 3245 1652 3277 Et
1674 3245 1788 3277 eadem
1811 3246 1936 3277 ratione
1958 3246 2039 3277 nihil
2062 3245 2122 3277 erit
2143 3243 2300 3281 futurum,
2317 3243 2373 3275 sed
2389 3243 2500 3275 omni·

1423 3296 1519 3322 erunt
1541 3290 1730 3332 praesentia.

1480 3335 1598 3367 Item.
1571 3336 1588 3352 ⁸*
1616 3334 1693 3367 Ideo
1710 3334 1826 3376 angeli
1840 3333 2022 3366 secundum
2037 3333 2218 3365 doctrinam
2233 3332 2342 3364 Sancti
2350 3332 2537 3365 ‘simmae'

1423 3380 1530 3411 Prima
1552 3380 1655 3416 Parte.
1680 3388 1712 3420 q.
1729 3389 1803 3415 vm.
1819 3390 1848 3411 a.
1867 3379 1898 3416 3.
1912 3378 1953 3410 ad
1970 3379 2000 3415 3,
2016 3387 2086 3410 non
2101 3383 2306 3429 cognoscunt
2329 3377 2502 3418 singularia

1423 3424 1556 3466 quando
1580 3434 1649 3456 non
1665 3430 1751 3461 sunt,
1768 3425 1844 3464 quia
1861 3423 1985 3465 species
2001 3432 2086 3464 quae
2106 3428 2182 3454 sunt
2204 3423 2237 3454 in
2261 3428 2371 3454 mente
2395 3422 2501 3463 angeli

1423 3479 1492 3500 non
1515 3474 1591 3501 sunt
1614 3474 1689 3501 actu
1719 3468 1947 3500 similitudines
1977 3468 2124 3508 ipsorum
2157 3467 2218 3498 nisi
2249 3467 2382 3508 quando
2415 3472 2500 3502 sunt.

1423 3515 1510 3555 quia,
1535 3515 1610 3545 Ιίεει
1633 3514 1723 3555 ipsae
1744 3513 1878 3554 ερεείεε,
1901 3517 2060 3553 quantum
2084 3517 2132 3543 εει
2153 3521 2196 3543 ex
2209 3521 2254 3547 se,
2271 3511 2456 3554 aequaliter·
2467 3520 2502 3544 εε

1423 3559 1564 3590 habeant
1577 3558 1622 3590 ad
1632 3557 1832 3600 praesencia,
1845 3557 2028 3598 praeterita
2043 3561 2076 3588 et
2079 3557 2217 3599 futura,
2230 3562 2338 3588 tamen
2353 3556 2418 3588 ista
2434 3563 2501 3587 non

1424 3604 1655 3644 aequaliter-se
1669 3602 1788 3634 habent
1802 3601 1847 3633 ad
1867 3601 2006 3643 specim
2023 3601 2214 3642 praesentia
2237 3601 2323 3633 enim
2347 3606 2502 3633 naturam

1424 3648 1542 3679 habent
1559 3657 1623 3689 per
1644 3656 1742 3689 quam
1767 3646 1833 3678 inis
1847 3646 2081 3682 assimilentur,
2089 3647 2215 3688 sutura
2231 3651 2339 3677 autem
2357 3645 2501 3677 nondum

2527 3069 2536 3078 ·
2551 3067 2588 3091 ef.
2603 3073 2627 3090 u.
2642 3073 2692 3097 ιη.

2552 3332 2590 3356 Cf.
2601 3338 2624 3355 n.
2634 3337 2689 3354 ιιιι.
