2768 4134
54 492 64 501 '¹
74 490 110 513 Cf.
126 496 204 518 supra.
215 495 265 515 cap.

53 523 120 542 evin:
146 520 168 538 et
196 516 205 538 l
232 515 250 537 P

53 549 131 570 ιιινι,
141 550 164 569 4.

52 1106 62 1115 '
75 1105 131 1133 Cap.
143 1111 178 1127 ni.

62 3655 70 3664 ·
89 3653 125 3676 cf.
143 3653 276 3676 comment.

61 3686 112 3709 cup.
122 3686 170 3708 avt,
185 3686 208 3702 n.
220 3686 246 3702 n.

295 317 373 365 436

350 395 387 426 11.
412 393 506 424 Circa
535 392 619 422 hanc
649 390 919 431 propositionem,
952 388 1097 418 Viventia
1127 391 1368 427 componuntur

294 449 336 470 ex
358 438 470 468 anima
485 441 516 466 et
530 444 678 475 corpore,
696 434 869 464 dubitatur.
886 433 973 470 Quia
988 431 1170 462 secundum
1186 431 1367 462 doctrinam

294 482 403 514 Sancti
426 480 575 510 Thomae
587 480 614 516 *‚
639 488 715 509 cum
739 479 773 508 in
795 486 864 508 uno
889 476 1075 517 composito
1092 477 1132 507 sit
1151 481 1278 506 tantum
1302 485 1367 505 una

252 531 266 542 ‘’
294 526 398 557 forma
420 523 645 559 substantialis,
667 523 750 553 sicut
765 521 906 552 viventia
921 521 1040 551 habent
1058 530 1117 562 per
1140 521 1281 551 animam
1298 529 1367 550 esse

293 571 481 604 animatum,
505 568 549 597 ita
571 576 630 607 per
653 565 790 597 eandem
819 566 940 595 habent
970 575 1038 596 esse
1067 573 1273 605 corporeum.
1303 563 1367 594 Sed

293 614 379 645 idem
402 621 471 643 non
494 611 704 651 componitur
720 620 758 641 ex
774 610 892 650 seipso.
916 609 1004 650 Ergo
1020 610 1162 640 viventia
1183 618 1252 639 non
1276 617 1367 639 com-

292 662 421 699 ponunt
437 666 475 686 ex
492 656 599 686 anima
615 660 647 685 et
663 664 818 695 corpore:
832 663 909 684 cum
921 663 1041 695 corpus
1053 653 1198 684 includat
1214 654 1366 683 animam.

350 711 379 732 2.
404 699 456 731 Ad
479 700 543 730 hoc
567 699 734 740 tripliciter
760 703 869 739 potest
897 698 1096 739 responderi.
1128 698 1249 734 Primo,
1277 696 1368 737 quod

291 755 360 776 non
384 748 629 784 componuntur
651 743 791 774 viventia
815 751 854 773 ex
877 752 1014 783 corpore
1035 748 1067 772 et
1083 742 1190 772 anima
1212 747 1368 782 tanquam

292 800 331 820 ex
354 789 478 820 duabus
501 788 644 829 partibus
660 787 786 818 realiter
802 786 974 823 distinctis;
999 786 1055 817 sed
1071 791 1197 816 tantum
1212 791 1367 826 tanquam

292 844 331 865 ex
350 834 494 875 partibus
517 831 674 863 distinctis
698 830 880 862 secundum
897 831 1067 867 rationem,
1087 831 1284 870 inquantum
1307 830 1368 860 alia

292 884 339 910 est
362 878 443 908 ratio
468 877 594 907 animae
617 881 654 907 ut
678 882 725 906 est
751 876 867 911 anima,
895 880 926 905 et
950 875 1010 904 alia
1035 880 1071 905 ut
1095 880 1142 905 est
1169 873 1273 905 forma
1297 883 1368 904 cor-

293 932 403 965 porea.

299 968 302 969 ⁷
347 966 412 998 Sed
435 976 473 997 ex
495 966 556 996 hac
579 965 792 1005 responsione
816 963 962 1003 sequitur
986 962 1077 1003 quod
1101 963 1298 1003 compositio
1323 963 1368 993 rei

291 1012 427 1043 viventis
452 1020 490 1041 ex
514 1011 621 1040 anima
637 1014 669 1039 et
688 1017 825 1049 corpore
841 1017 910 1038 non
934 1007 992 1038 erit
1015 1007 1076 1038 nisi
1101 1008 1299 1048 compositio
1319 1017 1369 1038 se-

293 1056 438 1088 cundum
461 1055 630 1085 rationem.
652 1052 755 1083 Cuius
779 1052 970 1092 oppositum
994 1052 1100 1092 inquit
1123 1051 1260 1082 Sanctus
1277 1051 1367 1082 Tho-

291 1111 360 1132 mas
384 1101 417 1130 in
441 1099 594 1129 Tractatu
610 1097 649 1128 de
669 1097 753 1127 Ente
769 1102 800 1127 et
822 1096 972 1127 Essentia
986 1097 1012 1133 θ,
1030 1097 1086 1127 ubi
1101 1096 1196 1136 ponit
1219 1095 1368 1127 differen-

291 1147 369 1176 tiam
393 1145 475 1174 inter
503 1142 778 1182 compositionem
804 1141 946 1171 hominis
970 1150 1008 1171 ex
1032 1141 1139 1171 anima
1163 1145 1195 1171 et
1218 1149 1367 1181 corpore,

293 1195 324 1221 et
347 1187 620 1228 compositionem
651 1186 719 1216 eius
748 1195 786 1215 ex
810 1185 952 1215 animati
972 1190 1003 1215 et
1027 1184 1194 1220 rationali,
1220 1185 1296 1225 quia
1326 1194 1368 1215 ex

291 1242 430 1274 corpore
453 1236 484 1262 et
506 1231 617 1261 anima
633 1230 753 1260 dicitur
768 1239 837 1260 esse
852 1229 948 1259 homo
965 1229 1049 1260 sicut
1066 1239 1108 1260 ex
1131 1229 1257 1259 duabus
1273 1230 1368 1260 rebus

291 1277 449 1319 quaedam
467 1285 518 1306 res
542 1275 638 1305 tertia
654 1274 839 1308 constituta,
866 1279 913 1305 est
931 1279 1040 1304 autem
1060 1283 1099 1304 ex
1114 1273 1246 1304 animali
1269 1279 1301 1304 et
1318 1283 1367 1304 ra—

290 1321 403 1353 tionali
426 1321 510 1351 sicut
533 1319 713 1350 intellectus
737 1319 852 1349 tertius
874 1328 916 1349 ex
938 1317 1064 1349 duobus
1088 1317 1310 1349 intellectibus.

348 1366 378 1397 3.
402 1365 538 1405 Propter
557 1362 658 1404 quod,
683 1362 828 1393 secundo
852 1368 960 1403 potest
976 1362 1165 1402 responderi
1189 1361 1290 1402 quod,
1315 1371 1366 1393 ac-

292 1409 443 1452 cipiendo
460 1418 578 1448 corpus
594 1406 774 1438 secundum
792 1407 883 1448 quod
898 1406 976 1437 dicit
991 1407 1212 1447 compositum
1236 1416 1276 1437 ex
1298 1415 1368 1437 ma-

290 1456 369 1486 teria
393 1459 424 1484 et
446 1452 647 1494 perfectione
664 1461 822 1492 corporea
837 1452 991 1492 praecise,
1009 1457 1040 1482 et
1064 1451 1207 1481 animam
1231 1457 1267 1482 ut
1291 1451 1367 1481 dicit

291 1499 526 1540 perfectionem
549 1496 680 1527 vitalem
704 1497 856 1536 praecise,
874 1502 949 1526 sunt
965 1495 1048 1526 duae
1063 1501 1170 1536 partes
1185 1495 1367 1526 secundum

291 1553 377 1575 rem:
395 1541 511 1573 accidit
527 1541 614 1571 enim
638 1541 769 1580 corpori
780 1540 931 1581 praecise
946 1540 1037 1581 quod
1053 1540 1122 1571 eius
1145 1539 1303 1581 perfectio
1327 1541 1367 1570 sit

291 1587 378 1620 idem
402 1585 493 1628 quod
519 1586 636 1622 anima,
661 1594 738 1615 cum
765 1594 823 1625 per
853 1594 887 1615 se
916 1584 1120 1625 praescindat
1150 1585 1301 1615 animam.
1326 1584 1367 1614 Et

291 1632 366 1663 ideo
390 1630 589 1671 compositio
614 1629 758 1660 hominis
781 1639 820 1660 ex
844 1629 951 1660 anima
974 1635 1007 1659 et
1030 1638 1168 1669 corpore
1193 1635 1240 1660 est
1262 1629 1366 1665 realis,

291 1681 407 1717 utpote
431 1685 470 1706 ex
493 1674 618 1705 duabus
641 1673 785 1714 partibus
809 1672 989 1704 secundum
1012 1683 1092 1704 rem.

348 1719 412 1752 Sed
434 1720 515 1750 haec
542 1717 712 1759 responsio
738 1727 808 1748 non
831 1718 957 1749 videtur
980 1728 998 1749 a
1025 1718 1126 1758 priori
1155 1717 1367 1758 responsione

293 1765 455 1805 distingui.
480 1763 638 1802 Quamvis
663 1762 750 1792 enim
774 1762 931 1802 perfectio
961 1762 1184 1803 corporeitatis
1213 1762 1247 1792 in
1271 1762 1367 1792 rebus

292 1809 474 1840 inanimatis
505 1806 707 1848 praescindat
736 1806 775 1836 ab
809 1807 916 1837 anima
946 1806 1127 1837 secundum
1157 1815 1243 1842 rem;
1268 1807 1301 1836 in
1332 1815 1367 1836 re

292 1859 401 1884 tamen
425 1853 574 1888 animata,
597 1856 677 1891 puta
699 1851 733 1881 in
757 1850 860 1887 Sorte,
886 1851 1067 1882 secundum
1091 1860 1159 1881 rem
1182 1860 1251 1881 non
1275 1859 1367 1891 prae-

292 1897 408 1929 scindit
424 1897 463 1927 ab
478 1896 602 1927 anima:
629 1904 704 1926 cum
722 1894 835 1925 eadem
858 1905 997 1926 numero
1021 1895 1126 1926 forma
1149 1894 1204 1925 det
1227 1895 1313 1926 Sorti
1335 1900 1367 1926 et

293 1952 361 1973 esse
385 1950 582 1982 corporeum
598 1944 630 1970 et
653 1948 722 1970 esse
738 1939 926 1970 animatum.
944 1939 986 1970 Et
1005 1939 1081 1970 licet
1104 1939 1186 1970 ratio
1209 1939 1365 1979 corporis,

291 1992 328 2017 ut
351 1987 406 2022 sic,
423 1986 564 2016 animam
580 1989 617 2014 ut
632 1983 738 2014 anima
755 1989 812 2020 est,
828 1983 910 2014 idest
928 1984 1088 2014 rationem
1104 1983 1240 2020 animae,
1258 1976 1366 2014 exelu-

291 2030 359 2067 dat;
383 2031 416 2060 in
441 2029 533 2060 Sorte
552 2033 660 2058 tamen
677 2027 792 2058 entitas
809 2026 932 2058 formae
948 2037 1125 2068 corporeae
1141 2037 1209 2058 non
1225 2026 1367 2058 excludit

291 2075 456 2106 entitatem
479 2074 616 2103 animae.
641 2072 710 2102 Nec
740 2071 855 2102 accidit
883 2073 1007 2102 entitati
1036 2071 1159 2102 formae
1188 2081 1365 2112 corporeae

290 2119 391 2150 Sortis
412 2127 484 2148 esse
506 2117 594 2148 idem
617 2116 743 2147 realiter
766 2125 843 2146 cum
866 2116 997 2147 entitate
1020 2117 1158 2152 animae,
1186 2125 1262 2147 cum
1285 2125 1366 2147 una-

290 2172 441 2204 quaeque
463 2171 513 2192 res
536 2162 577 2192 sit
599 2170 657 2201 per
680 2169 724 2197 se,
747 2170 817 2191 non
841 2166 950 2192 autem
979 2170 1038 2201 per
1065 2160 1224 2198 accidens,
1253 2161 1366 2192 eadem

290 2208 350 2239 sibi
372 2207 447 2248 ipsi:
473 2206 548 2237 licet
563 2206 647 2236 bene
669 2205 771 2245 possit
787 2204 850 2236 dici
869 2204 961 2246 quod
983 2205 1029 2236 illi
1048 2204 1172 2236 formae
1189 2214 1367 2246 corporeae

290 2252 433 2293 praecise
456 2249 686 2285 consideratae,
710 2254 746 2279 ut
774 2248 889 2280 fundat
911 2250 1070 2280 rationem
1098 2249 1221 2280 formae
1248 2259 1366 2290 corpo-

290 2306 373 2333 reae,
399 2294 514 2326 accidit
537 2292 628 2334 quod
651 2294 692 2324 sit
715 2293 830 2330 anima,
849 2294 926 2334 quia
949 2294 1029 2325 ratio
1054 2294 1191 2331 animae,
1207 2299 1244 2325 ut
1259 2294 1366 2324 anima

292 2346 349 2377 est,
374 2345 461 2371 extra
490 2340 650 2369 rationem
681 2337 805 2368 formae
829 2347 1017 2378 corporeae,
1045 2343 1081 2369 ut
1112 2339 1169 2375 sic,
1193 2338 1365 2369 invenitur.

291 2384 355 2416 Sed
370 2385 429 2414 ista
445 2383 602 2424 praecisio
618 2382 781 2412 rationum
796 2382 830 2412 in
855 2381 960 2413 forma
983 2382 1084 2413 Sortis
1104 2387 1151 2413 est
1174 2388 1301 2414 tantum
1317 2393 1366 2414 se-

292 2428 438 2460 cundum
453 2426 747 2458 considerationem
762 2426 956 2463 intellectus,
973 2428 1167 2467 inquantum
1183 2427 1367 2459 intellectus

293 2473 393 2504 alium
417 2477 614 2512 conceptum
638 2469 679 2500 de
702 2470 772 2511 ipsa
794 2470 913 2501 format
936 2477 973 2502 ut
997 2477 1044 2502 est
1070 2470 1175 2502 forma
1199 2481 1366 2512 corporea,

293 2523 325 2548 et
348 2517 448 2550 alium
470 2521 508 2547 ut
531 2521 578 2546 est
605 2515 725 2546 anima:
758 2524 797 2545 ex
826 2520 916 2555 parte
940 2521 1050 2546 tamen
1077 2516 1123 2546 rei
1147 2521 1222 2547 sunt
1244 2516 1366 2557 simpli-

293 2562 371 2593 citer
394 2571 459 2592 una
482 2569 541 2591 res.
558 2559 607 2590 Ex
630 2558 749 2600 quibus
771 2564 860 2600 patet
884 2560 984 2600 quod,
1010 2559 1209 2591 considerata
1225 2560 1258 2591 in
1275 2560 1367 2593 Sorte

292 2605 397 2637 forma
419 2604 641 2645 corporeitatis
657 2604 810 2643 praecise,
828 2609 861 2635 et
877 2604 1022 2635 similiter
1045 2604 1245 2635 considerata
1261 2606 1366 2637 anima

291 2650 444 2691 praecise,
467 2659 536 2680 non
553 2649 763 2689 componitur
785 2648 893 2679 Sortes
909 2658 947 2680 ex
971 2650 1078 2680 anima
1094 2654 1126 2680 et
1146 2658 1284 2690 corpore
1298 2655 1368 2681 tan-

292 2703 391 2736 quam
407 2703 446 2725 ex
469 2693 594 2726 duabus
617 2694 760 2734 partibus
775 2693 957 2724 secundum
977 2703 1056 2730 rem,
1076 2693 1132 2724 sed
1156 2699 1283 2725 tantum
1298 2700 1368 2726 tan-

293 2748 391 2780 quam
418 2748 457 2769 ex
483 2738 608 2770 duabus
632 2739 776 2779 partibus
802 2737 983 2769 secundum
1007 2739 1184 2769 rationem:
1209 2748 1286 2770 cum
1315 2739 1369 2771 illa

292 2783 448 2824 praecisio
473 2782 596 2814 formae
620 2792 796 2824 corporeae
812 2783 852 2813 ab
868 2783 975 2813 anima
999 2789 1030 2814 et
1054 2792 1072 2814 e
1096 2788 1217 2820 contra,
1241 2793 1309 2815 non
1329 2785 1370 2815 sit

292 2829 326 2859 in
349 2838 393 2864 re,
416 2827 472 2858 sed
495 2832 621 2858 tanturn
645 2828 679 2858 in
703 2826 961 2859 consideratione
984 2827 1175 2858 intellectus.
1193 2827 1234 2859 Et
1250 2828 1295 2859 sic
1309 2829 1369 2860 ista

292 2872 462 2913 responsio
485 2881 503 2902 a
525 2872 630 2912 prima
653 2881 722 2902 non
746 2870 860 2902 differt.
885 2872 927 2903 Et
950 2881 1007 2913 per
1026 2881 1231 2913 consequens
1255 2872 1369 2904 eadem

291 2918 418 2948 ratione
441 2916 643 2957 improbatur
666 2925 731 2956 qua
755 2921 787 2947 et
810 2917 923 2956 prima.

348 2970 380 3000 4.
393 2961 504 2991 Potest
515 2961 610 2992 tertio
622 2960 821 3001 responderi,
838 2961 1010 3001 supposito
1022 2961 1113 3001 quod
1125 2961 1278 3002 loquatur
1290 2961 1369 2993 San·

294 3011 364 3037 ctus
387 3005 533 3036 Thomas
549 3014 618 3036 non
640 3010 766 3036 tantum
783 3005 971 3043 ‘secundum
995 3005 1082 3046 vulgi
1106 3006 1298 3046 opinionem
1316 3017 1369 3038 ac-

294 3050 442 3090 cipientis
465 3058 584 3090 corpus
599 3058 660 3090 pro
677 3054 766 3090 parte
790 3050 927 3080 omnino
944 3050 983 3080 ab
1003 3050 1109 3080 anima
1134 3050 1292 3087 distincta,
1313 3051 1369 3082 sed

295 3095 391 3125 etiam
415 3093 596 3124 secundum
615 3093 792 3130 veritatem,
810 3094 900 3135 quod
923 3094 1058 3124 nomine
1081 3095 1230 3135 corporis
1253 3095 1370 3136 accipit

294 3138 430 3169 Sanctus
453 3137 599 3168 Thomas
623 3138 795 3169 materiam
817 3138 876 3169 sub
906 3138 1087 3179 quantitate
1114 3148 1276 3179 corporea
1301 3140 1369 3170 exi-

295 3187 438 3213 stentem.
456 3182 546 3213 Haec
570 3182 658 3213 enim
682 3181 887 3223 distinguitur
910 3183 1036 3213 realiter
1059 3183 1098 3213 ab
1120 3183 1241 3219 anima;
1266 3189 1298 3214 et
1321 3193 1370 3215 se—

296 3226 441 3257 cundum
470 3236 573 3267 genus
602 3236 717 3258 causae
746 3227 918 3258 materialis
947 3227 1050 3267 ipsam
1078 3227 1250 3267 praecedit.
1279 3228 1371 3259 Licet

297 3271 384 3302 enim
407 3271 568 3311 quantitas
591 3281 659 3301 non
683 3272 758 3302 insit
780 3272 932 3302 materiae
949 3270 1056 3302 nudae
1080 3271 1137 3302 sed
1153 3273 1303 3303 materiae
1322 3273 1371 3304 in-

298 3314 452 3345 formatae
476 3314 581 3346 forma
605 3325 772 3356 corporea,
798 3325 881 3356 quae
908 3316 941 3346 in
965 3315 1147 3346 viventibus
1169 3326 1237 3346 non
1261 3316 1372 3347 distin-

297 3360 404 3399 guitur
416 3359 541 3390 realiter
553 3360 592 3390 ab
606 3360 727 3396 anima;
744 3360 813 3400 ipsa
829 3365 938 3391 tamen
954 3359 1086 3390 materia
1102 3369 1178 3391 cum
1195 3361 1372 3401 quantitate

299 3413 465 3444 corporea,
489 3404 534 3434 sic
557 3404 700 3444 praecise
716 3409 857 3445 accepta,
882 3404 1007 3435 realiter
1022 3404 1062 3434 ab
1079 3404 1184 3434 anima
1206 3403 1372 3445 distingui-

298 3452 360 3478 tur.
384 3448 425 3478 Et
447 3449 492 3479 sic
509 3458 547 3479 ex
571 3457 709 3489 corpore
729 3454 761 3479 et
783 3449 891 3480 anima
913 3454 1069 3489 tanquam
1092 3458 1131 3479 ex
1154 3447 1279 3479 duabus
1302 3459 1373 3490 par-

299 3491 384 3522 tibus
408 3492 588 3523 secundum
611 3502 690 3530 rem,
714 3493 853 3524 viventia
877 3493 987 3524 omnia
1011 3498 1265 3533 componuntur.

358 3536 387 3566 5.
411 3536 523 3567 Posset
547 3538 643 3568 etiam
667 3542 782 3577 quarto
806 3536 1004 3578 responderi,
1028 3542 1187 3577 quantum
1211 3537 1290 3568 mihi
1313 3547 1374 3578 pro

302 3588 389 3610 nunc
412 3581 562 3617 occurrit,
586 3580 677 3621 quod
707 3591 747 3612 eo
775 3581 876 3612 modo
902 3586 1148 3622 componuntur
1173 3581 1313 3612 viventia
1336 3591 1374 3613 ex

304 3632 439 3663 corpore
463 3630 494 3654 et
518 3626 634 3662 anima,
651 3635 718 3665 quo
743 3635 880 3666 corpora
894 3626 994 3656 mixta
1017 3625 1178 3662 dicuntur,
1195 3625 1375 3657 secundum

305 3666 487 3707 aliquorum
511 3670 712 3708 opinionem,
729 3679 767 3700 ex
784 3670 951 3701 elementis
967 3679 1037 3701 esse
1056 3671 1238 3710 composita
1250 3671 1276 3700 ”’.
1301 3670 1375 3702 Ele-

789 311 977 349 SUMMA
1006 309 1229 347 CONTRA
1256 307 1532 353 GENTILES,
1560 308 1655 344 LIB.
1677 308 1718 351 11,
1748 307 1860 345 CAP.
1880 307 1999 345 LXV.

1422 391 1531 417 menta
1555 387 1643 417 enim
1667 386 1819 417 dicuntur
1851 395 2052 427 componere
2081 387 2230 423 mixtum,
2262 397 2331 418 non
2359 388 2436 428 quia
2464 388 2498 418 in

1422 431 1525 461 mixto
1541 436 1694 462 maneant
1709 430 1857 462 distincta
1880 430 2062 462 secundum
2084 440 2163 467 rem,
2187 431 2245 462 sed
2268 432 2344 472 quia
2367 442 2406 463 ex
2421 432 2498 472 ipsis

1422 476 1511 516 prius
1533 476 1659 506 realiter
1682 475 1849 512 distinctis,
1865 474 2079 515 postmodum
2101 485 2179 506 vero
2203 476 2361 516 corruptis
2384 481 2416 507 et
2429 486 2499 507 ma-

1422 519 1573 550 nentibus
1596 520 1630 550 in
1653 520 1755 551 mixto
1783 519 1892 550 solum
1922 524 2081 560 quantum
2113 519 2153 550 ad
2181 528 2280 550 unam
2311 520 2499 560 qualitatem

1422 565 1456 594 in
1472 574 1537 604 qua
1560 564 1671 595 omnia
1685 564 1862 595 virtualiter
1885 565 2104 601 continentur,
2120 564 2259 594 mixtum
2278 564 2497 604 componitur.

1423 608 1476 639 Sic
1498 609 1786 648 proportionaliter
1812 607 1918 639 dicere
1948 618 2124 649 possumus
2155 608 2256 649 quod,
2285 617 2360 639 cum
2392 608 2500 639 anima

1423 652 1572 683 adveniat
1594 653 1747 684 materiae
1768 652 1859 693 prius
1881 651 2074 684 informatae
2104 652 2209 684 forma
2239 656 2407 693 corporea,
2431 652 2499 683 ani·

1422 702 1548 728 matum
1572 698 1782 738 componitur
1805 706 1844 727 ex
1866 706 2004 737 corpore
2021 702 2053 728 et
2067 698 2175 728 anima
2196 698 2286 738 prius
2308 697 2434 728 realiter
2452 695 2499 727 di-

1423 742 1555 778 sanctis,
1587 741 1643 772 sed
1672 751 1811 782 corpore
1839 742 2073 781 praeexistente
2099 741 2313 782 postmodum
2344 745 2499 782 corrupto

1423 796 1480 826 per
1503 785 1679 817 adventum
1703 787 1840 822 animae,
1863 791 2051 817 remanente
2073 791 2183 817 tamen
2206 787 2239 817 in
2263 796 2323 817 suo
2347 785 2445 816 simili
2468 790 2500 816 et

1422 830 1598 861 virtualiter
1621 831 1655 861 in
1679 840 1749 862 esse
1772 828 1864 871 quod
1887 829 1941 860 dat
1963 830 2080 867 anima,
2102 831 2299 870 inquantum
2315 831 2423 861 anima
2445 839 2499 860 su-

1423 875 1615 916 perveniens
1631 875 1685 906 dat
1709 884 1779 906 esse
1795 883 1992 914 corporeum
2015 875 2120 905 simile
2136 875 2181 905 illi
2197 884 2266 906 esse
2290 874 2381 916 quod
2404 873 2500 905 dabat

1423 920 1528 951 forma
1551 919 1757 960 praecedens,
1782 924 1814 950 et
1836 918 2013 949 virtualiter
2043 919 2189 950 continet
2218 918 2357 950 formam
2380 928 2499 960 corpo-

1423 974 1521 995 ream.
1546 964 1651 1001 Unde,
1676 965 1760 995 sicut
1783 963 1935 994 dicuntur
1956 964 2056 994 mixta
2084 963 2242 1004 componi
2269 973 2308 994 ex
2331 963 2499 994 elementis

1423 1015 1579 1050 tanquam
1603 1019 1642 1040 ex
1666 1009 1799 1040 materia
1821 1007 2071 1038 substantialiter
2099 1013 2285 1039 transeunte
2316 1007 2372 1039 sed
2395 1017 2499 1039 rema·

1423 1059 1521 1085 nente
1545 1054 1720 1085 virtualiter
1750 1054 1784 1084 in
1816 1062 1881 1083 una
1909 1052 2073 1093 qualitate,
2104 1053 2150 1083 sic
2180 1052 2320 1083 viventia
2349 1051 2500 1083 dicuntur

1424 1099 1582 1139 componi
1606 1108 1644 1129 ex
1667 1098 1775 1128 anima
1791 1103 1823 1128 et
1839 1106 1991 1137 corpore:
2010 1107 2049 1127 ex
2064 1097 2172 1128 anima
2188 1096 2321 1137 quidem
2343 1102 2500 1137 tanquam

1423 1153 1462 1174 ex
1485 1148 1575 1183 parte
1598 1142 1846 1173 substantialiter
1869 1147 2090 1182 permanente,
2115 1151 2153 1172 ex
2177 1150 2315 1182 corpore
2337 1150 2415 1172 vero
2430 1146 2501 1172 tan-

1423 1197 1523 1228 quam
1547 1197 1586 1218 ex
1608 1192 1700 1228 parte
1726 1186 1974 1217 substantialiter
2000 1191 2187 1217 transeunte
2209 1185 2266 1217 sed
2291 1191 2443 1216 manente
2466 1186 2501 1216 in

1422 1242 1483 1263 suo
1508 1231 1614 1268 simili,
1634 1237 1689 1262 aut
1711 1236 1863 1262 manente
1886 1231 2061 1262 virtualiter
2083 1231 2117 1262 in
2140 1240 2209 1262 uno
2234 1239 2303 1261 esse
2326 1228 2418 1270 quod
2431 1239 2500 1261 ma-

1422 1277 1521 1308 teriae
1551 1275 1605 1307 dat
1633 1276 1751 1306 anima.
1783 1275 1825 1306 Et
1853 1274 1987 1312 idcirco,
2018 1276 2102 1306 sicut
2131 1275 2269 1306 dicimus
2297 1275 2397 1305 mixta
2429 1283 2498 1305 esse

1422 1321 1548 1352 realiter
1579 1320 1763 1360 composita
1793 1329 1831 1350 ex
1859 1319 2038 1356 elementis,
2066 1329 2135 1350 non
2168 1320 2317 1350 obstante
2344 1318 2436 1360 quod
2464 1319 2500 1349 in

1422 1365 1581 1396 mixtione
1609 1365 1673 1395 sint
1702 1369 1854 1405 corrupta
1882 1370 1914 1395 et
1943 1369 2096 1394 maneant
2118 1369 2246 1395 tantum
2266 1362 2443 1394 virtualiter
2464 1363 2499 1394 in

1422 1410 1536 1446 mixto,
1560 1409 1606 1440 sic
1628 1408 1736 1440 dicere
1759 1417 1935 1449 possumus
1958 1408 2098 1439 viventia
2121 1418 2190 1439 esse
2213 1408 2339 1439 realiter
2361 1416 2499 1448 compo-

1422 1455 1481 1485 sita
1504 1464 1542 1485 ex
1567 1462 1706 1494 corpore
1730 1458 1762 1484 et
1784 1453 1902 1490 anima,
1926 1453 2001 1484 licet
2031 1462 2150 1493 corpus
2181 1453 2234 1484 cui
2257 1453 2365 1483 anima
2387 1461 2499 1492 super-

1422 1499 1519 1535 venit,
1533 1499 1574 1529 sit
1589 1503 1790 1539 corruptum,
1808 1502 1840 1528 et
1854 1502 1984 1528 maneat
2006 1498 2040 1528 in
2056 1498 2184 1529 vivente
2199 1497 2308 1528 solum
2323 1496 2500 1528 virtualiter

1422 1549 1481 1574 aut
1501 1543 1599 1574 etiam
1621 1542 1655 1573 in
1679 1551 1740 1573 suo
1765 1542 1871 1573 simili.

1478 1587 1530 1618 111.
1555 1586 1715 1618 Secundo.
1733 1586 1853 1618 Anima
1874 1596 1943 1617 non
1967 1591 2015 1616 est
2043 1595 2191 1617 seorsum
2213 1595 2231 1616 a
2255 1594 2404 1627 corpore,
2419 1582 2500 1623 dum

1421 1633 1509 1663 vivit.
1527 1632 1614 1672 Ergo
1638 1640 1706 1662 non
1730 1636 1778 1662 est
1794 1640 1923 1671 corpus.
1938 1649 1962 1653 —
1976 1630 2136 1661 Probatur
2150 1630 2396 1671 consequentia.
2411 1626 2500 1669 Quia

1422 1676 1489 1708 duo
1514 1685 1652 1716 corpora
1675 1685 1744 1706 non
1767 1681 1906 1716 possunt
1928 1675 2025 1706 simul
2049 1684 2128 1706 esse.
2403 1679 2408 1682 '

1482 1721 1602 1752 Tertio.
1627 1720 1662 1751 Si
1677 1725 1760 1751 esset
1776 1729 1906 1760 corpus,
1922 1719 2055 1750 haberet
2070 1718 2192 1760 aliquid
2212 1718 2301 1750 aliud
2316 1718 2498 1751 continens.

1422 1766 1463 1797 Et
1486 1771 1564 1796 tunc
1579 1763 1660 1796 illud
1682 1765 1784 1804 magis
1801 1769 1884 1796 esset
1899 1764 2022 1795 anima:
2041 1773 2117 1794 cum
2133 1763 2310 1801 videamus,
2326 1762 2498 1795 recedente

1422 1810 1539 1846 anima,
1564 1818 1684 1850 corpus
1714 1808 1855 1840 dissolvi.
1887 1808 1994 1845 Tunc,
2024 1808 2051 1838 si
2080 1807 2161 1839 illud
2184 1809 2355 1839 continens
2381 1809 2499 1839 iterum

1422 1855 1481 1885 erit
1504 1863 1624 1894 corpus
1640 1854 1706 1885 sive
1723 1852 1890 1890 divisibile,
1907 1858 1963 1883 aut
1985 1857 2117 1893 oportet
2131 1851 2283 1883 devenire
2306 1851 2346 1883 ad
2364 1851 2499 1893 aliquod

1422 1898 1614 1930 indivisibile
1630 1903 1662 1929 et
1683 1898 1926 1938 incorporeum,
1943 1896 2035 1937 quod
2051 1897 2110 1927 erit
2124 1897 2247 1927 anima:
2272 1902 2329 1927 aut
2349 1897 2408 1928 erit
2421 1905 2500 1938 pro-

1422 1952 1530 1974 cessus
1553 1943 1587 1973 in
1609 1941 1784 1973 infinitum.
1802 1941 1991 1973 Secundum
2010 1946 2059 1971 est
2080 1940 2293 1982 impossibile.
2317 1941 2404 1982 Ergo
2419 1940 2499 1973 dan-

1421 1987 1502 2018 dum
1525 1992 1572 2018 est
1594 1987 1749 2027 primum.
1772 2003 1796 2008 —
1818 1986 1976 2016 Probatur
1998 1985 2103 2026 prima
2133 1986 2379 2026 consequentia.
2411 1985 2500 2025 Quia

1421 2040 1521 2062 omne
1544 2039 1663 2071 corpus
1680 2035 1728 2061 est
1751 2028 1919 2061 divisibile.
1945 2029 2053 2061 Omne
2070 2033 2179 2060 autem
2195 2028 2353 2060 divisibile
2375 2028 2499 2072 indiget

1421 2076 1532 2116 aliquo
1557 2075 1745 2106 continente
1769 2079 1801 2105 et
1823 2075 1958 2105 uniente
1980 2078 2087 2114 partes
2111 2074 2191 2105 eius.
2499 2083 2501 2086 ·

1476 2120 1529 2150 IV.
1550 2118 1689 2156 Quarto.
1706 2119 1825 2149 Anima
1841 2124 1888 2150 est
1902 2127 2039 2150 movens
2057 2127 2126 2149 non
2142 2122 2281 2149 motum.
2299 2118 2386 2159 Ergo
2402 2123 2463 2150 etc.
2474 2135 2499 2142 —-

1420 2164 1512 2195 Patet
1534 2164 1779 2204 consequentia.
1803 2163 1890 2202 Quia
1911 2163 2040 2194 nullum
2064 2171 2184 2203 corpus
2206 2167 2319 2193 movet
2333 2171 2402 2194 non
2424 2171 2499 2195 mo—

1420 2215 1502 2245 tum,
1525 2214 1563 2239 ut
1590 2209 1738 2249 superius
1762 2213 1809 2238 est
1837 2213 2015 2239 ostensum.
2038 2225 2062 2229 -
2084 2206 2290 2238 Antecedens
2319 2216 2398 2239 vero
2421 2216 2499 2249 pro-

1421 2254 1524 2284 batur.
1549 2252 1635 2291 Quia
1651 2258 1698 2284 est
1713 2261 1786 2293 pars
1801 2261 1938 2284 movens
1961 2251 2124 2283 animalis:
2141 2261 2216 2292 pars
2231 2251 2319 2282 enim
2334 2253 2498 2285 moventis

1421 2298 1564 2339 seipsum
1588 2306 1671 2338 quae
1695 2302 1743 2328 est
1765 2306 1913 2334 movens,
1937 2301 1984 2328 est
2006 2305 2144 2327 movens
2165 2305 2235 2327 non
2258 2300 2398 2327 motum.

1480 2351 1509 2372 2.
1529 2342 1565 2372 ln
1580 2342 1640 2375 hac
1656 2341 1780 2372 ratione
1796 2341 1855 2372 tria
1871 2345 2048 2372 occurrunt
2064 2340 2171 2372 dubia.
2188 2339 2334 2371 Primum
2350 2345 2398 2372 est
2413 2340 2497 2372 circa

1422 2385 1626 2417 antecedens.
1656 2386 1743 2417 Cum
1771 2386 1859 2417 enim
1885 2386 1919 2416 in
1949 2390 2104 2416 movente
2133 2385 2277 2425 seipsum
2304 2385 2344 2415 sit
2369 2389 2497 2416 tantum

1421 2440 1487 2462 una
1510 2430 1616 2461 forma
1639 2430 1865 2467 substantialis,
1882 2434 2013 2471 oportet
2032 2434 2069 2460 ut
2092 2438 2221 2470 eorpus,
2246 2437 2331 2470 quae
2353 2434 2402 2461 est
2423 2438 2497 2471 pars

1422 2480 1511 2506 mota
1527 2475 1684 2511 animalis,
1707 2474 1849 2506 animam
1864 2474 2018 2506 includat.
2035 2473 2077 2505 Et
2091 2483 2150 2515 per
2169 2482 2385 2513 consequens,
2403 2479 2497 2507 moto

1423 2528 1571 2560 corpore,
1587 2519 1695 2550 anima
1710 2524 1870 2550 movetur.
1887 2519 1974 2559 Ergo
1991 2519 2099 2549 anima
2120 2527 2190 2549 non
2214 2523 2262 2549 est
2275 2527 2414 2551 movens
2427 2527 2499 2551 non

1422 2570 1561 2595 motum.

1478 2606 1667 2639 Secundum
1697 2606 1844 2643 dubium,
1869 2616 1908 2637 ex
1939 2606 2053 2638 eadem
2085 2605 2191 2637 radice
2220 2606 2427 2647 proveniens,
2451 2611 2500 2638 est

1424 2653 1507 2684 circa
1537 2651 1626 2682 illam
1655 2651 1926 2692 propositionem,
1951 2650 2069 2682 Anima
2093 2655 2141 2681 est
2163 2660 2247 2691 pars
2273 2659 2406 2682 movens
2427 2651 2500 2683 ani-

1423 2697 1529 2728 malis.
1554 2695 1642 2728 Cum
1669 2696 1757 2726 enim
1787 2695 1873 2726 idem
1904 2705 1974 2726 non
2004 2696 2045 2726 sit
2071 2704 2209 2726 movens
2239 2699 2272 2726 et
2301 2701 2441 2733 motum,
2470 2696 2500 2728 ei

1424 2742 1531 2772 anima
1554 2746 1602 2772 est
1623 2749 1772 2777 movens,
1796 2741 1943 2781 sequitur
1969 2745 2006 2771 ut
2033 2749 2102 2771 non
2129 2740 2287 2780 pertineat
2309 2739 2350 2771 ad
2373 2745 2500 2781 partem

1423 2791 1547 2817 motam
1571 2790 1728 2826 tanquam
1751 2785 1820 2816 eius
1844 2783 1958 2816 forma.
1975 2784 2063 2826 Ergo
2079 2789 2135 2815 aut
2157 2783 2227 2815 sola
2248 2785 2381 2816 materia
2395 2785 2500 2826 prima

1424 2831 1484 2862 erit
1506 2839 1579 2871 pars
1601 2834 1692 2861 mota
1706 2830 1741 2860 in
1764 2829 1905 2866 animali,
1922 2835 1954 2860 et
1973 2839 2042 2860 non
2058 2838 2191 2870 corpus:
2209 2833 2265 2860 aut
2287 2838 2407 2870 corpus
2429 2838 2500 2862 non

1424 2875 1483 2906 erit
1506 2883 1625 2915 corpus
1648 2883 1706 2915 per
1729 2874 1882 2910 animam,
1899 2872 1955 2904 sed
1978 2883 2036 2914 per
2059 2873 2154 2904 aliam
2177 2871 2326 2904 formam.
2347 2872 2500 2913 Quorum

1423 2925 1601 2960 utrumque
1624 2919 1658 2949 in
1681 2917 1828 2950 doctrina
1851 2918 1960 2950 Sancti
1983 2918 2134 2949 Thomae
2156 2916 2274 2949 falsum
2297 2923 2345 2949 est
2355 2919 2383 2949 ·.

1479 2963 1628 2994 Tertium
1652 2968 1700 2993 est
1715 2963 1799 2994 circa
1821 2962 1909 2994 illam
1933 2963 2203 3003 propositionem,
2219 2962 2357 2993 Nullum
2379 2971 2501 3004 corpus

1424 3012 1531 3039 movet
1546 3008 1609 3038 nisi
1627 3012 1760 3038 motum.
1778 3006 1967 3039 Secundum
1983 3008 2071 3039 enim
2088 3006 2268 3038 doctrinam
2284 3006 2394 3039 Sancti
2409 3006 2501 3040 Tho-

1424 3062 1498 3084 mae
1520 3052 1627 3083 Prima
1650 3051 1752 3088 Parte,
1777 3062 1808 3093 q.
1833 3061 1915 3089 var,
1939 3062 1967 3083 a.
1986 3051 2016 3088 3,
2040 3051 2081 3082 ad
2106 3061 2136 3088 2,
2159 3051 2286 3082 caelum
2310 3060 2501 3094 myreu-

1424 3097 1519 3128 habet
1542 3096 1746 3136 influentiam
1769 3105 1869 3137 super
1891 3104 2034 3138 corpora
2064 3105 2149 3137 quae
2177 3100 2358 3127 moventur.
2383 3095 2426 3127 Et
2451 3099 2498 3127 ta-

1424 3150 1500 3172 men
1516 3141 1625 3181 ipsum
1641 3145 1689 3172 est
1707 3140 1886 3171 immobile.
1910 3139 1998 3182 Ergo
2014 3138 2147 3181 aliquod
2163 3149 2283 3181 corpus
2298 3143 2410 3171 movet
2430 3147 2499 3170 non

1424 3190 1563 3216 motum.

1482 3230 1512 3260 3.
1528 3228 1580 3260 Ad
1597 3229 1740 3270 primum
1755 3229 1875 3260 horum
1887 3228 2004 3260 dicitur
2019 3228 2120 3269 quod,
2135 3228 2212 3260 licet
2222 3228 2329 3258 anima
2341 3227 2381 3258 sit
2395 3225 2500 3258 forma

1426 3275 1523 3315 partis
1546 3278 1656 3304 motae
1679 3273 1836 3310 animalis,
1852 3282 1921 3304 non
1937 3272 2046 3304 tamen
2061 3277 2212 3304 movetur
2233 3280 2292 3312 per
2314 3280 2349 3302 se
2372 3270 2414 3302 ad
2428 3280 2500 3302 mo—

1425 3324 1497 3349 tum
1520 3317 1605 3348 illius
1628 3318 1736 3358 partis,
1753 3316 1810 3348 sed
1833 3322 1959 3348 tantum
1975 3327 2033 3359 per
2048 3315 2207 3352 accidens,
2231 3314 2272 3346 ad
2294 3320 2423 3346 motum
2439 3315 2500 3346 sci-

1426 3362 1502 3394 licet
1525 3362 1681 3403 corporis.
1706 3361 1846 3393 Intendit
1862 3367 1970 3392 autem
1993 3361 2129 3392 Sanctus
2144 3359 2290 3390 Thomas
2313 3359 2375 3396 hic,
2400 3365 2432 3390 et
2453 3365 2501 3391 est

1427 3406 1467 3437 de
1483 3411 1593 3437 mente
1608 3406 1799 3443 Aristotelis,
1811 3405 1884 3436 VIII
1900 3405 1998 3447 Phys.
2012 3406 2039 3442 ⁹,
2055 3404 2196 3435 animam
2207 3412 2276 3434 esse
2288 3409 2412 3444 partem
2427 3413 2501 3435 mo-

1428 3456 1568 3487 ventem,
1593 3449 1650 3481 sed
1672 3460 1741 3482 non
1763 3456 1889 3482 motam
1916 3459 1974 3490 per
1995 3458 2031 3480 se
2059 3447 2240 3479 secundum
2264 3447 2356 3489 quod
2377 3454 2499 3480 movet.

1484 3494 1536 3526 Ad
1559 3494 1740 3527 secundum
1763 3494 1890 3531 dicitur,
1913 3502 1952 3525 ex
1981 3492 2126 3524 doctrina
2154 3491 2263 3523 Sancti
2293 3492 2443 3524 Thomae
2467 3493 2501 3524 in

1429 3539 1493 3577 Qu.
1518 3539 1558 3570 de
1573 3539 1701 3575 Anima,
1726 3548 1754 3570 a.
1772 3549 1803 3579 9,
1820 3537 1861 3569 ad
1876 3537 1908 3574 6,
1924 3536 2015 3578 quod
2037 3536 2144 3568 anima
2166 3537 2312 3568 animalis
2335 3542 2368 3568 et
2390 3537 2502 3568 unitur

1429 3583 1581 3614 materiae
1604 3582 1785 3614 secundum
1812 3591 1891 3618 esse,
1915 3585 1948 3612 et
1975 3585 2127 3621 operatur
2153 3590 2190 3611 ac
2219 3586 2332 3612 movet
2360 3590 2419 3622 per
2440 3590 2501 3622 po-

1429 3628 1544 3659 tentias
1561 3637 1644 3658 suas.
1669 3626 1746 3658 Ideo
1769 3626 1833 3657 alio
1848 3624 1951 3657 modo
1967 3629 2016 3655 est
2029 3634 2177 3662 movens,
2194 3631 2226 3656 et
2248 3625 2312 3657 alio
2335 3624 2437 3656 modo
2454 3630 2502 3656 est

1430 3681 1502 3712 pars
1526 3671 1669 3703 formalis
1692 3671 1738 3703 rei
1760 3674 1879 3701 motae.
1904 3668 1961 3700 Est
1977 3669 2064 3700 enim
2079 3678 2216 3701 movens
2239 3679 2297 3711 per
2319 3669 2501 3710 potentiam

2551 2918 2743 2945 Germ-hiemt

2669 2950 2742 2972 1-Μῖ

2535 3003 2572 3023 oo.
2587 2997 2628 3022 eit.
2642 2971 2742 3022 infr-2⁸&

2526 3406 2537 3417 ·
2551 3404 2589 3428 ot.
2603 3405 2649 3428 loe.
2664 3404 2704 3427 dt.
2717 3403 2743 3427 in

2526 3435 2600 3460 textu,
2611 3437 2636 3455 a.
2644 3437 2669 3459 4.
