2742 4152
32 941 53 967 -i-
68 939 162 962 Auroe.
184 938 246 960 Vn.

33 972 62 988 ιι·
82 972 123 988 ιι.

33 992 93 1041 aii}
102 998 136 1040 6¹1¹
147 998 245 1047 1427}ss

34 1053 54 1071 v;
71 1053 90 1067 s.
100 1045 145 1067 Th.
161 1045 174 1067 Ι.
187 1052 209 1073 9.

30 1410 40 1420 ·
56 1408 110 1430 vlu
131 1407 209 1435 Phys„
226 1413 241 1433 ις

31 1442 51 1457 ι.
61 1435 107 1457 Th.
122 1435 136 1455 l.
147 1440 167 1456 2.

277 267 327 305 32
872 262 1060 300 SUMMA
1091 260 1314 298 CONTRA
1342 259 1620 307 GENTILES,
1651 260 1762 297 CAP.
1784 261 1879 301 XIII.

274 346 323 385 Et
346 353 401 382 est
423 344 516 381 talis.
546 343 587 380 Id
607 343 714 392 quod
734 349 867 378 movet
894 339 1242 385 instrumentaliter,
1263 350 1344 375 non
1400 339 1564 375 alterans
1591 346 1798 376 moveatur
1825 339 2046 377 secundum
2074 341 2219 388 locum,
2245 349 2283 379 et
2309 354 2478 381 movens

274 406 399 448 potest
426 407 585 434 movere
614 395 687 432 nisi
716 395 761 432 sit
786 393 931 444 aliquid
951 393 1059 443 quod
1087 391 1345 442 principaliter
1400 392 1619 429 secundum
1648 393 1781 429 locum
1809 400 2006 441 augeatur,
2020 398 2068 430 'et
2097 393 2150 431 sic
2177 394 2227 432 de
2255 395 2354 442 aliis;
2383 408 2476 434 cum

274 458 440 491 moveat.
463 449 541 487 Sed
556 448 586 485 si
605 448 645 486 in
664 448 862 485 infinitum
877 447 1110 497 procedatur
1128 446 1168 483 in
1183 457 1343 483 moven-
1399 444 1474 481 sint
1491 444 1601 482 finita
1619 457 1761 493 genera
1779 454 1817 483 et
1835 446 1983 495 species
2002 454 2146 494 motus,
2165 456 2350 498 sequetur
2367 451 2476 500 quod

274 503 374 540 tibus
394 511 430 539 et
448 502 575 550 motis,
592 502 726 539 omnia
746 510 858 539 erunt
877 501 987 551 quasi
1006 498 1345 538 instrumentaliter
1399 509 1481 534 non
1500 497 1546 535 sit
1565 498 1671 535 abire
1697 498 1738 536 in
1761 498 1971 537 infinitum.
1992 501 2042 537 Et
2061 499 2116 538 sic
2133 500 2204 538 erit
2221 501 2381 551 aliquod
2399 502 2477 552 pri-

274 555 482 602 moventia,
512 556 604 605 quia
631 563 827 605 ponentur
862 554 959 592 sicut
993 552 1191 591 moventia
1223 560 1342 597 mota,
1366 566 1376 587 s
1399 563 1513 588 mum
1534 563 1701 589 movens
1720 553 1829 602 quod
1848 557 1931 590 non
1948 561 2133 591 movetur
2160 554 2209 592 ab
2238 554 2326 593 alio.
2346 578 2372 583 —
2390 555 2477 594 Nisi

274 609 367 646 nihil
400 617 531 646 autem
568 609 638 647 erit
665 609 762 646 sieut
789 608 999 658 principale
1028 617 1204 643 movens.
1239 606 1343 653 Ergo
1398 603 1495 641 sorte
1522 604 1661 654 aliquis
1689 605 1791 643 dicat
1827 607 1937 656 quod
1964 606 2032 644 fiat
2060 607 2219 645 reflexio
2247 609 2325 646 hoc
2353 610 2476 647 modo

274 662 369 699 nihil
397 663 630 700 movebitur,
1399 657 1519 706 quod,
1541 659 1743 708 completis
1770 659 1956 698 omnibus
1974 661 2180 709 generibus
2209 669 2246 699 et
2273 662 2478 712 speciebus

327 716 376 753 Et
404 715 457 754 sic
483 724 587 766 patet
622 715 799 765 probatio
835 714 1036 762 utriusque
1068 710 1343 762 propositionis
1399 718 1542 758 motuS,
1563 710 1706 749 iterum
1725 721 1901 763 oporteat
1919 714 2045 751 redire
2069 715 2118 752 ad
2146 715 2339 764 primum:
2369 724 2423 764 ut,
2445 716 2477 754 si

274 781 375 818 quae
395 770 689 819 supponebatur
706 768 746 805 in
765 767 890 818 prima
909 763 1248 804 demonstrationis
1267 763 1342 811 via,
1399 776 1567 802 movens
1601 766 1822 804 secundum
1853 768 1988 804 locum
2023 769 2214 816 alteretur,
2244 777 2282 807 et
2312 770 2477 808 alterans

274 835 353 872 qua
380 824 520 872 probat
538 823 757 860 Aristoteles
777 833 859 858 esse
878 822 1046 870 primum
1075 824 1257 855 motorem
1277 819 1343 854 im-
1359 835 1386 850 ιο
1399 826 1597 866 augeatur,
1616 818 1758 857 iterum
1786 831 1932 868 augens
1950 829 2159 859 moveatur
2182 823 2402 861 secundum
2420 825 2476 862 lo-

274 877 459 914 mohilem.
1399 883 1504 908 curn.
1535 871 1614 909 Sed
1633 884 1680 910 ex
1699 873 1778 910 hoc
1796 877 1981 923 sequetur
1998 872 2102 911 idem
2123 876 2233 924 quod
2255 876 2363 926 prius
2371 881 2382 914 ε’
2405 877 2476 915 sci-

326 927 357 981 †
377 929 557 967 Secunda
570 928 634 966 via
647 927 730 965 talis
749 936 805 965 est
818 927 848 963 *.
875 925 916 963 Si
935 937 1053 962 omne
1072 936 1239 962 movens
1258 936 1343 962 mo-
1398 924 1485 962 licet
1521 925 1631 974 quod
1667 925 1708 963 id
1740 927 1850 976 quod
1884 934 2019 964 movet
2051 929 2272 967 secundum
2303 929 2476 980 aliquam

273 990 395 1028 vetur,
411 990 477 1020 aut
495 982 592 1019 haec
610 980 823 1031 propositio
843 987 898 1017 est
915 990 1009 1015 vera
1026 990 1098 1028 per
1116 990 1168 1025 se,
1189 986 1256 1016 aut
1273 990 1344 1028 per
1399 977 1570 1027 speeiem
1585 986 1728 1026 motuS,
1740 979 1960 1018 secundum
1975 980 2142 1018 eandem
2156 990 2374 1032 moveatur,
2390 984 2477 1024 licet

273 1036 461 1073 accidens.
501 1035 542 1073 Si
568 1046 639 1084 per
665 1035 854 1078 accidens,
883 1043 974 1081 ergo
1007 1043 1089 1069 non
1121 1039 1177 1069 est
1211 1044 1343 1070 neces·
1398 1044 1481 1069 non
1509 1031 1733 1070 immediate
1761 1034 1830 1071 sed
1857 1033 2037 1072 mediate.
2188 1039 2191 1041 ’

273 1088 388 1126 saria:
410 1089 518 1137 quod
537 1087 642 1125 enim
662 1095 718 1125 est
736 1099 806 1137 per
824 1086 1002 1124 accidens
1016 1097 1169 1133 verum,
1185 1097 1268 1123 non
1286 1094 1344 1124 est
1359 1104 1382 1125 ις
1452 1086 1555 1133 Ergo
1584 1085 1815 1135 relinquitur
1841 1087 1950 1136 quod
1978 1095 2132 1137 oportet
2153 1099 2301 1137 ponere
2324 1090 2478 1139 aliquod

271 1141 542 1179 necessarium.
564 1140 799 1189 Contingens
819 1147 875 1177 est
893 1151 984 1188 ergo
1004 1140 1158 1176 nullum
1176 1151 1343 1177 movens
1393 1140 1562 1188 primum
1593 1140 1694 1189 quod
1720 1152 1795 1178 non
1824 1143 1996 1178 movetur·
2022 1141 2148 1191 aliquo
2176 1144 2366 1180 exteriori.

272 1194 433 1232 moveri.
456 1195 532 1232 Sed
547 1194 578 1231 si
598 1205 763 1231 movens
782 1205 863 1231 non
882 1200 1077 1238 movetur,
1093 1204 1174 1230 non
1189 1201 1340 1231 movet:
1451 1190 1483 1244 †
1502 1191 1607 1239 Quia
1620 1204 1728 1241 vero,
1744 1194 1822 1231 hoc
1842 1194 1976 1231 habito
1996 1195 2106 1244 quod
2127 1194 2174 1232 sit
2193 1195 2369 1245 primum
2389 1208 2476 1234 mo-

271 1256 313 1286 ut
332 1247 574 1285 adversarius
588 1246 688 1285 dicit.
710 1248 812 1296 Ergo
832 1245 1059 1295 contingens
1078 1254 1135 1283 est
1148 1245 1245 1284 nihil
1258 1258 1342 1284 mo·
1397 1257 1494 1283 vens
1513 1246 1623 1295 quod
1643 1258 1725 1284 non
1743 1254 1928 1285 movetur
1945 1247 1995 1285 ab
2015 1247 2090 1285 alio
2110 1248 2300 1297 exteriori,
2315 1261 2399 1288 non
2417 1262 2476 1288 se-

270 1300 371 1338 veri:
400 1312 505 1347 narn,
535 1300 565 1338 si
593 1300 690 1338 nihil
720 1308 865 1347 movet,
898 1299 994 1337 nihil
1025 1307 1220 1337 movetur.
1254 1300 1342 1338 Hoc
1397 1298 1529 1349 quitur
1556 1299 1665 1349 quod
1694 1300 1741 1338 sit
1771 1299 1927 1351 penitus
1954 1300 2169 1349 immobile,
2197 1301 2288 1340 ideo
2316 1302 2476 1342 ulterius

270 1361 400 1391 autem
419 1353 536 1390 habet
548 1353 769 1392 Aristoteles
790 1366 863 1404 pro
882 1352 1124 1403 impossibili,
1143 1354 1252 1403 quod
1272 1353 1342 1391 sci·
1357 1374 1384 1389 ω
1396 1351 1572 1402 procedit
1589 1352 1822 1402 Aristoteles,
1842 1353 2010 1392 dicendo
2025 1355 2134 1404 quod
2152 1355 2232 1393 hoc
2248 1363 2374 1406 potest
2392 1369 2476 1395 esse

269 1407 353 1444 licet
372 1405 581 1455 aliquando
601 1409 730 1445 nullus
754 1415 886 1445 motus
914 1406 960 1444 sit
978 1406 1009 1444 *.
1039 1407 1144 1455 Ergo
1167 1406 1343 1456 primum
1397 1406 1612 1456 dupliciter.
1644 1407 1733 1445 Uno
1756 1407 1893 1454 modo,
1913 1407 1966 1446 ita
1983 1409 2092 1458 quod
2116 1407 2211 1446 illud
2234 1410 2408 1459 primum
2428 1410 2476 1448 sit

269 1472 349 1497 non
367 1459 437 1497 fuit
455 1460 698 1509 contingens:
720 1460 813 1510 quia
826 1473 873 1499 ex
891 1460 986 1498 falso
1005 1460 1242 1509 contingenti
1260 1472 1342 1498 non
1397 1460 1554 1510 penitus
1571 1459 1786 1498 immobile.
1817 1462 1911 1509 Quo
1938 1461 2080 1511 posito,
2103 1462 2272 1500 habetur
2297 1463 2476 1514 proposi-

269 1513 442 1563 sequitur
467 1513 607 1552 falsum
634 1513 885 1564 impossibile.
914 1512 964 1551 Et
991 1513 1045 1551 sic
1072 1514 1170 1551 haec
1197 1526 1342 1564 propo·
1397 1521 1498 1551 tum:
1528 1513 1679 1561 scilicet,
1709 1515 1818 1564 quod
1847 1514 1894 1552 sit
1921 1514 2080 1565 aliquod
2106 1515 2279 1565 primum
2308 1529 2476 1556 movens

269 1567 365 1612 sitio,
400 1567 521 1604 Omne
548 1580 701 1606 movens
719 1570 768 1606 ab
787 1568 862 1605 alio
881 1573 1064 1614 movetur,
1084 1579 1166 1604 non
1184 1567 1255 1605 fuit
1272 1571 1346 1617 per
1397 1566 1611 1605 immobile.
1632 1589 1658 1594 -
1677 1567 1765 1606 Alio
1791 1568 1926 1615 modo,
1946 1568 2056 1618 quod
2075 1568 2169 1606 inud
2187 1569 2362 1620 primum
2389 1582 2482 1610 mo·-

268 1620 446 1658 accidens
474 1632 578 1658 vera.
1357 1639 1380 1659 ις
1396 1628 1534 1658 veatur
1561 1633 1584 1658 a
1609 1620 1749 1671 seipso.
1777 1622 1827 1659 Et
1853 1622 1932 1660 hoc
1955 1621 2111 1660 videtur
2134 1623 2353 1672 probabile:
2382 1623 2478 1675 quia

321 1675 428 1721 Item,
444 1672 476 1710 si
490 1673 620 1724 aliqua
637 1674 720 1712 duo
740 1681 830 1712 sunt
848 1673 1056 1711 coniuncta
1074 1685 1146 1723 per
1163 1673 1343 1711 accidens
1397 1674 1510 1724 quod
1535 1681 1592 1712 est
1618 1686 1690 1724 per
1716 1686 1770 1722 se,
1799 1687 1956 1726 semper
1983 1684 2040 1713 est
2066 1675 2175 1726 prius
2203 1688 2252 1714 eo
2279 1677 2390 1727 quod
2418 1685 2476 1716 est

268 1727 307 1764 in
335 1726 478 1777 aliquo,
499 1734 536 1765 et
554 1739 682 1766 unum
705 1727 862 1765 illorum
879 1726 1077 1765 invenitur
1099 1726 1181 1764 sine
1209 1728 1340 1774 altero,
1397 1739 1468 1778 per
1494 1727 1617 1774 aliud;
1645 1728 1752 1766 unde
1772 1733 1809 1766 e't
1832 1728 1873 1766 in
1897 1728 2014 1766 motis
2037 1728 2212 1779 primum
2230 1738 2384 1769 motum
2415 1743 2474 1770 ra-

266 1780 467 1830 probabile
496 1788 552 1818 est
580 1781 689 1830 quod
717 1782 882 1819 alterum
910 1781 1060 1830 absque
1087 1779 1152 1818 illo
1175 1779 1343 1819 inveniri
1396 1780 1580 1819 tionabile
1609 1789 1665 1819 est
1691 1785 1766 1831 per'
1795 1781 1969 1832 seipsum
2003 1782 2168 1830 moveri,
2196 1795 2279 1821 non
2306 1784 2358 1822 ab
2384 1784 2472 1824 alio.

266 1833 404 1884 possit:
434 1833 543 1882 sicut,
573 1834 605 1871 si
633 1834 767 1872 album
795 1842 832 1872 et
859 1834 1058 1872 musicum
1090 1833 1344 1872 inveniuntur
1451 1835 1542 1882 Sed,
1571 1835 1649 1872 hoe
1681 1835 1784 1881 dato,
1812 1835 1955 1874 iterum
1983 1835 2089 1874 idem
2121 1836 2296 1886 sequitur
2313 1838 2345 1876 ⁸.
2378 1838 2474 1877 Non

267 1887 306 1925 in
327 1888 448 1935 Sorte,
469 1895 506 1926 et
524 1887 565 1925 in
584 1888 744 1926 Platone
762 1887 959 1925 invenitur
976 1887 1173 1925 musicum
1193 1887 1342 1937 absque
1358 1905 1384 1924 ιο
1397 1887 1503 1926 enim
1531 1895 1658 1938 potest
1690 1887 1766 1926 dici
1793 1889 1902 1939 quod
1935 1901 2103 1927 movens
2135 1889 2310 1940 seipsum
2346 1896 2474 1931 torum

267 1941 368 1986 albo,
387 1941 589 1991 probabile
609 1949 666 1979 est
684 1942 793 1991 quod
821 1941 861 1979 in
890 1941 1021 1991 aliquo
1049 1940 1126 1979 alio
1144 1940 1267 1990 possit
1284 1941 1341 1979 in-
1396 1949 1604 1979 moveatur
1626 1954 1649 1979 a
1671 1949 1772 1980 toto:
1799 1941 1893 1992 quia
1919 1942 1974 1980 sic
2001 1950 2258 1992 sequerentur
2278 1943 2475 1994 praedicta

266 1994 389 2032 veniri
417 1995 552 2032 album
579 1995 728 2045 absque
757 1994 920 2033 musico.
961 1994 1001 2033 Si
1033 1994 1148 2043 igitur
1174 2005 1341 2033 movens
1396 1994 1721 2041 inconvenientia,
1737 1995 1878 2033 scilicet
1896 1996 2006 2045 quod
2025 1995 2164 2046 aliquis
2182 1996 2300 2035 simul
2317 1997 2474 2037 doceret

267 2056 303 2085 et
330 2055 485 2086 motum
514 2047 805 2097 coniunguntur
831 2047 871 2085 in
899 2047 1032 2098 aliquo
1054 2059 1126 2098 per
1148 2047 1339 2095 accidens,
1396 2056 1433 2086 et
1447 2048 1662 2096 doceretur,
1677 2056 1715 2086 et
1733 2048 1958 2087 similiterin
1972 2048 2054 2087 aliis
2067 2049 2256 2096 motibus3
2275 2058 2313 2088 et
2331 2050 2474 2091 iterum

266 2109 421 2139 motum
435 2109 567 2139 autem
581 2101 777 2139 invenitur
795 2101 835 2139 in
854 2101 985 2152 aliquo
1000 2101 1149 2151 absque
1168 2113 1216 2139 eo
1231 2101 1340 2152 quod
1395 2102 1504 2152 quod
1524 2101 1669 2152 aliquid
1689 2102 1806 2140 simul
1824 2110 1924 2140 esset
1942 2102 1982 2140 in
2001 2103 2172 2153 potentia
2191 2111 2228 2141 et
2251 2112 2351 2153 actu,
2378 2117 2472 2144 nam

266 2163 436 2204 moveat,
464 2155 665 2205 probabile
699 2163 755 2193 est
782 2155 891 2205 quod
923 2167 1090 2193 movens
1121 2154 1379 2198 inveniatur„
1395 2167 1573 2203 movens,
1593 2155 1833 2205 inquantum
1852 2155 2095 2203 huiusmodi,
2115 2164 2172 2194 est
2195 2165 2296 2204 actu,
2315 2166 2472 2197 motum

267 2209 415 2258 absque
449 2221 496 2246 eo
530 2209 638 2258 quod
671 2217 888 2247 moveatur.
917 2231 944 2236 —
975 2209 1061 2246 Nec
1092 2216 1226 2246 contra
1263 2210 1341 2247 hoc
1395 2221 1490 2247 vero
1504 2209 1546 2247 in
1563 2209 1747 2259 potentia.
1764 2209 2011 2260 Relinquitur
2028 2209 2142 2259 igitur
2155 2210 2264 2260 quod
2283 2223 2364 2250 una
2382 2224 2472 2262 pars

267 2270 393 2312 potest
419 2261 504 2299 fieri
532 2261 710 2300 instantia
742 2262 792 2300 de
824 2262 982 2300 duobus
1011 2274 1184 2312 quorum
1212 2274 1339 2300 unum
1395 2262 1479 2300 eius
1507 2270 1562 2300 est
1590 2275 1757 2301 movens
1784 2271 1947 2311 tantum,
1977 2271 2014 2301 et
2040 2265 2158 2301 altera
2185 2271 2304 2302 mota.
2340 2266 2390 2303 Et
2416 2265 2472 2304 sic

267 2316 316 2353 ab
336 2317 455 2354 altero
479 2315 689 2365 dependet:
720 2315 812 2366 quia
835 2316 932 2353 haec
949 2327 1031 2353 non
1050 2314 1340 2364 coniunguntur
1395 2316 1560 2354 habetur
1587 2316 1693 2354 idem
1720 2317 1828 2367 quod
1857 2316 1984 2367 prius:
2014 2316 2156 2355 scilicet
2182 2318 2293 2367 quod
2324 2318 2472 2369 aliquid

267 2382 337 2419 per
364 2382 416 2417 se,
446 2369 512 2407 sed
542 2381 613 2419 per
639 2369 829 2407 accidens.
1395 2369 1441 2407 sit
1468 2381 1635 2408 movens
1662 2369 1876 2408 immobile.

322 2422 363 2461 Si
391 2431 523 2460 autem
549 2422 744 2472 praedicta
766 2421 981 2473 propositio
1001 2430 1057 2460 est
1075 2434 1168 2460 vera
1191 2435 1262 2472 per
1284 2435 1338 2470 se,
1354 2442 1382 2463 40
1447 2421 1479 2476 †
1493 2424 1586 2462 Non
1601 2432 1734 2462 autem
1748 2432 1875 2474 potest
1888 2423 1964 2462 dici
1978 2423 2088 2474 quod
2102 2432 2266 2474 utraque
2281 2437 2372 2475 pars
2385 2437 2471 2464 rno-

267 2476 439 2514 similiter
469 2475 644 2526 sequitur
680 2476 917 2526 impossibile
953 2477 1016 2513 vel
1048 2475 1338 2514 inconveniens.
1394 2485 1541 2525 veatur,
1561 2476 1613 2515 ita
1641 2478 1750 2527 quod
1769 2490 1849 2515 una
1876 2477 1926 2515 ab
1945 2478 2079 2523 altera;
2104 2489 2234 2527 neque
2253 2479 2362 2528 quod
2390 2491 2471 2518 una

268 2530 372 2578 Quia
399 2531 460 2567 vel
490 2538 641 2580 oportet
659 2530 768 2580 quod
787 2541 954 2568 movens
976 2537 1183 2567 moveatur
1200 2530 1339 2568 eadem
1394 2542 1484 2580 pars
1506 2539 1665 2569 moveat
1692 2530 1860 2581 seipsam
1890 2538 1926 2568 et
1953 2538 2112 2569 moveat
2129 2532 2311 2578 alteram;
2340 2544 2473 2583 neque

267 2583 393 2634 specie
412 2591 544 2621 motus
562 2596 641 2633 qua
660 2591 805 2629 movet,
825 2585 888 2621 vel
907 2582 990 2621 alia.
1015 2583 1056 2622 Si
1076 2583 1226 2630 eadem,
1247 2595 1338 2633 ergo
1395 2584 1503 2634 quod
1530 2592 1658 2622 totum
1690 2593 1848 2622 moveat
1885 2591 2055 2634 partem;
2085 2596 2214 2634 neque
2243 2586 2353 2635 quod
2380 2598 2477 2636 pars·

267 2636 458 2687 oportebit
476 2637 584 2687 quod
603 2639 767 2675 alterans
786 2638 976 2682 alteretur,
996 2645 1034 2674 et
1051 2636 1211 2675 ulterius
1230 2637 1339 2687 quod
1394 2646 1552 2676 moveat
1570 2646 1712 2676 toturn:
1733 2637 1826 2688 quia
1840 2645 2095 2688 sequerentur
2111 2638 2325 2688 praemissa
2338 2639 2470 2678 incon-

266 2703 407 2728 sanans
435 2698 602 2738 sanetur,
632 2698 669 2729 et
696 2691 803 2740 quod
828 2691 974 2729 docens
1001 2691 1198 2737 doceatur,
1219 2699 1255 2728 et
1283 2703 1338 2729 se·
1353 2710 1378 2731 ις
1393 2691 1600 2739 venientia,
1621 2691 1761 2729 scilicet
1781 2691 1891 2741 quod
1919 2691 2064 2741 aliquid
2093 2691 2210 2730 simul
2237 2701 2416 2732 moveret
2433 2701 2471 2732 et

265 2745 439 2782 cundum
469 2744 636 2782 eandem
663 2744 874 2782 scientiam.
910 2745 996 2782 Hoc
1023 2752 1155 2783 autem
1183 2753 1239 2782 est
1267 2744 1339 2782 irn-
1393 2753 1619 2783 moveretur
1636 2745 1857 2783 secundum
1875 2745 2043 2783 eandem
2061 2745 2233 2796 speciem
2260 2754 2409 2793 motus3
2433 2754 2471 2785 et

265 2797 462 2848 possibile:
478 2810 572 2836 narn
587 2798 793 2836 docentem
808 2810 965 2836 necesse
979 2798 1198 2836 esthabere
1217 2798 1338 2836 scien·
1393 2799 1502 2848 quod
1530 2798 1646 2837 simul
1674 2807 1773 2837 esset
1792 2798 1832 2836 in
1859 2798 2031 2849 potentia
2054 2807 2091 2837 et
2114 2807 2222 2845 actu.)
2245 2808 2283 2838 et
2310 2799 2470 2839 ulterius

264 2851 369 2898 tiam,
398 2851 662 2890 addiscentem
681 2864 775 2890 vero
795 2863 952 2890 necesse
981 2859 1036 2889 est
1063 2863 1146 2889 non
1173 2852 1336 2898 habere;
1393 2853 1502 2902 quod
1535 2860 1662 2890 totum
1693 2864 1775 2890 non
1808 2860 1906 2890 esset
1942 2852 2072 2902 primo
2109 2865 2276 2892 movens
2313 2865 2366 2902 se,
2399 2854 2469 2892 sed

265 2913 302 2942 et
330 2904 384 2943 sic
411 2904 517 2943 idem
549 2905 756 2943 habebitur
793 2905 842 2943 ab
869 2906 1012 2943 eodem
1045 2913 1081 2943 et
1108 2917 1190 2943 non
1219 2906 1337 2943 habe·
1393 2905 1540 2944 ratione
1571 2905 1701 2956 partis.
1736 2905 1982 2956 Relinquitur
2009 2917 2101 2956 ergo
2133 2907 2243 2957 quod
2274 2907 2469 2946 moventis

265 2958 378 3004 bitur,
399 2958 507 3008 quod
527 2967 583 2996 est
601 2958 849 3008 impossibile.
866 2981 891 2986 -
907 2958 948 2997 Si
967 2966 1098 2996 autem
1117 2959 1336 2997 secundum
1354 2977 1380 2998 ςο
1393 2959 1567 3010 seipsum
1595 2967 1747 3010 oportet
1774 2972 1898 2998 unam
1925 2967 2077 3010 partem
2105 2972 2189 2999 esse
2223 2959 2467 3000 immobilem

265 3011 380 3049 aliam
409 3012 579 3062 speciem
607 3020 737 3050 motus
766 3021 959 3059 movetur,
981 3012 1032 3050 ita
1060 3011 1200 3050 scilicet
1227 3013 1337 3062 quod
1393 3021 1430 3050 et
1457 3021 1686 3051 moventem
1713 3013 1830 3052 aliam
1857 3021 2021 3064 partem.

321 3168 351 3186 12
372 3162 498 3186 Secunda.
516 3161 557 3186 Ab
576 3161 626 3187 hoc
644 3162 724 3187 verbo
743 3161 836 3194 incipit
854 3162 944 3187 codex
955 3162 1163 3195 Autographus;
1182 3162 1323 3196 signamus
1342 3163 1379 3192 A;
1398 3162 1471 3189 circa
1485 3163 1593 3188 modum
1608 3163 1722 3189 notandi
1734 3164 1872 3189 variantes
1884 3171 1902 3188 a
1917 3166 1996 3190 textu
2010 3164 2041 3195 A,
2054 3164 2141 3190 recole
2153 3170 2191 3189 ex
2203 3163 2378 3198 Praesatione
2389 3163 2466 3194 haec.-

266 3197 310 3222 ubi
329 3197 416 3222 nullus
435 3199 590 3222 nostrorum
614 3197 744 3222 librorum
764 3198 830 3231 legit
847 3205 907 3223 cum
927 3198 958 3229 A,
976 3198 1014 3223 ad
1028 3201 1137 3230 partem
1161 3200 1254 3223 textus
1273 3198 1300 3223 in
1320 3201 1386 3223 nota
1404 3198 1528 3231 rescripti
1551 3199 1694 3225 scribimus
1714 3208 1727 3222 α
1742 3199 1764 3224 Α
1783 3199 1856 3225 squs
1871 3207 1894 3230 »ς
1914 3199 1959 3224 ubi
1983 3199 2095 3225 varians
2113 3199 2148 3225 ab
2167 3207 2181 3223 e
2196 3200 2219 3224 A
2237 3200 2295 3224 solo
2309 3208 2322 3222 ι
2343 3206 2398 3224 una
2418 3203 2466 3229 est,

265 3233 456 3264 supprimimus
474 3233 645 3266 signaturam
662 3243 675 3255 ι
687 3240 778 3258 omnes
794 3241 821 3263 »ς
837 3233 882 3258 ubi
896 3233 979 3266 pauci
997 3240 1057 3259 cum
1076 3234 1099 3258 A
1118 3234 1221 3267 legunt,
1240 3240 1332 3259 eorum
1352 3234 1436 3267 sig1as
1454 3234 1595 3261 scribimus
1613 3235 1651 3260 ad
1670 3238 1776 3261 textum
1800 3235 1969 3268 rescriptum,
1989 3238 2015 3262 et
2036 3235 2062 3261 si
2082 3234 2195 3261 varians
2215 3242 2270 3260 una
2292 3238 2340 3265 est.
2359 3235 2466 3268 suppri—

267 3268 361 3293 mimus
379 3268 548 3302 signaturam
570 3279 581 3291 «
598 3269 682 3294 ceteri
696 3279 718 3293 ι.
812 3276 845 3301 24
864 3269 896 3294 ab
916 3269 967 3294 alio
986 3270 1008 3294 A
1027 3269 1115 3300 solun
1135 3277 1187 3295 om.
1281 3268 1314 3294 26
1334 3269 1403 3303 sunt]
1423 3270 1474 3295 sint
1489 3270 1562 3296 aDX.
1654 3271 1791 3297 coniuncta
1805 3271 1850 3296 ΟΥ
1863 3274 1889 3297 et
1903 3271 1926 3296 Η
1942 3271 1969 3296 in
1989 3270 2117 3304 suppletis
2122 3278 2132 3301 ,-
2150 3270 2244 3296 iuncta.
2335 3270 2466 3304 accidens]

266 3303 370 3336 aliquod
390 3304 507 3329 accidens
526 3304 625 3329 aEsW.
719 3303 752 3329 30
771 3304 900 3330 iuvenitur¹
919 3312 961 3340 qm
982 3305 1032 3331 «D.
1125 3304 1157 3330 38
1176 3303 1218 3339 ab]
1239 3304 1271 3330 de
1290 3313 1316 3330 α.
1407 3305 1536 3338 dependet
1554 3307 1576 3331 A
1595 3306 1680 3338 solun
1695 3306 1802 3332 addunt
1814 3311 1840 3332 et
1854 3314 1907 3332 non
1921 3314 1936 3332 e
1950 3313 2086 3337 convene,
2099 3306 2167 3331 sieut
2182 3310 2253 3339 patet
2271 3305 2303 3331 de
2321 3305 2467 3332 substantia

266 3344 292 3363 et
310 3339 449 3365 accidente.
545 3339 606 3373 quia
625 3339 689 3365 haec
710 3340 816 3373 (nempe
834 3340 930 3366 albedo
949 3344 975 3366 et
996 3340 1106 3371 musica,
1119 3341 1182 3366 item
1197 3347 1306 3366 movens
1323 3344 1350 3366 et
1365 3343 1478 3373 motum)
1498 3341 1572 3372 ΝΖὸς
1592 3342 1656 3368 haec
1670 3342 1750 3369 enim.
1841 3350 1894 3368 non
1909 3346 1975 3374 post
1992 3342 2184 3374 coniunguntur
2203 3339 2271 3373 GW,
2289 3345 2354 3367 ante
2371 3349 2419 3375 per
2437 3349 2468 3368 ee

266 3374 363 3399 omisso
377 3375 423 3399 sed
441 3374 473 3401 P.
563 3374 596 3407 45
617 3381 643 3400 et
661 3375 742 3410 quod]
762 3381 788 3401 et
807 3383 833 3401 α.
924 3381 950 3402 et
969 3375 1123 3410 secundum]
1144 3376 1221 3402 etiam
1241 3376 1385 3402 secundum
1407 3378 1476 3409 sGP,
1496 3378 1642 3403 secundum
1662 3378 1694 3404 D.
1786 3377 1814 3403 51
1838 3383 1960 3403 movetur
1977 3378 1999 3402 A
2018 3377 2104 3407 solun
2123 3382 2267 3402 moveatur.

321 3416 349 3434 n
372 3409 451 3444 prius]
471 3411 571 3444 pridem
587 3411 637 3442 BF,
650 3411 764 3444 primum
777 3412 810 3437 Χ.
903 3411 935 3437 13
956 3412 1015 3437 licet
1028 3413 1050 3437 A
1063 3412 1151 3441 solun
1164 3419 1217 3438 om.
1310 3411 1341 3437 15
1362 3412 1432 3445 Ergo
1446 3413 1489 3439 hic
1501 3414 1523 3438 A
1538 3414 1626 3442 sams,-
1636 3417 1699 3446 post
1711 3414 1874 3447 relinquitur.
1966 3412 1999 3439 16
2019 3411 2149 3446 movetur]
2169 3417 2305 3438 moveatur
2323 3412 2466 3439 GWZch.

267 3444 362 3478 aliquo]
377 3445 408 3470 ab
428 3446 516 3479 aliquo
534 3446 624 3472 DZPc.
717 3454 749 3480 ¹7
769 3448 839 3480 quod
858 3449 881 3473 A
897 3448 986 3476 solus:
1005 3447 1102 3473 scillcet
1120 3448 1202 3481 quod.
1295 3447 1327 3474 18
1346 3448 1378 3473 ab
1392 3448 1443 3474 alio
1456 3450 1479 3474 A
1493 3450 1582 3477 solus:
1600 3450 1689 3482 aliquo
1702 3449 1796 3479 GWY,
1809 3449 1842 3475 ab
1855 3449 1944 3482 aliquo
1957 3448 2048 3474 ceteri.
2135 3447 2167 3473 25
2187 3449 2276 3481 seipso
2293 3449 2316 3474 A
2328 3449 2415 3480 solun
2428 3456 2465 3474 se.

269 3479 297 3505 31
319 3481 498 3515 sequerentur]
512 3487 666 3515 sequeretur
678 3482 774 3508 αΕΥΖ.
865 3483 898 3515 34
917 3483 942 3508 in
956 3483 1072 3517 potentia
1084 3488 1110 3509 et
1122 3482 1190 3518 ectu]
1210 3484 1236 3509 in
1255 3488 1313 3509 actu
1326 3484 1389 3509 etin
1409 3485 1522 3517 potentis
1537 3485 1581 3510 Pe.
1673 3484 1706 3511 36
1725 3485 1802 3518 igitur
1819 3485 1843 3510 A
1854 3485 1941 3513 solun
1960 3491 2031 3518 ergo·
2113 3482 2157 3545 ἃ
2175 3483 2317 3509 immobile.
2338 3484 2467 3518 Sequitur

268 3515 294 3539 in
308 3515 331 3540 A
343 3522 426 3547 supra
440 3517 588 3550 marginem
608 3517 651 3543 hic
672 3517 859 3544 inserendum:
876 3519 963 3551 ipsum
983 3519 1053 3544 enim
1072 3518 1168 3545 habere
1186 3524 1288 3553 partem
1307 3520 1484 3545 necessarium
1504 3525 1552 3551 est,
1572 3528 1633 3546 eum
1651 3527 1731 3546 omne
1744 3527 1855 3546 movens
1874 3520 1908 3545 sit
1927 3519 2063 3551 divisibile,
2077 3526 2111 3552 qu
2166 3522 2339 3552 exspectares
2352 3523 2417 3552 post
2432 3519 2464 3553 37

268 3554 293 3574 et
316 3551 395 3576 altera
420 3557 490 3576 mota
509 3553 594 3577 locum
614 3553 718 3578 habere.
738 3554 803 3579 Post
825 3554 960 3579 immobile
980 3555 1104 3580 deIentur
1128 3555 1215 3581 lineae
1239 3555 1356 3589 triginta
1381 3559 1440 3581 octo
1461 3559 1488 3581 et
1511 3556 1679 3589 qulndeciun·
1697 3563 1757 3582 cum
1782 3555 1824 3581 hie
1848 3559 1874 3581 et
1898 3562 1982 3588 supra
2009 3555 2159 3589 marginem
2184 3555 2287 3588 scripta
2310 3555 2466 3582 virtualiter

268 3585 354 3610 deleta
373 3593 428 3611 esse
445 3588 597 3613 autumavit
616 3589 806 3621 transcriptor,
825 3597 887 3615 nam
908 3590 995 3615 nullus
1012 3591 1102 3616 codex
1114 3597 1146 3616 ea
1161 3590 1278 3616 exhibet.
1299 3591 1334 3616 Et
1346 3592 1453 3624 saepius
1467 3592 1573 3625 quidem
1589 3593 1616 3617 in
1630 3593 1653 3617 A
1666 3591 1766 3618 accidit
1785 3594 1815 3617 ut
1831 3598 1900 3624 quae
1913 3598 2010 3625 margo
2028 3591 2107 3616 habet
2120 3598 2174 3624 per
2191 3591 2349 3617 deletionem
2372 3595 2465 3617 textus

267 3621 420 3646 virtualiter
438 3625 542 3647 tantum
556 3623 703 3654 deleantur,
718 3625 766 3650 sed
784 3625 827 3651 hic
846 3632 888 3650 res
907 3625 987 3651 dubia
1001 3629 1049 3655 est,
1063 3634 1123 3652 cum
1141 3626 1222 3652 uerba
1237 3627 1370 3660 marginis
1389 3627 1427 3652 ad
1443 3628 1531 3653 deleta
1550 3634 1603 3653 non
1620 3627 1784 3660 pertineant.
1805 3626 1876 3658 Quia
1895 3630 1984 3652 tamen
2002 3633 2095 3652 sensus
2113 3629 2206 3652 textus
2225 3633 2278 3652 non
2295 3627 2421 3660 prohibet
2433 3634 2467 3653 ne

266 3655 362 3685 absint,
381 3657 515 3682 credimus
537 3659 735 3691 transcriptori.
827 3668 857 3692 4¹
881 3661 969 3695 ultera]
990 3662 1039 3687 aliu
1058 3661 1123 3688 ch.
1214 3670 1250 3694 44
1268 3662 1450 3696 sequerentur]
1471 3669 1627 3696 sequeretur
1645 3662 1770 3688 CEFXY.
1862 3661 1891 3688 51
1915 3668 1941 3688 οι
1959 3669 2002 3688 om
2017 3661 2112 3688 Gwv.

2497 1202 2524 1244 ,ἦ-
2537 1207 2568 1224 ar
2585 1202 2629 1226 bi.

2502 1832 2616 1856 ·van
2633 1840 2654 1856 e.
2669 1834 2717 1857 loe.

2501 1860 2552 1888 εἰη
2568 1866 2588 1883 ι.
2633 1850 2666 1883 .1’.
2679 1867 2718 1884 ιο.

2498 2432 2519 2459 ·Ι·
2533 2432 2571 2456 nil
2580 2437 2622 2461 mg
2630 2432 2716 2461 longit.
