2768 4134
51 960 64 970 ²
82 958 117 980 cf.
135 958 270 989 Commeat.

56 992 77 1007 c.
87 991 142 1012 xxx,
157 988 208 1007 init.

54 1316 65 1325 ·
80 1314 165 1342 Categ.
180 1319 197 1341 ι,
212 1319 234 1335 n.
247 1319 269 1335 2.

52 1449 63 1458 “
79 1447 114 1470 Cf.
131 1453 154 1468 n.
166 1453 196 1474 iv,
210 1445 262 1468 init.

55 2254 64 2263 '
79 2252 116 2274 cf.
131 2258 155 2274 n.
169 2258 181 2281 3
199 2251 268 2273 huius

55 2285 134 2308 parag.

305 267 355 315 98

875 263 1066 301 SUMMA
1095 262 1320 300 CONTRA
1343 261 1626 312 GENTILES,
1657 262 1768 301 CAP.
1789 264 1943 302 XXXlI.

303 345 521 382 secundum
540 343 648 393 quod
669 343 717 380 de
740 341 953 379 substantia
971 340 1227 391 praedicatur.
1258 340 1381 387 Quod
1435 340 1611 388 essentia,
1638 348 1679 378 et
1711 342 1842 380 bonus
1876 342 1990 392 quasi
2026 342 2111 393 ipsa
2147 341 2316 390 bonitas3
2345 343 2396 380 de
2430 318 2513 381 aliis

300 404 405 448 patet
439 408 522 434 esse
557 395 807 446 impossibile.
846 394 955 432 Nihil
989 402 1122 432 autern
1150 394 1199 432 de
1228 394 1315 431 Deo
1343 401 1380 430 et
1434 400 1567 431 autem
1593 394 1901 444 praedicationes
1928 395 2030 434 fiunt
2059 408 2133 446 per
2162 394 2511 447 participationem,

301 450 417 487 rebus
446 449 527 488 aliis
556 449 801 499 praedicatur
820 449 963 486 eodem
983 448 1133 495 ordine,
1154 447 1223 485 sed
1242 459 1378 485 secun-

301 503 398 540 dum
417 502 526 553 prius
545 511 582 540 et
600 502 809 553 posterius:
831 515 925 540 cum
944 502 993 539 de
1008 501 1094 539 Deo
1115 501 1250 539 omnia
1268 513 1378 551 prae-

1434 447 1532 484 sicut
1559 447 1692 485 Sortes
1720 446 1860 487 dicitur
1887 450 2010 488 homo
2039 462 2121 488 non
2146 448 2244 499 quia
2266 449 2314 487 sit
2336 449 2422 510 ipsa
2434 450 2512 489 hu·

1434 500 1611 560 manitaS,
1626 500 1695 538 sed
1710 501 1995 542 humanitatem
2013 503 2175 541 habens.
2196 502 2439 564 Impossibile
2457 511 2514 542 est

299 556 476 594 dicentur
502 556 764 602 essentialiter,
784 556 926 594 dicitur
941 555 1050 593 enim
1066 567 1140 592 ens
1159 554 1271 604 quasi
1294 554 1378 604 ipsa
1401 570 1410 590 ς
1434 553 1549 602 igitur
1565 553 1714 603 aliquid
1739 552 1791 592 de
1819 555 1906 594 Deo
1932 564 1971 594 et
1998 557 2116 594 rebus
2133 556 2217 595 aliis
2235 556 2407 594 univoce
2423 556 2510 594 dici.

351 671 392 697 b3
413 673 474 706 quia
492 673 516 698 A
533 672 619 704 solus;
638 672 719 706 quod.

812 671 826 697 5
847 671 906 706 dici]
926 671 1069 705 praedicari
1087 671 1132 696 DZ
1151 675 1177 697 et
1196 671 1219 697 N
1238 674 1302 696 ante
1319 670 1438 697 univoce.

1063 768 1403 803 Commenta-ria
1432 767 1746 802 Ferrea-tensis

354 878 503 899 osmunt
526 867 751 898 determinavit
774 867 911 899 Sanctus
935 867 1081 898 Thomas
1105 866 1146 897 de
1169 866 1286 897 divinis
1315 877 1376 898 no·

302 880 496 944 Pminibus
527 913 686 949 absolute,
716 922 805 943 nunc
834 912 876 943 de
906 912 984 952 ipsis
1022 912 1242 951 comparative
1272 911 1376 942 deter-

297 958 400 989 minat
414 959 442 988 *.
467 957 563 988 Circa
584 958 649 988 hoc
672 963 782 988 autem
805 957 872 988 duo
897 955 986 987 facit:
1011 957 1130 996 primo,
1149 956 1220 996 ipsa
1241 957 1377 988 nomina

298 1002 339 1034 ad
361 1012 411 1034 res
434 1002 627 1043 significatas
658 1007 838 1042 compar-an
869 999 1027 1037 secund0‚
1048 1001 1121 1041 ipsa
1147 1001 1231 1032 inter
1257 1010 1291 1032 se
1315 1011 1377 1032 no-

297 1048 396 1084 mina,
409 1047 514 1087 capite
520 1056 616 1078 -xxxv,
628 1064 651 1069 —-
664 1046 837 1085 Quantum
852 1045 893 1076 ad
905 1046 1062 1086 primum,
1072 1050 1136 1076 tres
1147 1046 1377 1077 conclusiones

297 1092 401 1133 ponit.
422 1092 531 1122 Prima
553 1092 587 1122 in
617 1091 682 1122 hoc
712 1091 816 1131 capite
842 1091 990 1131 ponitut;
1015 1090 1167 1127 secunda,
1195 1091 1301 1131 capite
1322 1100 1376 1123 ‹se-

298 1137 426 1177 quenti3
451 1137 552 1172 tertia..
577 1136 681 1176 capite
704 1146 808 1166 xxxw.

353 1181 376 1212 Ι.
400 1181 506 1211 Prima
529 1181 638 1221 itaque
663 1180 832 1211 conclusio
855 1185 919 1211 est:
943 1180 1083 1211 Nullum
1104 1190 1224 1212 nomen
1249 1180 1289 1211 de
1303 1181 1376 1212 Deo

297 1231 329 1257 et
351 1226 427 1257 aliis
451 1226 546 1256 rebus
562 1230 672 1266 potest
692 1225 830 1256 univoce
846 1224 1049 1265 praedicari.
1074 1225 1116 1255 Et
1131 1226 1289 1265 accipitur
1305 1225 1378 1256 uni-

297 1280 375 1303 voce
392 1270 584 1311 praedicari
608 1269 819 1300 conformiter
843 1269 884 1300 ad
907 1269 1132 1300 definitionem
1159 1270 1378 1301 univocorum

296 1316 436 1357 positam
452 1316 492 1345 ab
508 1315 682 1345 Aristotele
697 1315 731 1345 in
747 1314 1025 1346 Praedicamentis
1041 1315 1068 1351 *,
1092 1319 1130 1345 ut
1151 1315 1275 1346 scilicet
1290 1314 1377 1346 idem

296 1362 336 1392 sit
368 1360 509 1391 univoce
542 1359 719 1401 praedicari
742 1359 833 1400 quod
857 1359 1039 1390 secundum
1059 1368 1160 1390 unam
1183 1365 1216 1390 et
1239 1359 1376 1391 eandem

297 1405 433 1437 omnino
457 1405 617 1435 rationem
640 1404 788 1445 pluribus
812 1405 997 1435 convenire.
1352 1446 1354 1448 v

351 1450 517 1481 Probatur
533 1450 644 1490 primo
661 1450 688 1480 *.
713 1449 852 1480 Formae
875 1459 987 1481 earum
1007 1458 1116 1480 rerum
1133 1458 1271 1490 quarum
1287 1449 1376 1482 Deus

297 1501 345 1527 est
361 1505 466 1531 causa,
484 1494 524 1525 ad
540 1495 683 1536 speciem
699 1493 827 1526 divinae
842 1494 968 1526 virtutis
981 1503 1052 1526 non
1067 1494 1272 1535 perveniunt.
1286 1494 1376 1536 Ergo

297 1540 337 1572 de
360 1540 432 1571 Deo
457 1545 489 1570 et
511 1541 607 1570 rebus
631 1539 700 1570 aliis
723 1539 803 1570 nihil
826 1540 967 1570 univoce
984 1538 1048 1570 dici
1064 1544 1182 1580 potest.
1198 1557 1221 1562 -
1235 1541 1376 1572 Antece-

297 1585 376 1616 dens
398 1585 564 1626 probatur.
589 1584 676 1623 Quia
699 1589 863 1615 creaturae
880 1594 932 1615 eas
949 1584 1077 1615 divisim
1093 1589 1126 1615 et
1145 1585 1377 1624 particulariter

295 1630 466 1670 recipiunt,
490 1630 525 1660 in
549 1630 620 1660 Deo
645 1634 754 1660 autem
777 1629 965 1670 simpliciter
988 1634 1020 1659 et
1044 1629 1265 1661 universaliter
1286 1631 1377 1662 inve-

295 1676 439 1706 niuntur.
455 1692 477 1696 -
495 1673 740 1714 Consequentia
758 1683 836 1704 vero
855 1678 953 1714 patet.
977 1673 1066 1712 Quia
1085 1674 1219 1706 effectus
1235 1676 1376 1716 quinon

296 1720 411 1760 recipit
432 1718 572 1750 formam
595 1717 735 1749 similem
759 1718 943 1749 secundum
966 1719 1109 1759 speeiem
1139 1721 1170 1751 ei
1193 1729 1251 1761 per
1273 1730 1376 1762 quam

297 1775 395 1806 agens
419 1764 492 1805 agit,
517 1773 585 1794 non
615 1769 724 1804 potest
753 1772 877 1794 nomen
907 1763 1088 1794 secundum
1118 1765 1207 1796 illam
1238 1765 1377 1797 formam

296 1810 438 1842 univoca
460 1807 700 1848 praedicatione
722 1808 881 1848 recipere:
906 1818 975 1839 non
992 1809 1080 1839 enim
1096 1810 1237 1841 univoce
1261 1810 1378 1841 dicitur

297 1854 424 1886 entim
446 1854 529 1894 ignis
551 1863 571 1884 a
593 1853 663 1883 sole
685 1858 866 1893 generatus,
887 1858 924 1883 et
945 1854 1007 1884 sol.

353 1899 392 1930 Η.
416 1899 480 1929 Pro
508 1897 730 1929 declaratione
762 1896 991 1934 antecedentis,
1019 1898 1297 1931 commen-ndum
1330 1905 1378 1931 est

296 1943 389 1985 quod
421 1943 557 1974 Sanctus
591 1942 750 1978 Thomas,
785 1941 986 1982 distinguens
1017 1942 1200 1976 seeundum
1232 1944 1376 1985 speciem

296 1989 416 2020 formas
440 1994 657 2018 creaturarum
682 1997 699 2017 a
722 1986 839 2018 virtute
864 1986 982 2024 divina,
1007 1988 1113 2029 inquit
1135 1986 1204 2018 illas
1227 1988 1261 2019 in
1289 1998 1376 2020 crea-

295 2040 366 2065 tura
394 2031 522 2064 divisim
553 2039 621 2062 esse
646 2036 678 2061 et
699 2031 942 2071 particulariter,
966 2032 1000 2062 in
1024 2032 1096 2064 Deo
1120 2036 1231 2063 autem
1254 2032 1377 2074 simpli-

296 2079 374 2110 citer
397 2082 430 2108 et
451 2076 683 2113 universaliter,
707 2075 899 2117 simpliciter
920 2077 1125 2117 opponendo
1141 2077 1171 2107 ei
1191 2077 1283 2118 quod
1299 2075 1378 2109 dixit

295 2123 434 2158 divisim5
458 2119 690 2153 universaliter
708 2126 822 2152 auoem
845 2121 876 2152 ei
899 2121 991 2162 quod
1014 2121 1093 2153 dixit
1113 2121 1376 2163 particulariter.

296 2168 373 2200 Ideo
404 2167 471 2199 duo
498 2172 574 2197 sunt
603 2165 811 2198 declaranda:
835 2166 968 2203 scilieet,
992 2166 1166 2207 quomodo
1189 2167 1250 2198 ista
1271 2167 1377 2199 diver·

296 2214 370 2244 sitas
394 2213 434 2243 sit
457 2210 678 2251 intelligenda3
704 2216 736 2242 et
766 2210 938 2251 quomodo
968 2212 1049 2243 haec
1081 2211 1247 2244 diversitas
1272 2213 1377 2253 speci-

296 2257 392 2290 ficam
416 2261 527 2298 arguat
550 2255 791 2287 distinctionem
806 2256 834 2286 ⁵.

352 2301 522 2340 Quantum
546 2299 587 2330 ad
609 2301 763 2342 primum,
787 2299 970 2332 notandum
986 2299 1077 2342 quod
1096 2299 1313 2342 perfectiones
1329 2300 1377 2332 di-

296 2347 395 2378 versis
425 2345 615 2376 nominibus
644 2354 664 2375 a
690 2345 786 2376 nobis
816 2344 1023 2386 significatae,
1052 2350 1131 2386 puta
1161 2345 1295 2382 iustitia,
1323 2354 1377 2376 sa-

292 2391 429 2433 pientia,
453 2390 592 2425 bonitas,
617 2394 649 2420 et
678 2389 878 2426 huiusmodi,
902 2390 937 2420 in
958 2390 1114 2421 creaturis
1141 2395 1175 2421 et
1196 2390 1323 2422 realioer
1345 2395 1377 2421 et

297 2436 473 2468 formaliter
497 2434 752 2475 distinguuntur:
776 2434 838 2465 alia
861 2435 950 2466 enim
973 2435 1055 2466 ratio
1078 2436 1255 2475 sapia-tiae
1274 2441 1324 2466 est
1345 2442 1378 2466 et

298 2481 359 2512 alia
389 2481 470 2511 ratio
501 2480 650 2515 iustitiae,
676 2485 708 2509 et
738 2479 883 2510 similiter
913 2479 974 2510 alia
1005 2484 1037 2510 et
1066 2479 1128 2510 alia
1151 2485 1206 2511 -est
1234 2481 1377 2522 ipsarum

299 2526 425 2562 entitas,
449 2525 524 2556 licet
553 2523 730 2565 aliquando
763 2525 827 2555 sint
856 2533 960 2555 unum
990 2524 1149 2556 subiecto.
1179 2525 1220 2556 Et
1242 2526 1307 2557 hoc
1331 2530 1379 2555 est

297 2571 352 2602 illa
376 2579 444 2601 esse
468 2569 595 2601 divisim
618 2569 652 2599 in
676 2573 830 2600 creatura.
853 2586 877 2592 —-
899 2568 934 2600 In
959 2569 1031 2600 Deo
1055 2575 1165 2600 autem
1189 2569 1378 2601 huiusmodi

298 2625 347 2646 res
372 2620 447 2645 sunt
469 2613 668 2655 simpliciter,
685 2613 777 2649 idest.
794 2614 885 2644 unite
904 2620 940 2645 et
962 2614 1086 2654 absque
1106 2614 1266 2646 divisione
1286 2615 1377 2646 reali:

298 2666 376 2691 cum
387 2660 500 2690 omnia
515 2659 578 2690 sint
594 2667 659 2689 una
670 2659 859 2699 simpliciter
875 2663 908 2689 et
922 2658 1125 2690 indivisibilis
1140 2660 1278 2690 essentia
1293 2668 1378 2701 quae

300 2711 347 2736 est
366 2703 476 2736 deitas.
501 2703 543 2735 Et
558 2704 635 2744 quia
651 2703 777 2734 deitatis
791 2713 858 2735 una
874 2709 922 2735 eat
938 2704 1030 2741 ratio,
1046 2705 1074 2735 si
1089 2704 1272 2736 secundum
1288 2704 1379 2745 quod

298 2750 333 2780 in
357 2759 391 2780 se
414 2754 462 2780 est
485 2747 716 2785 consideretur,
741 2754 790 2779 est
812 2749 900 2780 enim
923 2757 990 2780 una
1013 2749 1174 2790 quidditas
1198 2759 1256 2790 per
1278 2759 1323 2786 se.
1342 2754 1380 2780 -et

299 2794 399 2825 unico
423 2799 587 2834 conceptu
610 2794 650 2824 ab
674 2793 841 2824 intellectu
864 2794 1114 2834 proportionato
1140 2795 1379 2835 conceptibilis;

299 2838 375 2870 ideo
400 2843 431 2870 et
455 2838 611 2880 sapientia
635 2843 667 2868 et
690 2838 809 2869 iustitia
826 2842 858 2868 et
872 2838 1000 2868 bonitas
1017 2844 1048 2869 et
1065 2839 1145 2870 aliae
1165 2838 1380 2880 perfectiones

298 2884 334 2914 in
356 2883 429 2914 Deo
453 2891 558 2914 unum
582 2883 679 2913 etiam
704 2881 880 2914 formaliter
902 2888 992 2913 sunt:
1017 2892 1093 2914 curn
1110 2892 1221 2914 earum
1237 2894 1303 2915 una
1318 2893 1379 2915 nu-

300 2936 391 2959 mero
415 2928 457 2959 sit
479 2928 572 2964 ratio,
587 2932 749 2968 quantum
773 2933 822 2958 est
844 2936 884 2958 ex
906 2932 996 2968 parte
1020 2929 1065 2959 rei
1089 2928 1270 2959 secundum
1289 2928 1380 2970 quod

300 2974 335 3004 in
356 2982 392 3003 se
416 2978 464 3003 est
486 2972 684 3008 intellectae;
708 2972 806 3004 unius
829 2972 917 3003 enim
940 2973 987 3003 rei
1011 2978 1042 3004 et
1058 2974 1214 3004 essentiae
1230 2983 1296 3005 una
1312 2973 1381 3005 sola

300 3018 382 3048 ratio
407 3016 617 3058 quidditativa
648 3016 826 3057 adaequata
856 3023 887 3047 et
917 3017 1023 3048 totalis
1054 3023 1101 3048 est
1131 3018 1311 3050 secundum
1335 3027 1379 3050 se

300 3062 424 3093 Verum
447 3067 557 3093 tamen
581 3066 628 3092 est
652 3061 743 3102 quod
765 3061 819 3092 illa
842 3062 923 3092 ratio
955 3063 1134 3094 eminenter
1163 3064 1309 3094 continet
1332 3073 1381 3094 sa-

301 3107 442 3148 pientiae
474 3107 643 3142 rationem,
675 3111 707 3136 et
737 3106 876 3137 iustitiae
906 3115 943 3137 ac
976 3107 1109 3137 aliarum
1141 3107 1380 3148 perfectionum

301 3152 452 3187 rationes,
477 3151 626 3192 nullique
650 3159 761 3181 earum
785 3156 832 3181 est
855 3150 1033 3191 adaequata
1056 3157 1112 3182 aut
1135 3153 1275 3193 propria.

358 3196 603 3227 Advertendum
619 3201 739 3232 amem,
753 3204 829 3226 cum
842 3195 916 3226 dico
929 3197 1119 3236 sapientiam
1131 3198 1288 3228 contineri
1301 3197 1381 3228 emi·

302 3246 417 3272 nenter
429 3242 465 3272 in
481 3241 609 3277 deitate,
627 3246 659 3272 et
672 3241 833 3271 rationem
853 3241 1027 3281 sapientiae
1043 3242 1076 3271 in
1097 3242 1222 3273 ratione
1245 3242 1380 3278 deitatis,

304 3285 394 3326 quod
417 3295 485 3316 non
508 3286 553 3317 sic
574 3285 723 3326 intelligo
756 3285 848 3326 quasi
878 3286 1034 3326 sapientia
1065 3286 1172 3317 divina
1203 3288 1382 3318 eminenter

305 3331 508 3362 contineatur
524 3331 557 3361 in
573 3330 700 3366 deitate,
718 3331 761 3361 ita
777 3329 868 3371 quod
887 3330 987 3362 deitas
1003 3331 1118 3362 habeat
1133 3332 1382 3363 eminentiorem

305 3374 441 3405 modurn
466 3384 564 3416 quam
587 3375 657 3416 ipsa
685 3375 841 3416 sapientia
865 3374 982 3411 divina,
1007 3381 1062 3406 aut
1090 3376 1170 3406 ratio
1195 3376 1320 3407 deitatis
1343 3377 1382 3407 sit

306 3419 428 3449 ratione
452 3420 626 3459 sapientiae
649 3418 833 3460 perfectior,
850 3420 876 3450 si
899 3419 1080 3451 secundum
1104 3419 1194 3460 quod
1217 3421 1249 3451 in
1271 3421 1383 3461 seipsis

307 3469 381 3493 sunt
405 3464 663 3495 considerentur:
689 3465 752 3496 hoc
777 3465 864 3496 enim
885 3465 1084 3505 impossibile
1109 3470 1166 3501 est,
1184 3475 1259 3496 cum
1284 3465 1384 3496 deitas

309 3512 340 3537 et
363 3508 515 3547 sapientia
539 3509 645 3539 divina
677 3519 741 3540 una
771 3509 972 3541 indivisibilis
1000 3510 1114 3540 entitas
1144 3510 1217 3545 sint,
1242 3515 1274 3540 et
1296 3509 1383 3540 idem

308 3559 377 3581 esse
400 3553 583 3590 subsistens,
609 3560 640 3584 et
663 3563 727 3584 una
745 3554 905 3595 quidditas
922 3564 959 3585 ac
975 3555 1121 3591 essentia,
1140 3559 1171 3585 et
1187 3563 1298 3585 earum
1320 3563 1384 3584 una

308 3603 446 3626 numero
471 3598 550 3627 ratio
575 3598 752 3639 adaequata
776 3599 825 3636 sit,
842 3618 866 3622 —
885 3599 942 3631 sed
966 3598 1056 3640 quod
1076 3599 1231 3640 sapientia
1248 3599 1280 3630 in
1298 3608 1385 3630 crea·

309 3639 387 3669 turis
411 3641 548 3676 inventa,
575 3643 626 3672 cui
652 3644 756 3682 primo
782 3653 903 3674 nomen
928 3644 1103 3684 sapientiae
1120 3649 1167 3674 est
1182 3644 1384 3684 impositum,

1431 867 1616 898 continetur
1645 867 1680 897 in
1713 866 1831 897 deitate
1861 866 2043 898 secundum
2072 867 2238 908 quandam
2262 869 2512 902 siaaffldhem

1432 911 1694 943 excellentiorem
1716 911 1856 944 modum
1876 911 2008 944 essendi
2028 912 2204 945 habentem
2220 915 2379 954 quamsit
2391 914 2512 946 modus

1432 956 1558 988 essendi
1581 966 1650 997 quo
1675 962 1724 987 est
1746 957 1781 988 in
1804 957 1973 993 creatmi53
1998 962 2030 988 et
2052 957 2199 989 similiter
2217 958 2303 989 antio
2325 960 2512 1001 proportio-

1431 1006 1507 1032 nata
1538 1002 1715 1042 sapientiae
1747 1009 1872 1035 creatae
1901 1002 2088 1034 continetur
2119 1003 2154 1034 in
2181 1003 2309 1035 ratione
2331 1003 2513 1044 adaequas·

1432 1045 1558 1077 deitatis
1577 1047 1772 1083 eminenter,
1794 1047 1992 1087 inquantum
2023 1048 2105 1078 ratio
2135 1046 2261 1078 deitatis
2286 1053 2336 1079 eat
2355 1049 2440 1080 tatio
2459 1058 2512 1080 sa-

1431 1091 1573 1131 pientiae
1597 1097 1629 1122 et
1650 1091 1804 1122 bonitatis
1825 1101 1865 1123 ac
1887 1092 2024 1125 aliarum
2046 1091 2288 1132 perfectionum
2317 1091 2511 1130 divisarum,

1431 1136 1604 1167 continens
1631 1135 1908 1176 perfeetionaliter
1935 1142 1971 1168 et
1999 1137 2091 1168 unite
2121 1136 2338 1177 perfectiones
2361 1138 2513 1170 omnium

1431 1181 1567 1211 aliarum
1589 1181 1756 1212 rationum
1778 1190 1864 1222 quae
1887 1181 1928 1212 de
1950 1182 2029 1222 ipsis
2050 1182 2092 1213 ab
2115 1182 2284 1214 intellectu
2304 1188 2419 1214 noan-o
2437 1188 2514 1214 sunt

1431 1224 1599 1256 formatae.
1620 1225 1712 1257 Sicut
1727 1227 1870 1257 animam
1885 1227 2099 1267 vegetativam
2121 1232 2154 1258 et
2173 1227 2359 1258 sensitivam
2375 1227 2512 1259 dicimus

1431 1271 1466 1301 in
1489 1271 1598 1301 anima
1626 1271 1823 1302 intellectiva
1853 1272 2033 1302 eminenter
2062 1272 2233 1309 contineri,
2257 1277 2290 1303 et
2320 1281 2432 1303 earum
2463 1282 2513 1303 ra-

1429 1315 1538 1346 tiones
1560 1315 1594 1346 in
1617 1316 1743 1347 ratione
1767 1317 1847 1353 eius,
1871 1325 1941 1347 non
1964 1317 2042 1357 quia
2064 1317 2172 1348 anima
2194 1317 2389 1348 intellectiva
2407 1317 2513 1349 excel-

1430 1360 1604 1391 lentiorem
1627 1361 1765 1392 modum
1788 1361 1905 1392 habeat
1928 1371 2028 1402 quam
2050 1362 2159 1392 anima
2181 1362 2333 1393 sensitiva
2355 1367 2388 1393 et
2416 1371 2513 1403 vege-

1431 1405 1528 1437 tativa
1551 1405 1585 1436 in
1608 1406 1688 1447 ipsa,
1714 1411 1746 1437 et
1769 1406 1850 1437 ratio
1875 1405 2055 1447 adaequata
2077 1407 2204 1437 animae
2235 1407 2449 1439 intellectivae
2472 1407 2514 1438 sit

1430 1449 1606 1491 perfectior
1632 1451 1758 1484 ratione
1788 1452 1915 1484 animae
1945 1451 2144 1493 vegetativae
2173 1456 2206 1482 et
2234 1451 2405 1483 sensitivae
2428 1461 2513 1493 quae

1424 1500 1508 1526 sunt
1530 1494 1619 1526 idem
1641 1504 1720 1528 cum
1741 1497 1825 1537 ipsa:
1850 1497 1916 1528 hoc
1946 1496 2036 1529 enim
2065 1496 2267 1537 impossibile
2297 1502 2355 1534 est,
2378 1506 2456 1528 cum
2477 1497 2513 1529 in

1432 1541 1539 1571 anima
1562 1540 1758 1572 intellectiva
1781 1541 1844 1572 sint
1873 1550 1940 1572 una
1969 1541 2172 1572 indivisibilis
2195 1541 2321 1579 entitas,
2345 1547 2378 1573 et
2400 1550 2513 1573 earum

1431 1585 1472 1616 sit
1494 1594 1599 1616 unum
1624 1595 1693 1617 esse
1715 1585 1920 1622 indivisibile,
1945 1590 1977 1616 et
1999 1585 2085 1617 illius
2108 1586 2248 1617 entitatis
2271 1591 2304 1618 et
2326 1585 2513 1628 quiddiaatis

1430 1639 1497 1661 una
1520 1639 1659 1661 numero
1684 1631 1724 1661 sit
1746 1629 1889 1671 perfecta
1912 1635 1944 1662 et
1967 1630 2145 1672 adaequata
2166 1631 2259 1667 ratio,
2280 1631 2307 1662 si
2330 1630 2512 1663 secundum

1432 1673 1523 1716 quod
1546 1680 1595 1706 est
1617 1675 1831 1716 concipiatur,
1846 1693 1870 1698 —
1889 1675 1946 1707 sed
1969 1676 2046 1716 quia
2068 1676 2123 1708 illa
2148 1674 2310 1717 ,perfectio
2333 1676 2513 1717 vegetativa

1431 1728 1517 1760 quae
1535 1724 1588 1750 est
1610 1721 1645 1751 in
1664 1720 1796 1771 plantis,
1821 1725 1854 1751 et
1876 1721 1984 1751 aniina
2006 1721 2157 1752 sensitiva
2178 1729 2265 1761 quae
2285 1721 2384 1753 estin
2399 1721 2511 1758 brutis,

1431 1765 1552 1795 habent
1581 1765 1616 1795 in
1645 1765 1753 1796 anima
1782 1765 1978 1796 intellectiva
2007 1764 2253 1797 similitudinem
2284 1765 2512 1806 perfectiorem

1431 1810 1606 1840 habentem
1629 1809 1768 1841 modum
1791 1819 1891 1850 quam
1910 1811 2000 1851 ipsae
2015 1811 2050 1841 in
2065 1811 2134 1842 aliis
2150 1810 2302 1849 habeant;
2324 1816 2356 1841 et
2371 1811 2512 1862 rationes

1432 1854 1943 1886 eatuncontinenturaratione
1948 1855 2076 1887 animae
2086 1834 2306 1886 malesane
2350 1890 2354 1894 ,
2391 1892 2394 1893 ⁷

1432 1908 1509 1930 cun
1531 1899 1566 1931 in
1589 1899 1660 1939 ipsa
1682 1899 1798 1931 eadem
1814 1900 1861 1931 ait
1882 1900 1964 1931 ratio
1985 1901 2234 1952 vege-tinen
2248 1899 2426 1937 sensitiva

1431 1944 1557 1975 ratione
1579 1942 1805 1981 intellectivae,
1828 1949 1868 1976 ut
1883 1943 2040 1982 diximus,
2062 1945 2091 1977 si
2118 1944 2234 1982 entitas
2263 1945 2414 1977 animae

1431 1987 1566 2020 lectivae
1589 1987 1754 2029 complete
1772 1989 1994 2029 concipiatur3
2018 1989 2117 2022 unius
2139 1987 2513 2037 mimquidQ

1431 2039 1571 2064 numero
1595 2032 1738 2074 perfecta
1761 2033 1843 2064 ratio
1867 2038 1925 2065 est.
2438 2032 2452 2035 ⁴
2497 2030 2502 2036 '

1490 2087 1519 2108 2.
1540 2076 1698 2109 Similiter
1712 2083 1789 2109 sunt
1801 2077 2045 2119 perfectiones·
2032 2087 2069 2109 m
2086 2078 2238 2110 creaturis
2247 2071 2511 2120 particularum

1430 2122 1465 2152 in
1489 2122 1561 2153 Deo
1583 2127 1695 2154 autern
1719 2123 1960 2154 universaliter.
1980 2122 2050 2155 Sed
2072 2123 2138 2154 hoc
2150 2088 2512 2164 dupliciterpoesstia‘a

1430 2167 1540 2208 teuigi.
1563 2167 1642 2198 Uno
1664 2167 1779 2203 modo,
1802 2173 1840 2199 at
1862 2168 2097 2209 pai-ticinum:
2119 2173 2153 2200 et
2178 2168 2401 2200 universalitas
2423 2166 2512 2200 vata*

1430 2217 1519 2243 ratur
1528 2211 1575 2244 ad
1586 2221 1659 2244 esse
1674 2213 1844 2254 proprium
1866 2211 2003 2244 formae.
2026 2213 2064 2245 ln
2085 2217 2242 2245 ereamra
2249 2213 2339 2245 nain
2346 2211 2512 2254 pedam

1430 2257 1528 2288 habet
1550 2266 1620 2288 esse
1643 2262 1823 2298 receptum,
1841 2262 1880 2288 et
1900 2266 1960 2299 per
1983 2266 2189 2299 consequms
2205 2266 2277 2291 non
2291 2257 2389 2289 habet
2398 2262 2512 2294 tonna

1431 2309 1500 2332 esse
1523 2299 1659 2338 formae,
1683 2300 1740 2332 sed
1763 2310 1841 2333 cum
1865 2301 2006 2343 quadam
2028 2301 2233 2340 limitatione,
2256 2302 2346 2333 iuxta
2368 2311 2407 2333 ea
2426 2310 2512 2343 quae

1431 2346 1580 2386 superius
1594 2346 1612 2363 ·
1635 2346 1720 2377 dicta
1743 2351 1830 2377 sunt.
1854 2346 1890 2378 ln
1905 2345 1979 2378 Deo
1995 2352 2105 2378 autem
2121 2350 2169 2378 est
2191 2346 2381 2378 subsistens:
2403 2350 2439 2378 et

1432 2399 1638 2431 consequens
1660 2391 1758 2422 habet
1781 2396 1888 2422 totum
1915 2400 1988 2423 esse
2018 2391 2145 2423 fonnee
2168 2396 2200 2422 et
2221 2391 2444 2423 immund
2491 2392 2494 2394 '

1431 2444 1509 2476 ergo
1539 2436 1574 2467 in
1604 2442 1749 2467 creatura
1768 2436 2022 2477 -parfictuaritsr,
2035 2436 2138 2473 ‘idean
2162 2435 2300 2468 imitate
2325 2434 2512 2468 aarum

1432 2489 1501 2511 esse
1521 2479 1659 2511 formae:
1685 2481 1716 2511 in
1735 2480 1807 2511 Deo
1824 2486 1933 2512 autem
1949 2481 2181 2519 universaliter,
2197 2480 2289 2518 idest,
2304 2480 2513 2518 ill'nnitatom

1432 2524 1614 2556 secundum
1629 2530 1733 2556 totam
1747 2524 1984 2567 perfectionem
2004 2525 2134 2558 essendi
2148 2525 2196 2558 illi
2211 2525 2336 2557 formae
2358 2524 2511 2562 debiam.

1489 2569 1565 2600 Alio
1589 2568 1690 2601 modo
1714 2575 1823 2611 potest
1845 2570 1981 2612 intelligi
2003 2576 2041 2602 ut
2064 2570 2188 2603 dicatur
2211 2569 2369 2612 perfectio
2393 2568 2512 2610 essein

1433 2620 1577 2645 creatura
1599 2615 1842 2655 particulariter,
1858 2615 1951 2652 idest,
1967 2615 2150 2647 secundum
2165 2615 2332 2646 entitatem
2347 2614 2512 2657 propriam

1433 2664 1465 2690 et
1488 2659 1714 2700 particularem
1737 2661 1778 2690 ab
1799 2659 1884 2690 alia
1881 2659 2094 2701 perfectione
2122 2660 2250 2692 realiter
2279 2665 2312 2691 et
2338 2658 2514 2692 founditer

1432 2703 1628 2740 distinctam,
1645 2705 1688 2735 ita
1704 2705 1860 2745 quodest
1875 2708 1945 2746 ipsa
1961 2710 1994 2736 et
2007 2715 2076 2736 non
2090 2706 2156 2736 alia
2168 2705 2327 2747 perfectio
2340 2706 2376 2736 in
2391 2704 2514 2736 eod-a

1433 2750 1531 2781 etiam
1546 2750 1720 2790 supposito
1730 2750 1889 2782 existens:
1903 2750 1941 2789 in
1957 2750 2031 2782 Deo
2046 2756 2158 2783 autem
2172 2749 2409 2787 univer-salites,
2418 2749 2513 2787 idem

1433 2793 1615 2825 secundum
1639 2794 1807 2827 entitatem
1829 2787 2032 2832 illimitatam,
2048 2795 2093 2828 ita
2107 2794 2199 2835 qnod
2222 2800 2430 2832 omne-sunt
2446 2803 2515 2832 nna

1433 2839 1570 2869 essentia
1593 2837 1719 2870 deitatis
1734 2838 1965 2877 universaliter,
1981 2849 2050 2871 non
2067 2838 2201 2882 quidem
2224 2839 2430 2877 universitate
2445 2849 2514 2873 ma-

1433 2884 1532 2915 teriae
1554 2882 1612 2914 sed
1635 2884 1842 2915 universitate
1865 2883 1990 2915 formae
2021 2890 2053 2915 et
2082 2883 2302 2937 perfectionis,
2333 2893 2386 2915 eas
2409 2882 2514 2916 contl-

1434 2929 1555 2964 nentis3
1579 2932 1612 2959 et
1631 2937 1853 2969 unaquaeque
1875 2929 1920 2960 ita
1943 2934 1992 2960 est
2014 2930 2084 2970 ipsa
2107 2928 2199 2971 quod
2222 2929 2319 2960 etiam
2344 2934 2393 2960 est
2406 2928 2515 2992 omnis

1434 2974 1496 3005 alia
1517 2972 1676 3014 perfectio
1700 2974 1734 3005 in
1757 2973 1831 3005 Deo
1852 2973 2004 3005 munis.
2491 2982 2507 2998 ³

1491 3018 1640 3060 Utroque
1663 3018 1766 3050 modo
1789 3018 1904 3050 verum
1927 3023 1976 3050 est
1996 3017 2090 3060 quod
2112 3019 2166 3051 hic
2184 3018 2316 3051 dicitur·
2333 3017 2390 3051 sed
2403 3023 2515 3055 mun

1434 3062 1577 3095 secunda
1600 3064 1822 3105 interpretatio
1843 3064 1947 3104 magis
1963 3062 2090 3096 videtur
2104 3073 2174 3095 esse
2189 3062 2230 3094 ad
2243 3069 2391 3096 mentem
2404 3062 2515 3103 Sancti

1434 3107 1596 3144 Thomae,
1620 3107 1646 3138 si
1669 3117 1746 3139 cum
1769 3108 1807 3139 iis
1831 3117 1916 3150 quae
1939 3106 2017 3140 dicit
2039 3108 2146 3140 Prima
2168 3107 2272 3145 Parte,
2296 3117 2328 3150 q.
2345 3106 2410 3139 rv
2433 3104 2514 3148 etin
2541 3107 2551 3117 ”

1435 3153 1504 3184 aliis
1525 3151 1636 3183 locis·
1659 3152 1854 3184 conferatur.
1879 3152 1921 3184 Et
1935 3153 1981 3184 sic
1996 3152 2084 3184 idem
2101 3153 2294 3194 importatur
2308 3160 2367 3194 per
2386 3140 2551 3183 dfvis'f'm·

1435 3203 1467 3229 et
1478 3197 1670 3238 simpliciter
1681 3196 1771 3238 quod
1787 3206 1846 3239 per
1853 3197 2106 3239 particulariter
2115 3203 2148 3229 et
2161 3196 2410 3228 universaliter.-
2423 3193 2515 3241 quod

1436 3242 1476 3273 ad
1498 3243 1658 3273 maionem
1681 3242 1932 3283 explicatimem
1950 3242 2101 3274 additum
2124 3247 2183 3274 est.

1493 3287 1523 3318 3.
1554 3287 1601 3319 Ex
1627 3287 1665 3318 iis
1691 3293 1802 3318 autem
1827 3293 1917 3329 patet
1943 3286 2124 3318 secundum
2142 3287 2170 3323 ⁹,
2193 3285 2317 3318 scilicet
2338 3284 2431 3327 quod
2452 3285 2514 3318 iste

1435 3331 1555 3363 modus
1570 3331 1697 3363 essendi
1712 3333 1816 3374 arguit
1832 3331 2073 3364 diainctionem
2087 3309 2284 3372 specificam.
2304 3329 2515 3362 Manifestum

1437 3382 1485 3408 est
1508 3377 1595 3408 enim
1620 3376 1711 3418 quod
1734 3376 1892 3418 perfectio
1915 3385 1999 3418 quae
2014 3376 2048 3407 in
2064 3384 2161 3407 causa
2176 3380 2223 3406 est
2244 3384 2309 3406 una
2331 3375 2468 3406 essentia
2483 3380 2516 3406 et

1437 3430 1503 3452 una
1525 3426 1639 3452 natura
1666 3430 1742 3452 cum
1770 3421 1862 3452 omni
1882 3421 1943 3452 alia
1969 3419 2179 3461 perfectione,
2203 3428 2272 3450 non
2299 3424 2347 3450 est
2370 3417 2516 3451 eiusdem

1437 3466 1557 3506 speciei
1581 3475 1657 3497 cum
1680 3465 1881 3507 perfectione
1903 3474 1987 3505 quae
2004 3469 2051 3495 est
2074 3464 2208 3495 limitata
2223 3470 2255 3495 et
2271 3465 2310 3494 ab
2327 3464 2395 3495 aliis
2411 3463 2516 3505 perfe—

1438 3511 1602 3541 ctionibus
1625 3516 1673 3542 est
1699 3510 1858 3542 distincta.
1882 3509 1955 3540 Una
1982 3510 2069 3540 enim
2096 3509 2254 3540 maiorem
2281 3508 2515 3549 perfectionem

1440 3555 1641 3586 essentialem
1665 3555 1762 3586 habet
1784 3562 1883 3596 quam
1905 3554 1980 3584 alia.
2006 3553 2096 3594 quod
2112 3553 2189 3584 facit
2203 3552 2389 3594 specificam
2405 3553 2516 3585 distin-

1440 3600 1594 3631 ctionem.
1616 3599 1701 3631 Nam
1724 3598 1832 3630 anima
1850 3598 2000 3630 sensitiva
2023 3599 2056 3629 in
2080 3598 2213 3629 homine
2238 3595 2444 3639 distinguitur
2466 3608 2516 3630 se-

1441 3644 1585 3675 cundum
1606 3644 1748 3685 speciem
1771 3643 1812 3674 ab
1834 3643 1942 3674 anima
1965 3643 2114 3674 sensitiva
2138 3643 2171 3674 in
2195 3643 2301 3679 bruto.
2319 3653 2360 3674 eo
2376 3642 2491 3684 quod
2482 3652 2516 3674 in

2541 3182 2564 3199 ..
2566 3149 2757 3203 οἱ.“ι“ξ”ϋὰῑ

2542 3202 2620 3231 Non„
2629 3209 2679 3230 nii,
2694 3203 2710 3225 l
2721 3210 2741 3226 ι.

2542 3282 2607 3306 ‘ct
2622 3282 2674 3306 init.
2688 3282 2759 3305 haias

2543 3315 2623 3339 ome·
