<?xml version="1.0" encoding="UTF-8"?>
<!DOCTYPE html PUBLIC "-//W3C//DTD XHTML 1.0 Transitional//EN"
    "http://www.w3.org/TR/xhtml1/DTD/xhtml1-transitional.dtd">
<html xmlns="http://www.w3.org/1999/xhtml" xml:lang="en" lang="en">
 <head>
  <title>
</title>
<meta http-equiv="Content-Type" content="text/html;charset=utf-8" />
  <meta name='ocr-system' content='tesseract 3.04.00' />
  <meta name='ocr-capabilities' content='ocr_page ocr_carea ocr_par ocr_line ocrx_word'/>
</head>
<body>
  <div class='ocr_page' id='page_1' title='image "./operaomniaiussui13thom/operaomniaiussui13thom_0511.png"; bbox 0 0 2768 4134; ppageno 0'>
   <div class='ocr_carea' id='block_1_1' title="bbox 0 960 115 4134">
    <p class='ocr_par' dir='ltr' id='par_1_1' title="bbox 0 960 115 4134">
     <span class='ocr_line' id='line_1_1' title="bbox 0 960 115 4134; baseline 0 0"><span class='ocrx_word' id='word_1_1' title='bbox 0 960 115 4134; x_wconf 95' lang='lat' dir='ltr'>    </span> 
     </span>
    </p>
   </div>
   <div class='ocr_carea' id='block_1_2' title="bbox 1 899 252 942">
    <p class='ocr_par' dir='ltr' id='par_1_2' title="bbox 1 899 252 942">
     <span class='ocr_line' id='line_1_2' title="bbox 1 899 252 942; baseline -0.004 -11"><span class='ocrx_word' id='word_1_2' title='bbox 1 899 7 907; x_wconf 95' lang='grc'>’</span> <span class='ocrx_word' id='word_1_3' title='bbox 24 906 208 942; x_wconf 48' lang='grc' dir='ltr'>ἱ*(Ξιιιιιιιειιωι.</span> <span class='ocrx_word' id='word_1_4' title='bbox 215 911 252 930; x_wconf 79' lang='grc' dir='ltr'><strong>ιιι.</strong></span> 
     </span>
    </p>
   </div>
   <div class='ocr_carea' id='block_1_3' title="bbox 5 3613 258 3691">
    <p class='ocr_par' dir='ltr' id='par_1_3' title="bbox 5 3613 258 3691">
     <span class='ocr_line' id='line_1_3' title="bbox 5 3613 258 3646; baseline -0.012 -8"><span class='ocrx_word' id='word_1_5' title='bbox 5 3642 9 3646; x_wconf 39' lang='grc'><em>.</em></span> <span class='ocrx_word' id='word_1_6' title='bbox 44 3613 104 3637; x_wconf 70' lang='lat' dir='ltr'>&#39;oe</span> <span class='ocrx_word' id='word_1_7' title='bbox 124 3614 258 3637; x_wconf 79' lang='lat' dir='ltr'>comment.</span> 
     </span>
     <span class='ocr_line' id='line_1_4' title="bbox 8 3644 258 3691; baseline -0.004 -27"><span class='ocrx_word' id='word_1_8' title='bbox 8 3675 9 3678; x_wconf 13' lang='grc' dir='ltr'><strong>Ἴ</strong></span> <span class='ocrx_word' id='word_1_9' title='bbox 39 3644 96 3691; x_wconf 45' lang='lat' dir='ltr'>Q.</span> <span class='ocrx_word' id='word_1_10' title='bbox 118 3647 178 3669; x_wconf 76' lang='grc' dir='ltr'>ινιι,</span> <span class='ocrx_word' id='word_1_11' title='bbox 196 3647 258 3668; x_wconf 77' lang='lat' dir='ltr'>uu,</span> 
     </span>
    </p>
   </div>
   <div class='ocr_carea' id='block_1_4' title="bbox 695 293 2055 343">
    <p class='ocr_par' dir='ltr' id='par_1_4' title="bbox 695 293 2055 343">
     <span class='ocr_line' id='line_1_5' title="bbox 695 293 2055 343; baseline 0.004 -13"><span class='ocrx_word' id='word_1_12' title='bbox 695 293 884 331; x_wconf 90' lang='lat' dir='ltr'>SUMMA</span> <span class='ocrx_word' id='word_1_13' title='bbox 913 294 1136 332; x_wconf 92' lang='lat' dir='ltr'>CONTRA</span> <span class='ocrx_word' id='word_1_14' title='bbox 1162 294 1435 341; x_wconf 93' lang='lat' dir='ltr'>GENTILES,</span> <span class='ocrx_word' id='word_1_15' title='bbox 1465 297 1559 333; x_wconf 93' lang='lat' dir='ltr'>LIB.</span> <span class='ocrx_word' id='word_1_16' title='bbox 1579 297 1620 342; x_wconf 93' lang='lat' dir='ltr'>II,</span> <span class='ocrx_word' id='word_1_17' title='bbox 1651 296 1761 334; x_wconf 89' lang='lat' dir='ltr'>CAP.</span> <span class='ocrx_word' id='word_1_18' title='bbox 1783 298 1900 343; x_wconf 89' lang='lat' dir='ltr'>LXV,</span> <span class='ocrx_word' id='word_1_19' title='bbox 1919 298 2055 335; x_wconf 92' lang='lat' dir='ltr'><strong>LXVI.</strong></span> 
     </span>
    </p>
   </div>
   <div class='ocr_carea' id='block_1_5' title="bbox 274 372 1351 1559">
    <p class='ocr_par' dir='ltr' id='par_1_5' title="bbox 277 372 1351 802">
     <span class='ocr_line' id='line_1_6' title="bbox 277 372 1350 414; baseline 0 -10"><span class='ocrx_word' id='word_1_20' title='bbox 277 372 534 413; x_wconf 86' lang='lat' dir='ltr'>cognoscitivam</span> <span class='ocrx_word' id='word_1_21' title='bbox 550 377 582 403; x_wconf 93' lang='lat' dir='ltr'>et</span> <span class='ocrx_word' id='word_1_22' title='bbox 604 373 826 413; x_wconf 85' lang='lat' dir='ltr'>appetitivam:</span> <span class='ocrx_word' id='word_1_23' title='bbox 844 378 892 403; x_wconf 88' lang='lat' dir='ltr'>est</span> <span class='ocrx_word' id='word_1_24' title='bbox 906 378 1015 404; x_wconf 91' lang='lat' dir='ltr'>autem</span> <span class='ocrx_word' id='word_1_25' title='bbox 1038 383 1110 414; x_wconf 89' lang='lat' dir='ltr'>pars</span> <span class='ocrx_word' id='word_1_26' title='bbox 1133 373 1277 404; x_wconf 87' lang='lat' dir='ltr'>formalis</span> <span class='ocrx_word' id='word_1_27' title='bbox 1292 383 1350 414; x_wconf 90' lang='lat' dir='ltr'>per</span> 
     </span>
     <span class='ocr_line' id='line_1_7' title="bbox 277 416 1350 456; baseline 0.001 -9"><span class='ocrx_word' id='word_1_28' title='bbox 277 426 371 447; x_wconf 87' lang='lat' dir='ltr'>suam</span> <span class='ocrx_word' id='word_1_29' title='bbox 394 416 604 447; x_wconf 84' lang='lat' dir='ltr'>substantiam</span> <span class='ocrx_word' id='word_1_30' title='bbox 632 417 745 453; x_wconf 90' lang='lat' dir='ltr'>solam,</span> <span class='ocrx_word' id='word_1_31' title='bbox 769 416 848 448; x_wconf 87' lang='lat' dir='ltr'>dans</span> <span class='ocrx_word' id='word_1_32' title='bbox 871 427 941 448; x_wconf 90' lang='lat' dir='ltr'>esse</span> <span class='ocrx_word' id='word_1_33' title='bbox 963 419 1125 449; x_wconf 88' lang='lat' dir='ltr'>materiae.</span> <span class='ocrx_word' id='word_1_34' title='bbox 1153 418 1231 456; x_wconf 92' lang='lat' dir='ltr'>Quo</span> <span class='ocrx_word' id='word_1_35' title='bbox 1254 418 1291 448; x_wconf 80' lang='lat' dir='ltr'>fit</span> <span class='ocrx_word' id='word_1_36' title='bbox 1313 423 1350 449; x_wconf 92' lang='lat' dir='ltr'>ut</span> 
     </span>
     <span class='ocr_line' id='line_1_8' title="bbox 278 462 1351 503; baseline 0.001 -12"><span class='ocrx_word' id='word_1_37' title='bbox 278 462 501 502; x_wconf 89' lang='lat' dir='ltr'>compositum</span> <span class='ocrx_word' id='word_1_38' title='bbox 524 471 563 491; x_wconf 92' lang='lat' dir='ltr'>ex</span> <span class='ocrx_word' id='word_1_39' title='bbox 586 470 709 501; x_wconf 88' lang='lat' dir='ltr'>organo</span> <span class='ocrx_word' id='word_1_40' title='bbox 725 466 757 492; x_wconf 91' lang='lat' dir='ltr'>et</span> <span class='ocrx_word' id='word_1_41' title='bbox 772 462 927 501; x_wconf 87' lang='lat' dir='ltr'>potentia,</span> <span class='ocrx_word' id='word_1_42' title='bbox 950 463 1090 493; x_wconf 83' lang='lat' dir='ltr'>maxime</span> <span class='ocrx_word' id='word_1_43' title='bbox 1113 463 1297 503; x_wconf 84' lang='lat' dir='ltr'>appetitiva,</span> <span class='ocrx_word' id='word_1_44' title='bbox 1314 467 1351 492; x_wconf 94' lang='lat' dir='ltr'>ut</span> 
     </span>
     <span class='ocr_line' id='line_1_9' title="bbox 278 505 1349 547; baseline 0.001 -11"><span class='ocrx_word' id='word_1_45' title='bbox 278 511 327 536; x_wconf 90' lang='lat' dir='ltr'>est</span> <span class='ocrx_word' id='word_1_46' title='bbox 350 515 416 542; x_wconf 90' lang='lat' dir='ltr'>cor,</span> <span class='ocrx_word' id='word_1_47' title='bbox 431 511 564 536; x_wconf 88' lang='lat' dir='ltr'>moveat</span> <span class='ocrx_word' id='word_1_48' title='bbox 578 505 654 536; x_wconf 89' lang='lat' dir='ltr'>alias</span> <span class='ocrx_word' id='word_1_49' title='bbox 670 511 776 545; x_wconf 90' lang='lat' dir='ltr'>partes</span> <span class='ocrx_word' id='word_1_50' title='bbox 792 507 938 546; x_wconf 87' lang='lat' dir='ltr'>corporis</span> <span class='ocrx_word' id='word_1_51' title='bbox 953 507 1036 537; x_wconf 89' lang='lat' dir='ltr'>sicut</span> <span class='ocrx_word' id='word_1_52' title='bbox 1058 506 1092 537; x_wconf 93' lang='lat' dir='ltr'>id</span> <span class='ocrx_word' id='word_1_53' title='bbox 1114 506 1206 547; x_wconf 92' lang='lat' dir='ltr'>quod</span> <span class='ocrx_word' id='word_1_54' title='bbox 1228 512 1349 543; x_wconf 90' lang='lat' dir='ltr'>movet,</span> 
     </span>
     <span class='ocr_line' id='line_1_10' title="bbox 277 550 1350 591; baseline 0.001 -11"><span class='ocrx_word' id='word_1_55' title='bbox 277 551 386 581; x_wconf 91' lang='lat' dir='ltr'>anima</span> <span class='ocrx_word' id='word_1_56' title='bbox 400 559 478 581; x_wconf 91' lang='lat' dir='ltr'>vero</span> <span class='ocrx_word' id='word_1_57' title='bbox 494 550 578 580; x_wconf 90' lang='lat' dir='ltr'>sicut</span> <span class='ocrx_word' id='word_1_58' title='bbox 588 550 732 590; x_wconf 89' lang='lat' dir='ltr'>primum</span> <span class='ocrx_word' id='word_1_59' title='bbox 743 550 941 590; x_wconf 92' lang='lat' dir='ltr'>principium</span> <span class='ocrx_word' id='word_1_60' title='bbox 954 560 1021 591; x_wconf 92' lang='lat' dir='ltr'>quo</span> <span class='ocrx_word' id='word_1_61' title='bbox 1032 556 1161 581; x_wconf 83' lang='lat' dir='ltr'>movet:</span> <span class='ocrx_word' id='word_1_62' title='bbox 1179 556 1226 581; x_wconf 90' lang='lat' dir='ltr'>est</span> <span class='ocrx_word' id='word_1_63' title='bbox 1241 556 1350 581; x_wconf 90' lang='lat' dir='ltr'>autem</span> 
     </span>
     <span class='ocr_line' id='line_1_11' title="bbox 277 594 1350 634; baseline 0 -9"><span class='ocrx_word' id='word_1_64' title='bbox 277 600 378 631; x_wconf 84' lang='lat' dir='ltr'>mota,</span> <span class='ocrx_word' id='word_1_65' title='bbox 401 595 468 625; x_wconf 89' lang='lat' dir='ltr'>sive</span> <span class='ocrx_word' id='word_1_66' title='bbox 490 604 564 634; x_wconf 90' lang='lat' dir='ltr'>pars</span> <span class='ocrx_word' id='word_1_67' title='bbox 585 594 632 624; x_wconf 91' lang='lat' dir='ltr'>rei</span> <span class='ocrx_word' id='word_1_68' title='bbox 654 599 773 630; x_wconf 91' lang='lat' dir='ltr'>motae,</span> <span class='ocrx_word' id='word_1_69' title='bbox 789 594 984 634; x_wconf 84' lang='lat' dir='ltr'>inquantum</span> <span class='ocrx_word' id='word_1_70' title='bbox 1007 601 1056 626; x_wconf 91' lang='lat' dir='ltr'>est</span> <span class='ocrx_word' id='word_1_71' title='bbox 1077 595 1258 626; x_wconf 89' lang='lat' dir='ltr'>secundum</span> <span class='ocrx_word' id='word_1_72' title='bbox 1281 604 1350 626; x_wconf 88' lang='lat' dir='ltr'>esse</span> 
     </span>
     <span class='ocr_line' id='line_1_12' title="bbox 277 637 1350 674; baseline 0.001 -5"><span class='ocrx_word' id='word_1_73' title='bbox 277 639 368 669; x_wconf 88' lang='lat' dir='ltr'>unita</span> <span class='ocrx_word' id='word_1_74' title='bbox 390 639 552 669; x_wconf 88' lang='lat' dir='ltr'>materiae.</span> <span class='ocrx_word' id='word_1_75' title='bbox 577 637 691 674; x_wconf 92' lang='lat' dir='ltr'>Modo,</span> <span class='ocrx_word' id='word_1_76' title='bbox 706 647 777 668; x_wconf 90' lang='lat' dir='ltr'>non</span> <span class='ocrx_word' id='word_1_77' title='bbox 792 643 839 668; x_wconf 91' lang='lat' dir='ltr'>est</span> <span class='ocrx_word' id='word_1_78' title='bbox 861 639 1094 670; x_wconf 87' lang='lat' dir='ltr'>inconveniens</span> <span class='ocrx_word' id='word_1_79' title='bbox 1116 638 1204 670; x_wconf 90' lang='lat' dir='ltr'>idem</span> <span class='ocrx_word' id='word_1_80' title='bbox 1227 645 1259 670; x_wconf 92' lang='lat' dir='ltr'>et</span> <span class='ocrx_word' id='word_1_81' title='bbox 1281 649 1350 670; x_wconf 89' lang='lat' dir='ltr'>esse</span> 
     </span>
     <span class='ocr_line' id='line_1_13' title="bbox 277 682 1350 724; baseline 0 -10"><span class='ocrx_word' id='word_1_82' title='bbox 277 684 422 723; x_wconf 89' lang='lat' dir='ltr'>primum</span> <span class='ocrx_word' id='word_1_83' title='bbox 443 691 580 713; x_wconf 89' lang='lat' dir='ltr'>movens</span> <span class='ocrx_word' id='word_1_84' title='bbox 603 682 786 713; x_wconf 90' lang='lat' dir='ltr'>secundum</span> <span class='ocrx_word' id='word_1_85' title='bbox 816 683 1036 720; x_wconf 87' lang='lat' dir='ltr'>substantiam,</span> <span class='ocrx_word' id='word_1_86' title='bbox 1065 684 1212 724; x_wconf 87' lang='lat' dir='ltr'>proxime</span> <span class='ocrx_word' id='word_1_87' title='bbox 1240 689 1350 714; x_wconf 89' lang='lat' dir='ltr'>autem</span> 
     </span>
     <span class='ocr_line' id='line_1_14' title="bbox 277 727 1350 767; baseline 0.001 -10"><span class='ocrx_word' id='word_1_88' title='bbox 277 736 415 758; x_wconf 89' lang='lat' dir='ltr'>movens</span> <span class='ocrx_word' id='word_1_89' title='bbox 438 737 497 767; x_wconf 91' lang='lat' dir='ltr'>per</span> <span class='ocrx_word' id='word_1_90' title='bbox 519 727 717 767; x_wconf 82' lang='lat' dir='ltr'>potentiam3</span> <span class='ocrx_word' id='word_1_91' title='bbox 742 733 774 757; x_wconf 90' lang='lat' dir='ltr'>et</span> <span class='ocrx_word' id='word_1_92' title='bbox 797 737 865 758; x_wconf 87' lang='lat' dir='ltr'>esse</span> <span class='ocrx_word' id='word_1_93' title='bbox 888 733 1012 767; x_wconf 89' lang='lat' dir='ltr'>partem</span> <span class='ocrx_word' id='word_1_94' title='bbox 1034 729 1081 758; x_wconf 91' lang='lat' dir='ltr'>rei</span> <span class='ocrx_word' id='word_1_95' title='bbox 1110 733 1220 758; x_wconf 90' lang='lat' dir='ltr'>motae</span> <span class='ocrx_word' id='word_1_96' title='bbox 1242 733 1280 758; x_wconf 91' lang='lat' dir='ltr'>ut</span> <span class='ocrx_word' id='word_1_97' title='bbox 1302 733 1350 758; x_wconf 92' lang='lat' dir='ltr'>est</span> 
     </span>
     <span class='ocr_line' id='line_1_15' title="bbox 277 771 888 802; baseline 0 0"><span class='ocrx_word' id='word_1_98' title='bbox 277 772 430 802; x_wconf 87' lang='lat' dir='ltr'>materiae</span> <span class='ocrx_word' id='word_1_99' title='bbox 452 771 635 802; x_wconf 89' lang='lat' dir='ltr'>secundum</span> <span class='ocrx_word' id='word_1_100' title='bbox 658 781 727 802; x_wconf 88' lang='lat' dir='ltr'>esse</span> <span class='ocrx_word' id='word_1_101' title='bbox 749 772 888 802; x_wconf 89' lang='lat' dir='ltr'>unitum.</span> 
     </span>
    </p>

    <p class='ocr_par' dir='ltr' id='par_1_6' title="bbox 274 815 1351 1559">
     <span class='ocr_line' id='line_1_16' title="bbox 332 815 1350 852; baseline 0 -6"><span class='ocrx_word' id='word_1_102' title='bbox 332 815 386 846; x_wconf 87' lang='lat' dir='ltr'>Ad</span> <span class='ocrx_word' id='word_1_103' title='bbox 415 816 544 846; x_wconf 91' lang='lat' dir='ltr'>tertium</span> <span class='ocrx_word' id='word_1_104' title='bbox 578 815 704 852; x_wconf 88' lang='lat' dir='ltr'>dicitur,</span> <span class='ocrx_word' id='word_1_105' title='bbox 736 825 774 846; x_wconf 91' lang='lat' dir='ltr'>ex</span> <span class='ocrx_word' id='word_1_106' title='bbox 804 816 950 846; x_wconf 87' lang='lat' dir='ltr'>doctrina</span> <span class='ocrx_word' id='word_1_107' title='bbox 980 816 1090 847; x_wconf 90' lang='lat' dir='ltr'>Sancti</span> <span class='ocrx_word' id='word_1_108' title='bbox 1118 815 1265 846; x_wconf 87' lang='lat' dir='ltr'>Thomae</span> <span class='ocrx_word' id='word_1_109' title='bbox 1287 817 1350 846; x_wconf 92' lang='lat' dir='ltr'>Po-</span> 
     </span>
     <span class='ocr_line' id='line_1_17' title="bbox 278 859 1350 900; baseline 0 -10"><span class='ocrx_word' id='word_1_110' title='bbox 278 859 390 896; x_wconf 82' lang='lat' dir='ltr'>tentia,</span> <span class='ocrx_word' id='word_1_111' title='bbox 414 869 446 900; x_wconf 90' lang='lat' dir='ltr'>q.</span> <span class='ocrx_word' id='word_1_112' title='bbox 461 870 493 896; x_wconf 81' lang='lat' dir='ltr'>v,</span> <span class='ocrx_word' id='word_1_113' title='bbox 509 870 537 890; x_wconf 91' lang='lat' dir='ltr'>a.</span> <span class='ocrx_word' id='word_1_114' title='bbox 556 860 586 896; x_wconf 92' lang='lat'>8,</span> <span class='ocrx_word' id='word_1_115' title='bbox 603 866 640 890; x_wconf 94' lang='lat' dir='ltr'>ut</span> <span class='ocrx_word' id='word_1_116' title='bbox 655 859 779 891; x_wconf 89' lang='lat' dir='ltr'>dictum</span> <span class='ocrx_word' id='word_1_117' title='bbox 794 865 842 891; x_wconf 89' lang='lat' dir='ltr'>est</span> <span class='ocrx_word' id='word_1_118' title='bbox 864 860 1012 900; x_wconf 89' lang='lat' dir='ltr'>superius</span> <span class='ocrx_word' id='word_1_119' title='bbox 1031 869 1101 900; x_wconf 89' lang='lat' dir='ltr'>cap.</span> <span class='ocrx_word' id='word_1_120' title='bbox 1118 869 1159 890; x_wconf 87' lang='lat' dir='ltr'>xx</span> <span class='ocrx_word' id='word_1_121' title='bbox 1182 860 1278 890; x_wconf 88' lang='lat' dir='ltr'>huius</span> <span class='ocrx_word' id='word_1_122' title='bbox 1301 869 1350 890; x_wconf 91' lang='lat' dir='ltr'>se-</span> 
     </span>
     <span class='ocr_line' id='line_1_18' title="bbox 278 904 1350 945; baseline -0.001 -10"><span class='ocrx_word' id='word_1_123' title='bbox 278 904 378 935; x_wconf 89' lang='lat' dir='ltr'>cundi</span> <span class='ocrx_word' id='word_1_124' title='bbox 399 904 472 935; x_wconf 88' lang='lat' dir='ltr'>libri</span> <span class='ocrx_word' id='word_1_125' title='bbox 483 906 510 941; x_wconf 55' lang='grc' dir='ltr'>’ξ</span> <span class='ocrx_word' id='word_1_126' title='bbox 527 904 619 945; x_wconf 94' lang='lat' dir='ltr'>quod</span> <span class='ocrx_word' id='word_1_127' title='bbox 634 905 793 945; x_wconf 82' lang='lat' dir='ltr'>duplicem</span> <span class='ocrx_word' id='word_1_128' title='bbox 808 905 968 935; x_wconf 85' lang='lat' dir='ltr'>actionem</span> <span class='ocrx_word' id='word_1_129' title='bbox 984 904 1079 935; x_wconf 80' lang='lat' dir='ltr'>habet</span> <span class='ocrx_word' id='word_1_130' title='bbox 1093 911 1231 944; x_wconf 81' lang='lat' dir='ltr'>corpus:</span> <span class='ocrx_word' id='word_1_131' title='bbox 1251 913 1350 935; x_wconf 86' lang='lat' dir='ltr'>unam</span> 
     </span>
     <span class='ocr_line' id='line_1_19' title="bbox 276 948 1351 990; baseline -0.002 -10"><span class='ocrx_word' id='word_1_132' title='bbox 276 949 454 980; x_wconf 82' lang='lat' dir='ltr'>secundum</span> <span class='ocrx_word' id='word_1_133' title='bbox 481 949 630 990; x_wconf 78' lang='lat' dir='ltr'>corporis</span> <span class='ocrx_word' id='word_1_134' title='bbox 647 949 901 990; x_wconf 86' lang='lat' dir='ltr'>proprietatem‚·</span> <span class='ocrx_word' id='word_1_135' title='bbox 932 949 1032 979; x_wconf 84' lang='lat' dir='ltr'>aliam</span> <span class='ocrx_word' id='word_1_136' title='bbox 1061 948 1236 979; x_wconf 88' lang='lat' dir='ltr'>secundum</span> <span class='ocrx_word' id='word_1_137' title='bbox 1263 949 1351 989; x_wconf 84' lang='lat' dir='ltr'>quod</span> 
     </span>
     <span class='ocr_line' id='line_1_20' title="bbox 277 993 1349 1035; baseline 0 -11"><span class='ocrx_word' id='word_1_138' title='bbox 277 994 412 1035; x_wconf 76' lang='lat' dir='ltr'>attingit</span> <span class='ocrx_word' id='word_1_139' title='bbox 442 994 486 1024; x_wconf 88' lang='lat' dir='ltr'>ad</span> <span class='ocrx_word' id='word_1_140' title='bbox 520 994 667 1024; x_wconf 85' lang='lat' dir='ltr'>ordinem</span> <span class='ocrx_word' id='word_1_141' title='bbox 697 993 951 1024; x_wconf 82' lang='lat' dir='ltr'>substantiarum</span> <span class='ocrx_word' id='word_1_142' title='bbox 980 997 1207 1033; x_wconf 87' lang='lat' dir='ltr'>separatarum</span> <span class='ocrx_word' id='word_1_143' title='bbox 1237 993 1349 1033; x_wconf 86' lang='lat' dir='ltr'>aliquo</span> 
     </span>
     <span class='ocr_line' id='line_1_21' title="bbox 277 1037 1350 1079; baseline -0.002 -10"><span class='ocrx_word' id='word_1_144' title='bbox 277 1038 385 1075; x_wconf 85' lang='lat' dir='ltr'>modo,</span> <span class='ocrx_word' id='word_1_145' title='bbox 399 1043 553 1079; x_wconf 83' lang='lat' dir='ltr'>tanquam</span> <span class='ocrx_word' id='word_1_146' title='bbox 566 1038 691 1079; x_wconf 83' lang='lat' dir='ltr'>aliquid</span> <span class='ocrx_word' id='word_1_147' title='bbox 696 1038 903 1078; x_wconf 78' lang='lat' dir='ltr'>participans</span> <span class='ocrx_word' id='word_1_148' title='bbox 913 1037 954 1068; x_wconf 87' lang='lat' dir='ltr'>de</span> <span class='ocrx_word' id='word_1_149' title='bbox 965 1037 1060 1068; x_wconf 87' lang='lat' dir='ltr'>modo</span> <span class='ocrx_word' id='word_1_150' title='bbox 1074 1038 1228 1078; x_wconf 82' lang='lat' dir='ltr'>ipsarum.</span> <span class='ocrx_word' id='word_1_151' title='bbox 1244 1037 1350 1068; x_wconf 90' lang='lat' dir='ltr'>Prima</span> 
     </span>
     <span class='ocr_line' id='line_1_22' title="bbox 277 1081 1349 1124; baseline -0.003 -10"><span class='ocrx_word' id='word_1_152' title='bbox 277 1083 362 1114; x_wconf 82' lang='lat' dir='ltr'>aetio</span> <span class='ocrx_word' id='word_1_153' title='bbox 387 1089 434 1114; x_wconf 89' lang='lat' dir='ltr'>est</span> <span class='ocrx_word' id='word_1_154' title='bbox 457 1083 500 1114; x_wconf 87' lang='lat' dir='ltr'>ad</span> <span class='ocrx_word' id='word_1_155' title='bbox 524 1082 829 1113; x_wconf 82' lang='lat' dir='ltr'>transmutationem</span> <span class='ocrx_word' id='word_1_156' title='bbox 852 1082 1010 1112; x_wconf 88' lang='lat' dir='ltr'>materiae</span> <span class='ocrx_word' id='word_1_157' title='bbox 1025 1081 1064 1112; x_wconf 88' lang='lat' dir='ltr'>de</span> <span class='ocrx_word' id='word_1_158' title='bbox 1077 1082 1197 1124; x_wconf 88' lang='lat' dir='ltr'>forma</span> <span class='ocrx_word' id='word_1_159' title='bbox 1212 1081 1255 1112; x_wconf 80' lang='lat' dir='ltr'>ad</span> <span class='ocrx_word' id='word_1_160' title='bbox 1269 1082 1349 1123; x_wconf 91' lang='lat' dir='ltr'>for-</span> 
     </span>
     <span class='ocr_line' id='line_1_23' title="bbox 276 1126 1349 1167; baseline -0.002 -9"><span class='ocrx_word' id='word_1_161' title='bbox 276 1134 381 1158; x_wconf 81' lang='lat' dir='ltr'>mam:</span> <span class='ocrx_word' id='word_1_162' title='bbox 403 1126 546 1158; x_wconf 88' lang='lat' dir='ltr'>secunda</span> <span class='ocrx_word' id='word_1_163' title='bbox 569 1133 616 1158; x_wconf 91' lang='lat' dir='ltr'>est</span> <span class='ocrx_word' id='word_1_164' title='bbox 639 1126 683 1158; x_wconf 89' lang='lat' dir='ltr'>ad</span> <span class='ocrx_word' id='word_1_165' title='bbox 705 1127 869 1167; x_wconf 84' lang='lat' dir='ltr'>quandam</span> <span class='ocrx_word' id='word_1_166' title='bbox 898 1126 1107 1167; x_wconf 75' lang='lat' dir='ltr'>diffusionem</span> <span class='ocrx_word' id='word_1_167' title='bbox 1134 1135 1213 1156; x_wconf 85' lang='lat' dir='ltr'>suae</span> <span class='ocrx_word' id='word_1_168' title='bbox 1235 1126 1349 1156; x_wconf 88' lang='lat' dir='ltr'>simili-</span> 
     </span>
     <span class='ocr_line' id='line_1_24' title="bbox 277 1170 1349 1212; baseline -0.002 -10"><span class='ocrx_word' id='word_1_169' title='bbox 277 1171 408 1208; x_wconf 82' lang='lat' dir='ltr'>tudinis,</span> <span class='ocrx_word' id='word_1_170' title='bbox 433 1171 713 1212; x_wconf 89' lang='lat' dir='ltr'>quemadmodum</span> <span class='ocrx_word' id='word_1_171' title='bbox 733 1171 824 1202; x_wconf 92' lang='lat' dir='ltr'>color</span> <span class='ocrx_word' id='word_1_172' title='bbox 846 1180 938 1201; x_wconf 91' lang='lat' dir='ltr'>suam</span> <span class='ocrx_word' id='word_1_173' title='bbox 961 1170 1206 1201; x_wconf 90' lang='lat' dir='ltr'>similitudinem</span> <span class='ocrx_word' id='word_1_174' title='bbox 1229 1171 1293 1210; x_wconf 88' lang='lat' dir='ltr'>agit</span> <span class='ocrx_word' id='word_1_175' title='bbox 1315 1171 1349 1201; x_wconf 94' lang='lat' dir='ltr'>in</span> 
     </span>
     <span class='ocr_line' id='line_1_25' title="bbox 275 1215 1347 1256; baseline -0.003 -9"><span class='ocrx_word' id='word_1_176' title='bbox 275 1215 387 1247; x_wconf 85' lang='lat' dir='ltr'>medio</span> <span class='ocrx_word' id='word_1_177' title='bbox 402 1222 435 1247; x_wconf 91' lang='lat' dir='ltr'>et</span> <span class='ocrx_word' id='word_1_178' title='bbox 456 1217 491 1247; x_wconf 89' lang='lat' dir='ltr'>in</span> <span class='ocrx_word' id='word_1_179' title='bbox 514 1226 621 1246; x_wconf 89' lang='lat' dir='ltr'>sensu.</span> <span class='ocrx_word' id='word_1_180' title='bbox 638 1216 710 1246; x_wconf 89' lang='lat' dir='ltr'>Hac</span> <span class='ocrx_word' id='word_1_181' title='bbox 725 1216 852 1246; x_wconf 82' lang='lat' dir='ltr'>actione</span> <span class='ocrx_word' id='word_1_182' title='bbox 869 1216 996 1246; x_wconf 92' lang='lat' dir='ltr'>caelum</span> <span class='ocrx_word' id='word_1_183' title='bbox 1020 1224 1211 1256; x_wconf 86' lang='lat' dir='ltr'>empyreum</span> <span class='ocrx_word' id='word_1_184' title='bbox 1235 1215 1299 1254; x_wconf 89' lang='lat' dir='ltr'>agit</span> <span class='ocrx_word' id='word_1_185' title='bbox 1313 1215 1347 1245; x_wconf 92' lang='lat' dir='ltr'>in</span> 
     </span>
     <span class='ocr_line' id='line_1_26' title="bbox 275 1258 1347 1301; baseline -0.002 -11"><span class='ocrx_word' id='word_1_186' title='bbox 275 1260 428 1292; x_wconf 84' lang='lat' dir='ltr'>inferiora</span> <span class='ocrx_word' id='word_1_187' title='bbox 451 1270 598 1301; x_wconf 90' lang='lat' dir='ltr'>corpora,</span> <span class='ocrx_word' id='word_1_188' title='bbox 614 1269 684 1290; x_wconf 90' lang='lat' dir='ltr'>non</span> <span class='ocrx_word' id='word_1_189' title='bbox 699 1265 808 1291; x_wconf 89' lang='lat' dir='ltr'>autem</span> <span class='ocrx_word' id='word_1_190' title='bbox 825 1260 938 1300; x_wconf 89' lang='lat' dir='ltr'>prima.</span> <span class='ocrx_word' id='word_1_191' title='bbox 955 1258 1049 1290; x_wconf 90' lang='lat' dir='ltr'>Unde</span> <span class='ocrx_word' id='word_1_192' title='bbox 1064 1259 1099 1289; x_wconf 91' lang='lat' dir='ltr'>in</span> <span class='ocrx_word' id='word_1_193' title='bbox 1121 1259 1228 1289; x_wconf 87' lang='lat' dir='ltr'>Prima</span> <span class='ocrx_word' id='word_1_194' title='bbox 1245 1259 1347 1295; x_wconf 89' lang='lat' dir='ltr'>Parte,</span> 
     </span>
     <span class='ocr_line' id='line_1_27' title="bbox 275 1303 1348 1347; baseline -0.002 -12"><span class='ocrx_word' id='word_1_195' title='bbox 275 1305 333 1335; x_wconf 89' lang='lat' dir='ltr'>ubi</span> <span class='ocrx_word' id='word_1_196' title='bbox 355 1315 462 1347; x_wconf 79' lang='lat' dir='ltr'>supra,</span> <span class='ocrx_word' id='word_1_197' title='bbox 486 1305 603 1337; x_wconf 83' lang='lat' dir='ltr'>dicitur</span> <span class='ocrx_word' id='word_1_198' title='bbox 627 1304 717 1345; x_wconf 91' lang='lat' dir='ltr'>quod</span> <span class='ocrx_word' id='word_1_199' title='bbox 741 1314 806 1335; x_wconf 87' lang='lat' dir='ltr'>non</span> <span class='ocrx_word' id='word_1_200' title='bbox 830 1304 903 1345; x_wconf 81' lang='lat' dir='ltr'>agit</span> <span class='ocrx_word' id='word_1_201' title='bbox 917 1303 1041 1344; x_wconf 85' lang='lat' dir='ltr'>aliquid</span> <span class='ocrx_word' id='word_1_202' title='bbox 1057 1303 1218 1333; x_wconf 78' lang='lat' dir='ltr'>transiens</span> <span class='ocrx_word' id='word_1_203' title='bbox 1241 1308 1272 1333; x_wconf 91' lang='lat' dir='ltr'>et</span> <span class='ocrx_word' id='word_1_204' title='bbox 1289 1303 1348 1333; x_wconf 88' lang='lat' dir='ltr'>ad-</span> 
     </span>
     <span class='ocr_line' id='line_1_28' title="bbox 275 1348 1348 1390; baseline -0.003 -10"><span class='ocrx_word' id='word_1_205' title='bbox 275 1350 407 1381; x_wconf 67' lang='lat' dir='ltr'>veniens</span> <span class='ocrx_word' id='word_1_206' title='bbox 423 1352 488 1390; x_wconf 74' lang='lat' dir='ltr'>pe&#39;r</span> <span class='ocrx_word' id='word_1_207' title='bbox 504 1354 636 1384; x_wconf 88' lang='lat' dir='ltr'>motum,</span> <span class='ocrx_word' id='word_1_208' title='bbox 653 1349 718 1379; x_wconf 93' lang='lat' dir='ltr'>hoc</span> <span class='ocrx_word' id='word_1_209' title='bbox 734 1354 791 1385; x_wconf 92' lang='lat' dir='ltr'>est,</span> <span class='ocrx_word' id='word_1_210' title='bbox 802 1358 862 1389; x_wconf 91' lang='lat' dir='ltr'>per</span> <span class='ocrx_word' id='word_1_211' title='bbox 878 1348 1182 1378; x_wconf 84' lang='lat' dir='ltr'>transmutationem</span> <span class='ocrx_word' id='word_1_212' title='bbox 1197 1348 1348 1378; x_wconf 90' lang='lat' dir='ltr'>materiae</span> 
     </span>
     <span class='ocr_line' id='line_1_29' title="bbox 276 1391 1347 1433; baseline -0.004 -8"><span class='ocrx_word' id='word_1_213' title='bbox 276 1392 316 1424; x_wconf 86' lang='lat' dir='ltr'>de</span> <span class='ocrx_word' id='word_1_214' title='bbox 339 1393 444 1425; x_wconf 86' lang='lat' dir='ltr'>forma</span> <span class='ocrx_word' id='word_1_215' title='bbox 467 1393 507 1424; x_wconf 86' lang='lat' dir='ltr'>ad</span> <span class='ocrx_word' id='word_1_216' title='bbox 530 1393 679 1429; x_wconf 86' lang='lat' dir='ltr'>formam,</span> <span class='ocrx_word' id='word_1_217' title='bbox 708 1393 766 1423; x_wconf 87' lang='lat' dir='ltr'>sed</span> <span class='ocrx_word' id='word_1_218' title='bbox 797 1392 922 1433; x_wconf 83' lang='lat' dir='ltr'>aliquid</span> <span class='ocrx_word' id='word_1_219' title='bbox 933 1392 1047 1433; x_wconf 86' lang='lat' dir='ltr'>fixum</span> <span class='ocrx_word' id='word_1_220' title='bbox 1070 1397 1101 1422; x_wconf 85' lang='lat' dir='ltr'>et</span> <span class='ocrx_word' id='word_1_221' title='bbox 1122 1391 1245 1426; x_wconf 81' lang='lat' dir='ltr'>stabile,</span> <span class='ocrx_word' id='word_1_222' title='bbox 1264 1396 1347 1431; x_wconf 88' lang='lat' dir='ltr'>puta</span> 
     </span>
     <span class='ocr_line' id='line_1_30' title="bbox 275 1435 1348 1476; baseline -0.005 -6"><span class='ocrx_word' id='word_1_223' title='bbox 275 1439 426 1470; x_wconf 74' lang='lat' dir='ltr'>virtutem</span> <span class='ocrx_word' id='word_1_224' title='bbox 442 1437 630 1469; x_wconf 84' lang='lat' dir='ltr'>continendi</span> <span class='ocrx_word' id='word_1_225' title='bbox 645 1443 677 1468; x_wconf 87' lang='lat' dir='ltr'>et</span> <span class='ocrx_word' id='word_1_226' title='bbox 691 1437 858 1468; x_wconf 86' lang='lat' dir='ltr'>causandi.</span> <span class='ocrx_word' id='word_1_227' title='bbox 874 1454 896 1459; x_wconf 85' lang='lat'><em>-</em></span> <span class='ocrx_word' id='word_1_228' title='bbox 912 1436 1098 1476; x_wconf 90' lang='lat' dir='ltr'>Propositio</span> <span class='ocrx_word' id='word_1_229' title='bbox 1114 1440 1223 1466; x_wconf 88' lang='lat' dir='ltr'>autem</span> <span class='ocrx_word' id='word_1_230' title='bbox 1239 1435 1348 1466; x_wconf 82' lang='lat' dir='ltr'>Sancti</span> 
     </span>
     <span class='ocr_line' id='line_1_31' title="bbox 275 1479 1346 1522; baseline -0.005 -8"><span class='ocrx_word' id='word_1_231' title='bbox 275 1483 426 1515; x_wconf 83' lang='lat' dir='ltr'>Thomae</span> <span class='ocrx_word' id='word_1_232' title='bbox 448 1482 637 1522; x_wconf 84' lang='lat' dir='ltr'>intelligitur</span> <span class='ocrx_word' id='word_1_233' title='bbox 652 1481 692 1512; x_wconf 91' lang='lat' dir='ltr'>de</span> <span class='ocrx_word' id='word_1_234' title='bbox 715 1481 819 1521; x_wconf 90' lang='lat' dir='ltr'>prima</span> <span class='ocrx_word' id='word_1_235' title='bbox 834 1481 991 1516; x_wconf 89' lang='lat' dir='ltr'>motione,</span> <span class='ocrx_word' id='word_1_236' title='bbox 1015 1489 1083 1510; x_wconf 90' lang='lat' dir='ltr'>non</span> <span class='ocrx_word' id='word_1_237' title='bbox 1102 1485 1211 1510; x_wconf 90' lang='lat' dir='ltr'>autem</span> <span class='ocrx_word' id='word_1_238' title='bbox 1235 1479 1275 1509; x_wconf 88' lang='lat' dir='ltr'>de</span> <span class='ocrx_word' id='word_1_239' title='bbox 1297 1489 1346 1509; x_wconf 88' lang='lat' dir='ltr'>se-</span> 
     </span>
     <span class='ocr_line' id='line_1_32' title="bbox 274 1524 940 1559; baseline -0.008 0"><span class='ocrx_word' id='word_1_240' title='bbox 274 1527 392 1559; x_wconf 86' lang='lat' dir='ltr'>cunda.</span> <span class='ocrx_word' id='word_1_241' title='bbox 415 1526 511 1558; x_wconf 87' lang='lat' dir='ltr'>Unde</span> <span class='ocrx_word' id='word_1_242' title='bbox 533 1526 624 1557; x_wconf 86' lang='lat' dir='ltr'>nulla</span> <span class='ocrx_word' id='word_1_243' title='bbox 646 1531 694 1556; x_wconf 92' lang='lat' dir='ltr'>est</span> <span class='ocrx_word' id='word_1_244' title='bbox 717 1524 940 1555; x_wconf 86' lang='lat' dir='ltr'>contradictio.</span> 
     </span>
    </p>
   </div>
   <div class='ocr_carea' id='block_1_6' title="bbox 2392 298 2469 347">
    <p class='ocr_par' dir='ltr' id='par_1_7' title="bbox 2392 298 2469 347">
     <span class='ocr_line' id='line_1_33' title="bbox 2392 298 2469 347; baseline 0.013 -1"><span class='ocrx_word' id='word_1_245' title='bbox 2392 298 2469 347; x_wconf 88' lang='lat'>437</span> 
     </span>
    </p>
   </div>
   <div class='ocr_carea' id='block_1_7' title="bbox 1400 375 2470 1563">
    <p class='ocr_par' dir='ltr' id='par_1_8' title="bbox 1402 375 2470 463">
     <span class='ocr_line' id='line_1_34' title="bbox 1459 375 2470 416; baseline 0.005 -11"><span class='ocrx_word' id='word_1_246' title='bbox 1459 375 1498 405; x_wconf 92' lang='lat' dir='ltr'>V.</span> <span class='ocrx_word' id='word_1_247' title='bbox 1526 375 1658 412; x_wconf 87' lang='lat' dir='ltr'>Quinto.</span> <span class='ocrx_word' id='word_1_248' title='bbox 1675 376 1854 416; x_wconf 82' lang='lat' dir='ltr'>Intelligere</span> <span class='ocrx_word' id='word_1_249' title='bbox 1871 382 1918 407; x_wconf 86' lang='lat' dir='ltr'>est</span> <span class='ocrx_word' id='word_1_250' title='bbox 1933 382 2022 407; x_wconf 91' lang='lat' dir='ltr'>actus</span> <span class='ocrx_word' id='word_1_251' title='bbox 2038 378 2173 414; x_wconf 88' lang='lat' dir='ltr'>animae,</span> <span class='ocrx_word' id='word_1_252' title='bbox 2189 387 2259 408; x_wconf 90' lang='lat' dir='ltr'>non</span> <span class='ocrx_word' id='word_1_253' title='bbox 2274 383 2383 410; x_wconf 88' lang='lat' dir='ltr'>autem</span> <span class='ocrx_word' id='word_1_254' title='bbox 2399 388 2470 410; x_wconf 90' lang='lat' dir='ltr'>cor-</span> 
     </span>
     <span class='ocr_line' id='line_1_35' title="bbox 1402 420 2423 463; baseline 0.005 -14"><span class='ocrx_word' id='word_1_255' title='bbox 1402 420 1500 459; x_wconf 89' lang='lat' dir='ltr'>poris.</span> <span class='ocrx_word' id='word_1_256' title='bbox 1524 420 1610 460; x_wconf 86' lang='lat' dir='ltr'>Ergo</span> <span class='ocrx_word' id='word_1_257' title='bbox 1634 421 1750 457; x_wconf 91' lang='lat' dir='ltr'>anima,</span> <span class='ocrx_word' id='word_1_258' title='bbox 1774 421 1886 451; x_wconf 89' lang='lat' dir='ltr'>saltem</span> <span class='ocrx_word' id='word_1_259' title='bbox 1908 421 2111 458; x_wconf 85' lang='lat' dir='ltr'>intellectiva,</span> <span class='ocrx_word' id='word_1_260' title='bbox 2134 431 2203 453; x_wconf 91' lang='lat' dir='ltr'>non</span> <span class='ocrx_word' id='word_1_261' title='bbox 2226 427 2272 453; x_wconf 90' lang='lat' dir='ltr'>est</span> <span class='ocrx_word' id='word_1_262' title='bbox 2295 432 2423 463; x_wconf 75' lang='lat' dir='ltr'>corpus,</span> 
     </span>
    </p>

    <p class='ocr_par' dir='ltr' id='par_1_9' title="bbox 1402 463 2470 640">
     <span class='ocr_line' id='line_1_36' title="bbox 1457 463 2470 501; baseline 0.005 -8"><span class='ocrx_word' id='word_1_263' title='bbox 1457 464 1511 493; x_wconf 91' lang='lat' dir='ltr'>VI.</span> <span class='ocrx_word' id='word_1_264' title='bbox 1536 463 1705 501; x_wconf 89' lang='lat' dir='ltr'>Quantum</span> <span class='ocrx_word' id='word_1_265' title='bbox 1728 464 1768 494; x_wconf 91' lang='lat' dir='ltr'>ad</span> <span class='ocrx_word' id='word_1_266' title='bbox 1792 464 1982 501; x_wconf 85' lang='lat' dir='ltr'>secundum,</span> <span class='ocrx_word' id='word_1_267' title='bbox 2010 466 2179 497; x_wconf 87' lang='lat' dir='ltr'>solvuntur</span> <span class='ocrx_word' id='word_1_268' title='bbox 2195 467 2334 497; x_wconf 89' lang='lat' dir='ltr'>rationes</span> <span class='ocrx_word' id='word_1_269' title='bbox 2357 472 2470 498; x_wconf 85' lang='lat' dir='ltr'>contra</span> 
     </span>
     <span class='ocr_line' id='line_1_37' title="bbox 1403 507 2467 550; baseline 0.005 -13"><span class='ocrx_word' id='word_1_270' title='bbox 1403 507 1648 538; x_wconf 90' lang='lat' dir='ltr'>conclusionem</span> <span class='ocrx_word' id='word_1_271' title='bbox 1660 509 1688 538; x_wconf 50' lang='grc' dir='ltr'>ὓ.</span> <span class='ocrx_word' id='word_1_272' title='bbox 1704 508 1890 548; x_wconf 84' lang='lat' dir='ltr'>Arguebant</span> <span class='ocrx_word' id='word_1_273' title='bbox 1905 510 1993 540; x_wconf 91' lang='lat' dir='ltr'>enim</span> <span class='ocrx_word' id='word_1_274' title='bbox 2009 510 2141 550; x_wconf 88' lang='lat' dir='ltr'>quidam</span> <span class='ocrx_word' id='word_1_275' title='bbox 2156 511 2297 542; x_wconf 87' lang='lat' dir='ltr'>animam</span> <span class='ocrx_word' id='word_1_276' title='bbox 2312 521 2380 542; x_wconf 87' lang='lat' dir='ltr'>esse</span> <span class='ocrx_word' id='word_1_277' title='bbox 2396 521 2467 542; x_wconf 91' lang='lat' dir='ltr'>cor-</span> 
     </span>
     <span class='ocr_line' id='line_1_38' title="bbox 1402 551 2467 593; baseline 0.005 -12"><span class='ocrx_word' id='word_1_278' title='bbox 1402 561 1478 591; x_wconf 89' lang='lat' dir='ltr'>pus:</span> <span class='ocrx_word' id='word_1_279' title='bbox 1501 557 1573 582; x_wconf 89' lang='lat' dir='ltr'>tum</span> <span class='ocrx_word' id='word_1_280' title='bbox 1585 553 1662 592; x_wconf 91' lang='lat' dir='ltr'>quia</span> <span class='ocrx_word' id='word_1_281' title='bbox 1684 551 1768 582; x_wconf 88' lang='lat' dir='ltr'>filius</span> <span class='ocrx_word' id='word_1_282' title='bbox 1784 553 1974 583; x_wconf 88' lang='lat' dir='ltr'>assimilatur</span> <span class='ocrx_word' id='word_1_283' title='bbox 1988 555 2070 593; x_wconf 86' lang='lat' dir='ltr'>patri</span> <span class='ocrx_word' id='word_1_284' title='bbox 2090 555 2186 585; x_wconf 89' lang='lat' dir='ltr'>etiam</span> <span class='ocrx_word' id='word_1_285' title='bbox 2201 556 2234 585; x_wconf 92' lang='lat' dir='ltr'>in</span> <span class='ocrx_word' id='word_1_286' title='bbox 2250 555 2467 586; x_wconf 75' lang='lat' dir='ltr'>accidentibus</span> 
     </span>
     <span class='ocr_line' id='line_1_39' title="bbox 1402 596 2466 640; baseline 0.006 -15"><span class='ocrx_word' id='word_1_287' title='bbox 1402 596 1539 632; x_wconf 90' lang='lat' dir='ltr'>animae,</span> <span class='ocrx_word' id='word_1_288' title='bbox 1558 605 1635 626; x_wconf 91' lang='lat' dir='ltr'>cum</span> <span class='ocrx_word' id='word_1_289' title='bbox 1650 601 1759 626; x_wconf 90' lang='lat' dir='ltr'>tamen</span> <span class='ocrx_word' id='word_1_290' title='bbox 1777 602 1947 636; x_wconf 88' lang='lat' dir='ltr'>generetur</span> <span class='ocrx_word' id='word_1_291' title='bbox 1963 607 2021 637; x_wconf 92' lang='lat' dir='ltr'>per</span> <span class='ocrx_word' id='word_1_292' title='bbox 2039 598 2237 630; x_wconf 89' lang='lat' dir='ltr'>decisionem</span> <span class='ocrx_word' id='word_1_293' title='bbox 2254 601 2466 640; x_wconf 89' lang='lat' dir='ltr'>corporalem.</span> 
     </span>
    </p>

    <p class='ocr_par' dir='ltr' id='par_1_10' title="bbox 1458 640 2156 682">
     <span class='ocr_line' id='line_1_40' title="bbox 1458 640 2156 682; baseline 0.004 -12"><span class='ocrx_word' id='word_1_294' title='bbox 1458 640 1547 670; x_wconf 90' lang='lat' dir='ltr'>Tum</span> <span class='ocrx_word' id='word_1_295' title='bbox 1571 641 1647 680; x_wconf 86' lang='lat' dir='ltr'>quia</span> <span class='ocrx_word' id='word_1_296' title='bbox 1669 641 1776 670; x_wconf 88' lang='lat' dir='ltr'>anima</span> <span class='ocrx_word' id='word_1_297' title='bbox 1799 642 1994 681; x_wconf 89' lang='lat' dir='ltr'>compatitur</span> <span class='ocrx_word' id='word_1_298' title='bbox 2017 644 2156 682; x_wconf 88' lang='lat' dir='ltr'>corpori.</span> 
     </span>
    </p>

    <p class='ocr_par' dir='ltr' id='par_1_11' title="bbox 1402 684 2467 768">
     <span class='ocr_line' id='line_1_41' title="bbox 1458 684 2467 729; baseline 0.006 -16"><span class='ocrx_word' id='word_1_299' title='bbox 1458 684 1547 714; x_wconf 89' lang='lat' dir='ltr'>Tum</span> <span class='ocrx_word' id='word_1_300' title='bbox 1570 685 1646 724; x_wconf 91' lang='lat' dir='ltr'>quia</span> <span class='ocrx_word' id='word_1_301' title='bbox 1664 694 1682 714; x_wconf 91' lang='lat' dir='ltr'>a</span> <span class='ocrx_word' id='word_1_302' title='bbox 1701 693 1838 724; x_wconf 90' lang='lat' dir='ltr'>corpore</span> <span class='ocrx_word' id='word_1_303' title='bbox 1858 691 2032 725; x_wconf 88' lang='lat' dir='ltr'>separatur.</span> <span class='ocrx_word' id='word_1_304' title='bbox 2055 686 2220 727; x_wconf 89' lang='lat' dir='ltr'>Separatio</span> <span class='ocrx_word' id='word_1_305' title='bbox 2244 689 2331 718; x_wconf 91' lang='lat' dir='ltr'>enim</span> <span class='ocrx_word' id='word_1_306' title='bbox 2350 698 2467 729; x_wconf 81' lang='lat' dir='ltr'>corpo-</span> 
     </span>
     <span class='ocr_line' id='line_1_42' title="bbox 1402 729 1836 768; baseline 0.002 -10"><span class='ocrx_word' id='word_1_307' title='bbox 1402 737 1475 758; x_wconf 89' lang='lat' dir='ltr'>rum</span> <span class='ocrx_word' id='word_1_308' title='bbox 1497 738 1532 759; x_wconf 90' lang='lat' dir='ltr'>se</span> <span class='ocrx_word' id='word_1_309' title='bbox 1554 729 1756 768; x_wconf 85' lang='lat' dir='ltr'>tangentium</span> <span class='ocrx_word' id='word_1_310' title='bbox 1779 734 1836 759; x_wconf 89' lang='lat' dir='ltr'>est.</span> 
     </span>
    </p>

    <p class='ocr_par' dir='ltr' id='par_1_12' title="bbox 1402 772 2468 1034">
     <span class='ocr_line' id='line_1_43' title="bbox 1459 772 2468 815; baseline 0.003 -12"><span class='ocrx_word' id='word_1_311' title='bbox 1459 782 1490 802; x_wconf 88' lang='lat'>2.</span> <span class='ocrx_word' id='word_1_312' title='bbox 1513 772 1566 803; x_wconf 90' lang='lat' dir='ltr'>Ad</span> <span class='ocrx_word' id='word_1_313' title='bbox 1588 773 1699 803; x_wconf 89' lang='lat' dir='ltr'>omnia</span> <span class='ocrx_word' id='word_1_314' title='bbox 1724 778 1833 803; x_wconf 87' lang='lat' dir='ltr'>autem</span> <span class='ocrx_word' id='word_1_315' title='bbox 1855 773 1914 803; x_wconf 89' lang='lat' dir='ltr'>ista</span> <span class='ocrx_word' id='word_1_316' title='bbox 1940 773 2153 813; x_wconf 88' lang='lat' dir='ltr'>respondetur</span> <span class='ocrx_word' id='word_1_317' title='bbox 2177 775 2326 815; x_wconf 90' lang='lat' dir='ltr'>negando</span> <span class='ocrx_word' id='word_1_318' title='bbox 2354 785 2468 806; x_wconf 91' lang='lat' dir='ltr'>conse-</span> 
     </span>
     <span class='ocr_line' id='line_1_44' title="bbox 1403 817 2468 858; baseline 0.003 -11"><span class='ocrx_word' id='word_1_319' title='bbox 1403 818 1579 857; x_wconf 89' lang='lat' dir='ltr'>quentiam.</span> <span class='ocrx_word' id='word_1_320' title='bbox 1603 817 1644 847; x_wconf 90' lang='lat' dir='ltr'>Et</span> <span class='ocrx_word' id='word_1_321' title='bbox 1667 817 1783 848; x_wconf 91' lang='lat' dir='ltr'>dicitur</span> <span class='ocrx_word' id='word_1_322' title='bbox 1797 817 1838 848; x_wconf 92' lang='lat' dir='ltr'>ad</span> <span class='ocrx_word' id='word_1_323' title='bbox 1859 818 2011 857; x_wconf 88' lang='lat' dir='ltr'>primum,</span> <span class='ocrx_word' id='word_1_324' title='bbox 2029 818 2119 858; x_wconf 95' lang='lat' dir='ltr'>quod</span> <span class='ocrx_word' id='word_1_325' title='bbox 2133 819 2203 849; x_wconf 88' lang='lat' dir='ltr'>talis</span> <span class='ocrx_word' id='word_1_326' title='bbox 2221 820 2404 850; x_wconf 89' lang='lat' dir='ltr'>assimilatio</span> <span class='ocrx_word' id='word_1_327' title='bbox 2420 825 2468 850; x_wconf 66' lang='lat' dir='ltr'>est</span> 
     </span>
     <span class='ocr_line' id='line_1_45' title="bbox 1403 861 2468 903; baseline 0.003 -12"><span class='ocrx_word' id='word_1_328' title='bbox 1403 861 1479 901; x_wconf 89' lang='lat' dir='ltr'>quia</span> <span class='ocrx_word' id='word_1_329' title='bbox 1495 861 1679 901; x_wconf 84' lang='lat' dir='ltr'>complexio</span> <span class='ocrx_word' id='word_1_330' title='bbox 1695 862 1841 902; x_wconf 88' lang='lat' dir='ltr'>corporis</span> <span class='ocrx_word' id='word_1_331' title='bbox 1857 867 1904 892; x_wconf 88' lang='lat' dir='ltr'>est</span> <span class='ocrx_word' id='word_1_332' title='bbox 1927 861 2037 902; x_wconf 90' lang='lat' dir='ltr'>aliquo</span> <span class='ocrx_word' id='word_1_333' title='bbox 2053 862 2153 892; x_wconf 93' lang='lat' dir='ltr'>modo</span> <span class='ocrx_word' id='word_1_334' title='bbox 2170 872 2265 893; x_wconf 89' lang='lat' dir='ltr'>causa</span> <span class='ocrx_word' id='word_1_335' title='bbox 2280 865 2468 903; x_wconf 90' lang='lat' dir='ltr'>passionum</span> 
     </span>
     <span class='ocr_line' id='line_1_46' title="bbox 1403 905 2467 946; baseline 0.003 -11"><span class='ocrx_word' id='word_1_336' title='bbox 1403 906 1529 936; x_wconf 87' lang='lat' dir='ltr'>animae</span> <span class='ocrx_word' id='word_1_337' title='bbox 1545 915 1603 945; x_wconf 90' lang='lat' dir='ltr'>per</span> <span class='ocrx_word' id='word_1_338' title='bbox 1618 905 1756 936; x_wconf 91' lang='lat' dir='ltr'>modum</span> <span class='ocrx_word' id='word_1_339' title='bbox 1771 905 1981 946; x_wconf 87' lang='lat' dir='ltr'>disponentis.</span> <span class='ocrx_word' id='word_1_340' title='bbox 2005 906 2047 936; x_wconf 90' lang='lat' dir='ltr'>Et</span> <span class='ocrx_word' id='word_1_341' title='bbox 2068 906 2155 943; x_wconf 91' lang='lat' dir='ltr'>ideo,</span> <span class='ocrx_word' id='word_1_342' title='bbox 2174 907 2231 937; x_wconf 92' lang='lat' dir='ltr'>ubi</span> <span class='ocrx_word' id='word_1_343' title='bbox 2254 913 2328 937; x_wconf 87' lang='lat' dir='ltr'>sunt</span> <span class='ocrx_word' id='word_1_344' title='bbox 2349 908 2467 938; x_wconf 87' lang='lat' dir='ltr'>similes</span> 
     </span>
     <span class='ocr_line' id='line_1_47' title="bbox 1403 949 2466 991; baseline 0.002 -11"><span class='ocrx_word' id='word_1_345' title='bbox 1403 950 1655 990; x_wconf 89' lang='lat' dir='ltr'>complexiones,</span> <span class='ocrx_word' id='word_1_346' title='bbox 1672 955 1805 990; x_wconf 89' lang='lat' dir='ltr'>propter</span> <span class='ocrx_word' id='word_1_347' title='bbox 1820 950 1940 981; x_wconf 92' lang='lat' dir='ltr'>scilicet</span> <span class='ocrx_word' id='word_1_348' title='bbox 1952 949 2127 982; x_wconf 87' lang='lat' dir='ltr'>efficaciam</span> <span class='ocrx_word' id='word_1_349' title='bbox 2142 951 2266 981; x_wconf 87' lang='lat' dir='ltr'>virtutis</span> <span class='ocrx_word' id='word_1_350' title='bbox 2277 953 2466 991; x_wconf 78' lang='lat' dir='ltr'>generantis,</span> 
     </span>
     <span class='ocr_line' id='line_1_48' title="bbox 1402 994 2224 1034; baseline 0.001 -10"><span class='ocrx_word' id='word_1_351' title='bbox 1402 999 1477 1024; x_wconf 88' lang='lat' dir='ltr'>sunt</span> <span class='ocrx_word' id='word_1_352' title='bbox 1499 1003 1733 1034; x_wconf 88' lang='lat' dir='ltr'>saepenumero</span> <span class='ocrx_word' id='word_1_353' title='bbox 1757 994 1876 1025; x_wconf 87' lang='lat' dir='ltr'>similes</span> <span class='ocrx_word' id='word_1_354' title='bbox 1899 995 2025 1025; x_wconf 81' lang='lat' dir='ltr'>animae</span> <span class='ocrx_word' id='word_1_355' title='bbox 2048 996 2224 1034; x_wconf 89' lang='lat' dir='ltr'>passiones.</span> 
     </span>
    </p>

    <p class='ocr_par' dir='ltr' id='par_1_13' title="bbox 1401 1038 2468 1168">
     <span class='ocr_line' id='line_1_49' title="bbox 1457 1038 2468 1080; baseline 0.001 -11"><span class='ocrx_word' id='word_1_356' title='bbox 1457 1038 1510 1069; x_wconf 93' lang='lat' dir='ltr'>Ad</span> <span class='ocrx_word' id='word_1_357' title='bbox 1532 1038 1713 1069; x_wconf 87' lang='lat' dir='ltr'>secundum</span> <span class='ocrx_word' id='word_1_358' title='bbox 1735 1038 1850 1069; x_wconf 90' lang='lat' dir='ltr'>dicitur</span> <span class='ocrx_word' id='word_1_359' title='bbox 1872 1038 1963 1079; x_wconf 94' lang='lat' dir='ltr'>quod</span> <span class='ocrx_word' id='word_1_360' title='bbox 1988 1040 2096 1070; x_wconf 89' lang='lat' dir='ltr'>anima</span> <span class='ocrx_word' id='word_1_361' title='bbox 2123 1049 2181 1080; x_wconf 89' lang='lat' dir='ltr'>per</span> <span class='ocrx_word' id='word_1_362' title='bbox 2203 1038 2352 1070; x_wconf 86' lang='lat' dir='ltr'>accidens</span> <span class='ocrx_word' id='word_1_363' title='bbox 2378 1049 2468 1070; x_wconf 90' lang='lat' dir='ltr'>com-</span> 
     </span>
     <span class='ocr_line' id='line_1_50' title="bbox 1401 1082 2467 1124; baseline 0.002 -11"><span class='ocrx_word' id='word_1_364' title='bbox 1401 1083 1521 1123; x_wconf 76' lang='lat' dir='ltr'>patitur</span> <span class='ocrx_word' id='word_1_365' title='bbox 1544 1084 1684 1123; x_wconf 88' lang='lat' dir='ltr'>corpori,</span> <span class='ocrx_word' id='word_1_366' title='bbox 1709 1084 1784 1123; x_wconf 92' lang='lat' dir='ltr'>quia</span> <span class='ocrx_word' id='word_1_367' title='bbox 1807 1088 1855 1114; x_wconf 92' lang='lat' dir='ltr'>est</span> <span class='ocrx_word' id='word_1_368' title='bbox 1877 1082 1982 1114; x_wconf 88' lang='lat' dir='ltr'>forma</span> <span class='ocrx_word' id='word_1_369' title='bbox 2004 1084 2088 1114; x_wconf 88' lang='lat' dir='ltr'>eius:</span> <span class='ocrx_word' id='word_1_370' title='bbox 2112 1089 2182 1114; x_wconf 93' lang='lat' dir='ltr'>toto</span> <span class='ocrx_word' id='word_1_371' title='bbox 2207 1084 2294 1114; x_wconf 89' lang='lat' dir='ltr'>enim</span> <span class='ocrx_word' id='word_1_372' title='bbox 2315 1085 2467 1124; x_wconf 87' lang='lat' dir='ltr'>patiente,</span> 
     </span>
     <span class='ocr_line' id='line_1_51' title="bbox 1402 1127 2399 1168; baseline 0.002 -11"><span class='ocrx_word' id='word_1_373' title='bbox 1402 1132 1531 1167; x_wconf 88' lang='lat' dir='ltr'>oportet</span> <span class='ocrx_word' id='word_1_374' title='bbox 1555 1132 1587 1157; x_wconf 86' lang='lat' dir='ltr'>et</span> <span class='ocrx_word' id='word_1_375' title='bbox 1609 1128 1760 1164; x_wconf 89' lang='lat' dir='ltr'>animam,</span> <span class='ocrx_word' id='word_1_376' title='bbox 1784 1136 1867 1167; x_wconf 91' lang='lat' dir='ltr'>quae</span> <span class='ocrx_word' id='word_1_377' title='bbox 1890 1133 1938 1158; x_wconf 94' lang='lat' dir='ltr'>est</span> <span class='ocrx_word' id='word_1_378' title='bbox 1961 1128 2029 1158; x_wconf 90' lang='lat' dir='ltr'>eius</span> <span class='ocrx_word' id='word_1_379' title='bbox 2052 1137 2125 1168; x_wconf 88' lang='lat' dir='ltr'>pars</span> <span class='ocrx_word' id='word_1_380' title='bbox 2147 1127 2300 1164; x_wconf 87' lang='lat' dir='ltr'>formalis,</span> <span class='ocrx_word' id='word_1_381' title='bbox 2324 1129 2399 1168; x_wconf 89' lang='lat' dir='ltr'>pati.</span> 
     </span>
    </p>

    <p class='ocr_par' dir='ltr' id='par_1_14' title="bbox 1400 1167 2467 1387">
     <span class='ocr_line' id='line_1_52' title="bbox 1455 1167 2467 1212; baseline 0.001 -11"><span class='ocrx_word' id='word_1_382' title='bbox 1455 1170 1508 1202; x_wconf 91' lang='lat' dir='ltr'>Ad</span> <span class='ocrx_word' id='word_1_383' title='bbox 1530 1172 1661 1202; x_wconf 88' lang='lat' dir='ltr'>tertium</span> <span class='ocrx_word' id='word_1_384' title='bbox 1684 1171 1800 1202; x_wconf 90' lang='lat' dir='ltr'>dicitur</span> <span class='ocrx_word' id='word_1_385' title='bbox 1826 1172 1942 1212; x_wconf 89' lang='lat' dir='ltr'>primo,</span> <span class='ocrx_word' id='word_1_386' title='bbox 1967 1172 2056 1211; x_wconf 92' lang='lat' dir='ltr'>quod</span> <span class='ocrx_word' id='word_1_387' title='bbox 2083 1173 2189 1202; x_wconf 92' lang='lat' dir='ltr'>anima</span> <span class='ocrx_word' id='word_1_388' title='bbox 2211 1181 2280 1202; x_wconf 90' lang='lat' dir='ltr'>non</span> <span class='ocrx_word' id='word_1_389' title='bbox 2303 1167 2467 1212; x_wconf 85' lang='lat' dir='ltr'>separatur</span> 
     </span>
     <span class='ocr_line' id='line_1_53' title="bbox 1401 1215 2466 1255; baseline 0.002 -10"><span class='ocrx_word' id='word_1_390' title='bbox 1401 1225 1420 1245; x_wconf 89' lang='lat' dir='ltr'>a</span> <span class='ocrx_word' id='word_1_391' title='bbox 1443 1225 1580 1255; x_wconf 90' lang='lat' dir='ltr'>corpore</span> <span class='ocrx_word' id='word_1_392' title='bbox 1602 1216 1686 1246; x_wconf 92' lang='lat' dir='ltr'>sicut</span> <span class='ocrx_word' id='word_1_393' title='bbox 1707 1221 1841 1255; x_wconf 85' lang='lat' dir='ltr'>tangens</span> <span class='ocrx_word' id='word_1_394' title='bbox 1860 1225 1878 1246; x_wconf 85' lang='lat' dir='ltr'>a</span> <span class='ocrx_word' id='word_1_395' title='bbox 1901 1221 1997 1252; x_wconf 90' lang='lat' dir='ltr'>tacto,</span> <span class='ocrx_word' id='word_1_396' title='bbox 2021 1215 2078 1246; x_wconf 93' lang='lat' dir='ltr'>sed</span> <span class='ocrx_word' id='word_1_397' title='bbox 2107 1217 2190 1246; x_wconf 87' lang='lat' dir='ltr'>sicut</span> <span class='ocrx_word' id='word_1_398' title='bbox 2219 1216 2322 1246; x_wconf 88' lang='lat' dir='ltr'>forma</span> <span class='ocrx_word' id='word_1_399' title='bbox 2353 1226 2371 1246; x_wconf 95' lang='lat' dir='ltr'>a</span> <span class='ocrx_word' id='word_1_400' title='bbox 2398 1226 2466 1247; x_wconf 86' lang='lat' dir='ltr'>ma-</span> 
     </span>
     <span class='ocr_line' id='line_1_54' title="bbox 1400 1259 2466 1300; baseline 0.002 -11"><span class='ocrx_word' id='word_1_401' title='bbox 1400 1259 1490 1289; x_wconf 92' lang='lat' dir='ltr'>teria.</span> <span class='ocrx_word' id='word_1_402' title='bbox 1505 1277 1529 1282; x_wconf 92' lang='lat'><em>-</em></span> <span class='ocrx_word' id='word_1_403' title='bbox 1543 1260 1669 1290; x_wconf 91' lang='lat' dir='ltr'>Dicitur</span> <span class='ocrx_word' id='word_1_404' title='bbox 1691 1259 1846 1296; x_wconf 91' lang='lat' dir='ltr'>secundo,</span> <span class='ocrx_word' id='word_1_405' title='bbox 1863 1259 1953 1299; x_wconf 91' lang='lat' dir='ltr'>quod</span> <span class='ocrx_word' id='word_1_406' title='bbox 1976 1261 2072 1290; x_wconf 90' lang='lat' dir='ltr'>etiam</span> <span class='ocrx_word' id='word_1_407' title='bbox 2089 1265 2135 1290; x_wconf 93' lang='lat' dir='ltr'>est</span> <span class='ocrx_word' id='word_1_408' title='bbox 2155 1260 2269 1300; x_wconf 89' lang='lat' dir='ltr'>aliquis</span> <span class='ocrx_word' id='word_1_409' title='bbox 2292 1265 2395 1291; x_wconf 86' lang='lat' dir='ltr'>tactus</span> <span class='ocrx_word' id='word_1_410' title='bbox 2417 1261 2466 1291; x_wconf 91' lang='lat' dir='ltr'>in-</span> 
     </span>
     <span class='ocr_line' id='line_1_55' title="bbox 1402 1303 2466 1343; baseline 0.001 -10"><span class='ocrx_word' id='word_1_411' title='bbox 1402 1304 1551 1343; x_wconf 88' lang='lat' dir='ltr'>corporei</span> <span class='ocrx_word' id='word_1_412' title='bbox 1573 1303 1614 1334; x_wconf 91' lang='lat' dir='ltr'>ad</span> <span class='ocrx_word' id='word_1_413' title='bbox 1637 1313 1765 1343; x_wconf 90' lang='lat' dir='ltr'>corpus,</span> <span class='ocrx_word' id='word_1_414' title='bbox 1789 1304 1910 1334; x_wconf 91' lang='lat' dir='ltr'>scilicet</span> <span class='ocrx_word' id='word_1_415' title='bbox 1925 1303 2104 1334; x_wconf 89' lang='lat' dir='ltr'>secundum</span> <span class='ocrx_word' id='word_1_416' title='bbox 2119 1305 2281 1339; x_wconf 86' lang='lat' dir='ltr'>virtutem,</span> <span class='ocrx_word' id='word_1_417' title='bbox 2300 1309 2336 1334; x_wconf 90' lang='lat' dir='ltr'>ut</span> <span class='ocrx_word' id='word_1_418' title='bbox 2359 1314 2398 1334; x_wconf 87' lang='lat' dir='ltr'>ex</span> <span class='ocrx_word' id='word_1_419' title='bbox 2413 1314 2466 1335; x_wconf 90' lang='lat' dir='ltr'>su-</span> 
     </span>
     <span class='ocr_line' id='line_1_56' title="bbox 1401 1347 1871 1387; baseline 0.002 -10"><span class='ocrx_word' id='word_1_420' title='bbox 1401 1348 1510 1387; x_wconf 90' lang='lat' dir='ltr'>perius</span> <span class='ocrx_word' id='word_1_421' title='bbox 1533 1347 1624 1378; x_wconf 90' lang='lat' dir='ltr'>dictis</span> <span class='ocrx_word' id='word_1_422' title='bbox 1647 1353 1744 1387; x_wconf 87' lang='lat' dir='ltr'>patet.</span> <span class='ocrx_word' id='word_1_423' title='bbox 1868 1351 1871 1354; x_wconf 63' lang='lat'><strong>⁴</strong></span> 
     </span>
    </p>

    <p class='ocr_par' dir='ltr' id='par_1_15' title="bbox 1401 1391 2467 1563">
     <span class='ocr_line' id='line_1_57' title="bbox 1457 1391 2463 1432; baseline 0 -10"><span class='ocrx_word' id='word_1_424' title='bbox 1457 1391 1486 1422; x_wconf 87' lang='lat'>3.</span> <span class='ocrx_word' id='word_1_425' title='bbox 1504 1391 1552 1421; x_wconf 83' lang='lat' dir='ltr'>Ex</span> <span class='ocrx_word' id='word_1_426' title='bbox 1567 1392 1606 1422; x_wconf 92' lang='lat' dir='ltr'>iis</span> <span class='ocrx_word' id='word_1_427' title='bbox 1620 1397 1709 1431; x_wconf 89' lang='lat' dir='ltr'>patet</span> <span class='ocrx_word' id='word_1_428' title='bbox 1723 1392 1796 1422; x_wconf 94' lang='lat' dir='ltr'>illos</span> <span class='ocrx_word' id='word_1_429' title='bbox 1812 1401 1930 1422; x_wconf 89' lang='lat' dir='ltr'>errasse</span> <span class='ocrx_word' id='word_1_430' title='bbox 1947 1393 2012 1432; x_wconf 90' lang='lat' dir='ltr'>qui,</span> <span class='ocrx_word' id='word_1_431' title='bbox 2025 1393 2290 1432; x_wconf 86' lang='lat' dir='ltr'>imaginationem</span> <span class='ocrx_word' id='word_1_432' title='bbox 2301 1397 2463 1422; x_wconf 90' lang='lat' dir='ltr'>transcen-</span> 
     </span>
     <span class='ocr_line' id='line_1_58' title="bbox 1401 1434 2466 1476; baseline 0.001 -11"><span class='ocrx_word' id='word_1_433' title='bbox 1401 1434 1476 1465; x_wconf 88' lang='lat' dir='ltr'>dere</span> <span class='ocrx_word' id='word_1_434' title='bbox 1505 1445 1574 1466; x_wconf 89' lang='lat' dir='ltr'>non</span> <span class='ocrx_word' id='word_1_435' title='bbox 1602 1435 1753 1471; x_wconf 89' lang='lat' dir='ltr'>valentes,</span> <span class='ocrx_word' id='word_1_436' title='bbox 1786 1435 1936 1466; x_wconf 88' lang='lat' dir='ltr'>dixerunt</span> <span class='ocrx_word' id='word_1_437' title='bbox 1963 1435 2055 1476; x_wconf 90' lang='lat' dir='ltr'>quod</span> <span class='ocrx_word' id='word_1_438' title='bbox 2081 1445 2151 1466; x_wconf 93' lang='lat' dir='ltr'>non</span> <span class='ocrx_word' id='word_1_439' title='bbox 2182 1440 2230 1466; x_wconf 90' lang='lat' dir='ltr'>est</span> <span class='ocrx_word' id='word_1_440' title='bbox 2257 1445 2375 1476; x_wconf 90' lang='lat' dir='ltr'>corpus</span> <span class='ocrx_word' id='word_1_441' title='bbox 2397 1445 2466 1466; x_wconf 91' lang='lat' dir='ltr'>non</span> 
     </span>
     <span class='ocr_line' id='line_1_59' title="bbox 1401 1479 2467 1520; baseline 0.001 -11"><span class='ocrx_word' id='word_1_442' title='bbox 1401 1488 1480 1509; x_wconf 85' lang='lat' dir='ltr'>esse.</span> <span class='ocrx_word' id='word_1_443' title='bbox 1506 1479 1542 1509; x_wconf 88' lang='lat' dir='ltr'>In</span> <span class='ocrx_word' id='word_1_444' title='bbox 1565 1489 1707 1519; x_wconf 89' lang='lat' dir='ltr'>quorum</span> <span class='ocrx_word' id='word_1_445' title='bbox 1732 1489 1880 1520; x_wconf 88' lang='lat' dir='ltr'>persona,</span> <span class='ocrx_word' id='word_1_446' title='bbox 1911 1485 2066 1520; x_wconf 89' lang='lat' dir='ltr'>tanquam</span> <span class='ocrx_word' id='word_1_447' title='bbox 2096 1480 2327 1519; x_wconf 90' lang='lat' dir='ltr'>insipientium,</span> <span class='ocrx_word' id='word_1_448' title='bbox 2351 1479 2467 1510; x_wconf 85' lang='lat' dir='ltr'>dicitur</span> 
     </span>
     <span class='ocr_line' id='line_1_60' title="bbox 1401 1523 2364 1563; baseline 0.001 -10"><span class='ocrx_word' id='word_1_449' title='bbox 1401 1523 1476 1563; x_wconf 89' lang='lat' dir='ltr'>Sap.</span> <span class='ocrx_word' id='word_1_450' title='bbox 1493 1533 1532 1552; x_wconf 86' lang='lat' dir='ltr'>n:</span> <span class='ocrx_word' id='word_1_451' title='bbox 1555 1523 1679 1554; x_wconf 84' lang='lat' dir='ltr'>Fumus</span> <span class='ocrx_word' id='word_1_452' title='bbox 1702 1528 1733 1553; x_wconf 90' lang='lat' dir='ltr'>et</span> <span class='ocrx_word' id='word_1_453' title='bbox 1746 1524 1854 1563; x_wconf 85' lang='lat' dir='ltr'>flatus</span> <span class='ocrx_word' id='word_1_454' title='bbox 1877 1529 1924 1554; x_wconf 81' lang='lat' dir='ltr'>est</span> <span class='ocrx_word' id='word_1_455' title='bbox 1946 1525 1979 1554; x_wconf 86' lang='lat' dir='ltr'>in</span> <span class='ocrx_word' id='word_1_456' title='bbox 2004 1524 2137 1554; x_wconf 81' lang='lat' dir='ltr'>naribus</span> <span class='ocrx_word' id='word_1_457' title='bbox 2161 1524 2280 1554; x_wconf 86' lang='lat' dir='ltr'>nostris</span> <span class='ocrx_word' id='word_1_458' title='bbox 2303 1528 2364 1554; x_wconf 90' lang='lat' dir='ltr'>etc.</span> 
     </span>
    </p>
   </div>
   <div class='ocr_carea' id='block_1_8' title="bbox 1106 1617 1641 1659">
    <p class='ocr_par' dir='ltr' id='par_1_16' title="bbox 1106 1617 1641 1659">
     <span class='ocr_line' id='line_1_61' title="bbox 1106 1617 1641 1659; baseline 0 -19"><span class='ocrx_word' id='word_1_459' title='bbox 1106 1617 1641 1659; x_wconf 25' lang='grc' dir='ltr'>ἥρω-</span> 
     </span>
    </p>
   </div>
   <div class='ocr_carea' id='block_1_9' title="bbox 447 1772 2296 1948">
    <p class='ocr_par' dir='ltr' id='par_1_17' title="bbox 447 1772 2296 1948">
     <span class='ocr_line' id='line_1_62' title="bbox 615 1772 2131 1832; baseline -0.003 0"><span class='ocrx_word' id='word_1_460' title='bbox 615 1775 1104 1832; x_wconf 84' lang='lat' dir='ltr'>CAPITULUM</span> <span class='ocrx_word' id='word_1_461' title='bbox 1141 1773 1747 1831; x_wconf 87' lang='lat' dir='ltr'>SEXAGESIMUM</span> <span class='ocrx_word' id='word_1_462' title='bbox 1783 1772 2131 1829; x_wconf 87' lang='lat' dir='ltr'>SEXTUM</span> 
     </span>
     <span class='ocr_line' id='line_1_63' title="bbox 447 1862 2296 1948; baseline -0.004 -1"><span class='ocrx_word' id='word_1_463' title='bbox 447 1862 702 1948; x_wconf 78' lang='lat' dir='ltr'>CONTRA</span> <span class='ocrx_word' id='word_1_464' title='bbox 734 1902 1060 1944; x_wconf 85' lang='lat' dir='ltr'>PONENTES</span> <span class='ocrx_word' id='word_1_465' title='bbox 1093 1901 1534 1943; x_wconf 86' lang='lat' dir='ltr'>INTELLECTUM</span> <span class='ocrx_word' id='word_1_466' title='bbox 1570 1901 1647 1941; x_wconf 90' lang='lat' dir='ltr'>ET</span> <span class='ocrx_word' id='word_1_467' title='bbox 1680 1899 1928 1941; x_wconf 85' lang='lat' dir='ltr'>SENSUM</span> <span class='ocrx_word' id='word_1_468' title='bbox 1960 1899 2111 1941; x_wconf 84' lang='lat' dir='ltr'>ESSE</span> <span class='ocrx_word' id='word_1_469' title='bbox 2143 1899 2296 1940; x_wconf 83' lang='lat' dir='ltr'>IDEM</span> 
     </span>
    </p>
   </div>
   <div class='ocr_carea' id='block_1_10' title="bbox 450 2011 1345 2168">
    <p class='ocr_par' dir='ltr' id='par_1_18' title="bbox 450 2011 1345 2168">
     <span class='ocr_line' id='line_1_64' title="bbox 453 2011 1345 2066; baseline -0.006 -13"><span class='ocrx_word' id='word_1_470' title='bbox 453 2039 463 2066; x_wconf 69' lang='lat'>¹:</span> <span class='ocrx_word' id='word_1_471' title='bbox 483 2028 513 2053; x_wconf 76' lang='lat' dir='ltr'>ts</span> <span class='ocrx_word' id='word_1_472' title='bbox 532 2022 664 2052; x_wconf 90' lang='lat' dir='ltr'>autem</span> <span class='ocrx_word' id='word_1_473' title='bbox 682 2013 953 2064; x_wconf 90' lang='lat' dir='ltr'>propinquum</span> <span class='ocrx_word' id='word_1_474' title='bbox 971 2012 1041 2050; x_wconf 89' lang='lat' dir='ltr'>fuit</span> <span class='ocrx_word' id='word_1_475' title='bbox 1060 2012 1168 2062; x_wconf 93' lang='lat' dir='ltr'>quod</span> <span class='ocrx_word' id='word_1_476' title='bbox 1183 2011 1345 2061; x_wconf 90' lang='lat' dir='ltr'>quidam</span> 
     </span>
     <span class='ocr_line' id='line_1_65' title="bbox 450 2065 1345 2118; baseline -0.006 -12"><span class='ocrx_word' id='word_1_477' title='bbox 450 2070 460 2095; x_wconf 63' lang='grc' dir='ltr'><em>ἕ</em></span> <span class='ocrx_word' id='word_1_478' title='bbox 497 2067 749 2118; x_wconf 86' lang='lat' dir='ltr'>antiquorum</span> <span class='ocrx_word' id='word_1_479' title='bbox 763 2066 1091 2117; x_wconf 89' lang='lat' dir='ltr'>philosophorum</span> <span class='ocrx_word' id='word_1_480' title='bbox 1111 2065 1345 2102; x_wconf 88' lang='lat' dir='ltr'>intellectum</span> 
     </span>
     <span class='ocr_line' id='line_1_66' title="bbox 453 2117 1343 2168; baseline -0.004 -9"><span class='ocrx_word' id='word_1_481' title='bbox 453 2147 458 2151; x_wconf 59' lang='lat'>&gt;</span> <span class='ocrx_word' id='word_1_482' title='bbox 497 2134 520 2160; x_wconf 92' lang='lat' dir='ltr'>a</span> <span class='ocrx_word' id='word_1_483' title='bbox 557 2133 675 2158; x_wconf 90' lang='lat' dir='ltr'>sensu</span> <span class='ocrx_word' id='word_1_484' title='bbox 716 2119 870 2157; x_wconf 86' lang='lat' dir='ltr'>differre</span> <span class='ocrx_word' id='word_1_485' title='bbox 912 2131 994 2156; x_wconf 90' lang='lat' dir='ltr'>non</span> <span class='ocrx_word' id='word_1_486' title='bbox 1035 2118 1295 2168; x_wconf 86' lang='lat' dir='ltr'>opinabantur</span> <span class='ocrx_word' id='word_1_487' title='bbox 1311 2117 1343 2154; x_wconf 71' lang='lat'>³¹².</span> 
     </span>
    </p>
   </div>
   <div class='ocr_carea' id='block_1_11' title="bbox 273 2018 479 2225">
    <p class='ocr_par' dir='ltr' id='par_1_19' title="bbox 273 2018 479 2225">
     <span class='ocr_line' id='line_1_67' title="bbox 273 2018 479 2225; baseline 0 0"><span class='ocrx_word' id='word_1_488' title='bbox 273 2018 479 2225; x_wconf 95' lang='lat' dir='ltr'>   </span> 
     </span>
    </p>
   </div>
   <div class='ocr_carea' id='block_1_12' title="bbox 239 2164 1169 2223">
    <p class='ocr_par' dir='ltr' id='par_1_20' title="bbox 239 2164 1169 2223">
     <span class='ocr_line' id='line_1_68' title="bbox 239 2164 1169 2223; baseline -0.002 -13"><span class='ocrx_word' id='word_1_489' title='bbox 239 2169 245 2180; x_wconf 88' lang='lat'><strong>’</strong></span> <span class='ocrx_word' id='word_1_490' title='bbox 292 2166 298 2183; x_wconf 74' lang='lat'>²</span> <span class='ocrx_word' id='word_1_491' title='bbox 335 2166 421 2219; x_wconf 43' lang='lat'>²74?</span> <span class='ocrx_word' id='word_1_492' title='bbox 451 2164 481 2199; x_wconf 48' lang='grc'>’1</span> <span class='ocrx_word' id='word_1_493' title='bbox 497 2174 619 2221; x_wconf 90' lang='lat' dir='ltr'>Quod</span> <span class='ocrx_word' id='word_1_494' title='bbox 647 2173 808 2223; x_wconf 91' lang='lat' dir='ltr'>quidem</span> <span class='ocrx_word' id='word_1_495' title='bbox 837 2171 1073 2222; x_wconf 90' lang='lat' dir='ltr'>impossibile</span> <span class='ocrx_word' id='word_1_496' title='bbox 1101 2179 1169 2208; x_wconf 90' lang='lat' dir='ltr'>est.</span> 
     </span>
    </p>
   </div>
   <div class='ocr_carea' id='block_1_13' title="bbox 1400 2008 2465 2217">
    <p class='ocr_par' dir='ltr' id='par_1_21' title="bbox 1400 2008 2465 2217">
     <span class='ocr_line' id='line_1_69' title="bbox 1401 2008 2465 2061; baseline -0.003 -13"><span class='ocrx_word' id='word_1_497' title='bbox 1401 2012 1450 2049; x_wconf 89' lang='lat' dir='ltr'>ad</span> <span class='ocrx_word' id='word_1_498' title='bbox 1474 2011 1698 2061; x_wconf 85' lang='lat' dir='ltr'>corporalia.</span> <span class='ocrx_word' id='word_1_499' title='bbox 1724 2010 1844 2058; x_wconf 89' lang='lat' dir='ltr'>Quod</span> <span class='ocrx_word' id='word_1_500' title='bbox 1863 2022 1911 2047; x_wconf 89' lang='lat' dir='ltr'>ex</span> <span class='ocrx_word' id='word_1_501' title='bbox 1930 2011 2006 2047; x_wconf 89' lang='lat' dir='ltr'>hoc</span> <span class='ocrx_word' id='word_1_502' title='bbox 2024 2017 2136 2059; x_wconf 89' lang='lat' dir='ltr'>patet,</span> <span class='ocrx_word' id='word_1_503' title='bbox 2157 2009 2248 2058; x_wconf 89' lang='lat' dir='ltr'>quia</span> <span class='ocrx_word' id='word_1_504' title='bbox 2267 2008 2465 2058; x_wconf 87' lang='lat' dir='ltr'>qualitates</span> 
     </span>
     <span class='ocr_line' id='line_1_70' title="bbox 1401 2062 2462 2114; baseline -0.004 -12"><span class='ocrx_word' id='word_1_505' title='bbox 1401 2064 1608 2110; x_wconf 91' lang='lat' dir='ltr'>sensibiles,</span> <span class='ocrx_word' id='word_1_506' title='bbox 1639 2076 1739 2114; x_wconf 91' lang='lat' dir='ltr'>quae</span> <span class='ocrx_word' id='word_1_507' title='bbox 1768 2070 1857 2100; x_wconf 89' lang='lat' dir='ltr'>sunt</span> <span class='ocrx_word' id='word_1_508' title='bbox 1889 2062 2046 2112; x_wconf 89' lang='lat' dir='ltr'>propria</span> <span class='ocrx_word' id='word_1_509' title='bbox 2081 2062 2230 2100; x_wconf 89' lang='lat' dir='ltr'>obiecta</span> <span class='ocrx_word' id='word_1_510' title='bbox 2264 2073 2462 2107; x_wconf 90' lang='lat' dir='ltr'>sensuum,</span> 
     </span>
     <span class='ocr_line' id='line_1_71' title="bbox 1400 2114 2464 2165; baseline -0.003 -11"><span class='ocrx_word' id='word_1_511' title='bbox 1400 2130 1481 2154; x_wconf 91' lang='lat' dir='ltr'>non</span> <span class='ocrx_word' id='word_1_512' title='bbox 1510 2125 1599 2154; x_wconf 91' lang='lat' dir='ltr'>sunt</span> <span class='ocrx_word' id='word_1_513' title='bbox 1634 2116 1706 2153; x_wconf 89' lang='lat' dir='ltr'>nisi</span> <span class='ocrx_word' id='word_1_514' title='bbox 1743 2116 1782 2153; x_wconf 91' lang='lat' dir='ltr'>in</span> <span class='ocrx_word' id='word_1_515' title='bbox 1819 2115 2099 2165; x_wconf 89' lang='lat' dir='ltr'>corporalibus;</span> <span class='ocrx_word' id='word_1_516' title='bbox 2128 2115 2209 2152; x_wconf 90' lang='lat' dir='ltr'>sine</span> <span class='ocrx_word' id='word_1_517' title='bbox 2247 2114 2301 2151; x_wconf 92' lang='lat' dir='ltr'>eis</span> <span class='ocrx_word' id='word_1_518' title='bbox 2334 2122 2464 2151; x_wconf 91' lang='lat' dir='ltr'>autem</span> 
     </span>
     <span class='ocr_line' id='line_1_72' title="bbox 1400 2168 2463 2217; baseline -0.003 -10"><span class='ocrx_word' id='word_1_519' title='bbox 1400 2182 1536 2207; x_wconf 90' lang='lat' dir='ltr'>sensus</span> <span class='ocrx_word' id='word_1_520' title='bbox 1564 2169 1659 2207; x_wconf 90' lang='lat' dir='ltr'>nihil</span> <span class='ocrx_word' id='word_1_521' title='bbox 1686 2168 1893 2217; x_wconf 77' lang='lat' dir='ltr'>Cognoscit.</span> <span class='ocrx_word' id='word_1_522' title='bbox 1924 2169 2136 2205; x_wconf 89' lang='lat' dir='ltr'>Intellectus</span> <span class='ocrx_word' id='word_1_523' title='bbox 2164 2175 2295 2205; x_wconf 90' lang='lat' dir='ltr'>autem</span> <span class='ocrx_word' id='word_1_524' title='bbox 2322 2179 2463 2216; x_wconf 92' lang='lat' dir='ltr'>cogno-</span> 
     </span>
    </p>
   </div>
   <div class='ocr_carea' id='block_1_14' title="bbox 328 2220 2465 2272">
    <p class='ocr_par' dir='ltr' id='par_1_22' title="bbox 328 2220 2465 2272">
     <span class='ocr_line' id='line_1_73' title="bbox 328 2220 2465 2272; baseline -0.005 -6"><span class='ocrx_word' id='word_1_525' title='bbox 328 2229 475 2268; x_wconf 90' lang='lat' dir='ltr'>Sensus</span> <span class='ocrx_word' id='word_1_526' title='bbox 493 2227 600 2264; x_wconf 87' lang='lat' dir='ltr'>enim</span> <span class='ocrx_word' id='word_1_527' title='bbox 619 2227 659 2263; x_wconf 90' lang='lat' dir='ltr'>in</span> <span class='ocrx_word' id='word_1_528' title='bbox 679 2226 864 2263; x_wconf 89' lang='lat' dir='ltr'>omnibus</span> <span class='ocrx_word' id='word_1_529' title='bbox 883 2224 1115 2262; x_wconf 86' lang='lat' dir='ltr'>animalibus</span> <span class='ocrx_word' id='word_1_530' title='bbox 1138 2224 1343 2261; x_wconf 91' lang='lat' dir='ltr'>invenitur.</span> <span class='ocrx_word' id='word_1_531' title='bbox 1367 2240 1377 2260; x_wconf 75' lang='lat' dir='ltr'>x</span> <span class='ocrx_word' id='word_1_532' title='bbox 1401 2223 1469 2260; x_wconf 91' lang='lat' dir='ltr'>scit</span> <span class='ocrx_word' id='word_1_533' title='bbox 1496 2222 1768 2272; x_wconf 89' lang='lat' dir='ltr'>incorporalia:</span> <span class='ocrx_word' id='word_1_534' title='bbox 1799 2221 1896 2259; x_wconf 89' lang='lat' dir='ltr'>sicut</span> <span class='ocrx_word' id='word_1_535' title='bbox 1923 2221 2161 2270; x_wconf 89' lang='lat' dir='ltr'>sapientiam,</span> <span class='ocrx_word' id='word_1_536' title='bbox 2189 2220 2400 2265; x_wconf 89' lang='lat' dir='ltr'>veritatem,</span> <span class='ocrx_word' id='word_1_537' title='bbox 2427 2227 2465 2256; x_wconf 90' lang='lat' dir='ltr'>et</span> 
     </span>
    </p>
   </div>
   <div class='ocr_carea' id='block_1_15' title="bbox 273 2278 1344 2320">
    <p class='ocr_par' dir='ltr' id='par_1_23' title="bbox 273 2278 1344 2320">
     <span class='ocr_line' id='line_1_74' title="bbox 273 2278 1344 2320; baseline -0.007 0"><span class='ocrx_word' id='word_1_538' title='bbox 273 2281 359 2320; x_wconf 82' lang='lat' dir='ltr'>Alia</span> <span class='ocrx_word' id='word_1_539' title='bbox 386 2289 518 2319; x_wconf 89' lang='lat' dir='ltr'>autem</span> <span class='ocrx_word' id='word_1_540' title='bbox 538 2279 719 2317; x_wconf 89' lang='lat' dir='ltr'>animalia</span> <span class='ocrx_word' id='word_1_541' title='bbox 738 2279 787 2316; x_wconf 93' lang='lat' dir='ltr'>ab</span> <span class='ocrx_word' id='word_1_542' title='bbox 816 2278 976 2315; x_wconf 92' lang='lat' dir='ltr'>homine</span> <span class='ocrx_word' id='word_1_543' title='bbox 1005 2278 1240 2315; x_wconf 88' lang='lat' dir='ltr'>intellectum</span> <span class='ocrx_word' id='word_1_544' title='bbox 1264 2289 1344 2314; x_wconf 91' lang='lat' dir='ltr'>non</span> 
     </span>
    </p>
   </div>
   <div class='ocr_carea' id='block_1_16' title="bbox 273 2329 1344 2435">
    <p class='ocr_par' dir='ltr' id='par_1_24' title="bbox 273 2329 1344 2435">
     <span class='ocr_line' id='line_1_75' title="bbox 273 2329 1344 2381; baseline -0.007 -8"><span class='ocrx_word' id='word_1_545' title='bbox 273 2335 429 2373; x_wconf 87' lang='lat' dir='ltr'>habent.</span> <span class='ocrx_word' id='word_1_546' title='bbox 465 2333 584 2381; x_wconf 93' lang='lat' dir='ltr'>Quod</span> <span class='ocrx_word' id='word_1_547' title='bbox 619 2345 665 2370; x_wconf 86' lang='lat' dir='ltr'>ex</span> <span class='ocrx_word' id='word_1_548' title='bbox 697 2333 774 2369; x_wconf 94' lang='lat' dir='ltr'>hoc</span> <span class='ocrx_word' id='word_1_549' title='bbox 808 2338 977 2381; x_wconf 88' lang='lat' dir='ltr'>apparet,</span> <span class='ocrx_word' id='word_1_550' title='bbox 1016 2329 1108 2380; x_wconf 89' lang='lat' dir='ltr'>quia</span> <span class='ocrx_word' id='word_1_551' title='bbox 1140 2342 1221 2367; x_wconf 91' lang='lat' dir='ltr'>non</span> <span class='ocrx_word' id='word_1_552' title='bbox 1253 2342 1344 2380; x_wconf 91' lang='lat' dir='ltr'>ope-</span> 
     </span>
     <span class='ocr_line' id='line_1_76' title="bbox 273 2383 1344 2435; baseline -0.007 -8"><span class='ocrx_word' id='word_1_553' title='bbox 273 2395 408 2427; x_wconf 87' lang='lat' dir='ltr'>rantur</span> <span class='ocrx_word' id='word_1_554' title='bbox 430 2387 583 2424; x_wconf 87' lang='lat' dir='ltr'>diversa</span> <span class='ocrx_word' id='word_1_555' title='bbox 611 2393 647 2422; x_wconf 90' lang='lat' dir='ltr'>et</span> <span class='ocrx_word' id='word_1_556' title='bbox 675 2384 864 2435; x_wconf 90' lang='lat' dir='ltr'>opposita,</span> <span class='ocrx_word' id='word_1_557' title='bbox 893 2383 1003 2434; x_wconf 89' lang='lat' dir='ltr'>quasi</span> <span class='ocrx_word' id='word_1_558' title='bbox 1022 2383 1259 2421; x_wconf 87' lang='lat' dir='ltr'>intellectum</span> <span class='ocrx_word' id='word_1_559' title='bbox 1277 2384 1344 2420; x_wconf 91' lang='lat' dir='ltr'>ha-</span> 
     </span>
    </p>
   </div>
   <div class='ocr_carea' id='block_1_17' title="bbox 1400 2273 2463 2321">
    <p class='ocr_par' dir='ltr' id='par_1_25' title="bbox 1400 2273 2463 2321">
     <span class='ocr_line' id='line_1_77' title="bbox 1400 2273 2463 2321; baseline -0.004 -8"><span class='ocrx_word' id='word_1_560' title='bbox 1400 2276 1603 2313; x_wconf 89' lang='lat' dir='ltr'>relationes</span> <span class='ocrx_word' id='word_1_561' title='bbox 1631 2287 1773 2312; x_wconf 87' lang='lat' dir='ltr'>rerum.</span> <span class='ocrx_word' id='word_1_562' title='bbox 1800 2276 1893 2312; x_wconf 91' lang='lat' dir='ltr'>Non</span> <span class='ocrx_word' id='word_1_563' title='bbox 1912 2281 1968 2311; x_wconf 91' lang='lat' dir='ltr'>est</span> <span class='ocrx_word' id='word_1_564' title='bbox 1995 2273 2107 2321; x_wconf 84' lang='lat' dir='ltr'>igitur</span> <span class='ocrx_word' id='word_1_565' title='bbox 2125 2273 2230 2310; x_wconf 93' lang='lat' dir='ltr'>idem</span> <span class='ocrx_word' id='word_1_566' title='bbox 2253 2273 2463 2310; x_wconf 87' lang='lat' dir='ltr'>intellectus</span> 
     </span>
    </p>
   </div>
   <div class='ocr_carea' id='block_1_18' title="bbox 1401 2337 2464 2428">
    <p class='ocr_par' dir='ltr' id='par_1_26' title="bbox 1401 2337 2464 2428">
     <span class='ocr_line' id='line_1_78' title="bbox 1401 2337 1611 2366; baseline -0.005 0"><span class='ocrx_word' id='word_1_567' title='bbox 1401 2337 1438 2366; x_wconf 90' lang='lat' dir='ltr'>et</span> <span class='ocrx_word' id='word_1_568' title='bbox 1465 2340 1611 2366; x_wconf 89' lang='lat' dir='ltr'>sensus.</span> 
     </span>
     <span class='ocr_line' id='line_1_79' title="bbox 1453 2377 2464 2428; baseline -0.005 -9"><span class='ocrx_word' id='word_1_569' title='bbox 1453 2383 1560 2419; x_wconf 89' lang='lat' dir='ltr'>Item.</span> <span class='ocrx_word' id='word_1_570' title='bbox 1594 2381 1735 2419; x_wconf 91' lang='lat' dir='ltr'>Nullus</span> <span class='ocrx_word' id='word_1_571' title='bbox 1772 2392 1908 2417; x_wconf 91' lang='lat' dir='ltr'>sensus</span> <span class='ocrx_word' id='word_1_572' title='bbox 1945 2379 2117 2428; x_wconf 89' lang='lat' dir='ltr'>seipsum</span> <span class='ocrx_word' id='word_1_573' title='bbox 2149 2377 2354 2427; x_wconf 83' lang='lat' dir='ltr'>cognoscit,</span> <span class='ocrx_word' id='word_1_574' title='bbox 2392 2389 2464 2414; x_wconf 91' lang='lat' dir='ltr'>nec</span> 
     </span>
    </p>
   </div>
   <div class='ocr_carea' id='block_1_19' title="bbox 272 2430 2465 3021">
    <p class='ocr_par' dir='ltr' id='par_1_27' title="bbox 272 2430 2465 3021">
     <span class='ocr_line' id='line_1_80' title="bbox 272 2430 2463 2487; baseline -0.005 -9"><span class='ocrx_word' id='word_1_575' title='bbox 272 2441 420 2487; x_wconf 89' lang='lat' dir='ltr'>bentia;</span> <span class='ocrx_word' id='word_1_576' title='bbox 449 2440 528 2485; x_wconf 86' lang='lat' dir='ltr'>sed,</span> <span class='ocrx_word' id='word_1_577' title='bbox 565 2438 663 2476; x_wconf 90' lang='lat' dir='ltr'>sicut</span> <span class='ocrx_word' id='word_1_578' title='bbox 697 2451 720 2476; x_wconf 88' lang='lat' dir='ltr'>a</span> <span class='ocrx_word' id='word_1_579' title='bbox 747 2446 886 2475; x_wconf 88' lang='lat' dir='ltr'>natura</span> <span class='ocrx_word' id='word_1_580' title='bbox 919 2444 1037 2482; x_wconf 90' lang='lat' dir='ltr'>mota,</span> <span class='ocrx_word' id='word_1_581' title='bbox 1073 2435 1345 2473; x_wconf 90' lang='lat' dir='ltr'>determinatas</span> <span class='ocrx_word' id='word_1_582' title='bbox 1400 2447 1513 2472; x_wconf 90' lang='lat' dir='ltr'>suam</span> <span class='ocrx_word' id='word_1_583' title='bbox 1528 2433 1809 2483; x_wconf 89' lang='lat' dir='ltr'>operationem:</span> <span class='ocrx_word' id='word_1_584' title='bbox 1826 2432 1932 2470; x_wconf 90' lang='lat' dir='ltr'>visus</span> <span class='ocrx_word' id='word_1_585' title='bbox 1946 2432 2051 2470; x_wconf 90' lang='lat' dir='ltr'>enim</span> <span class='ocrx_word' id='word_1_586' title='bbox 2068 2444 2148 2469; x_wconf 91' lang='lat' dir='ltr'>non</span> <span class='ocrx_word' id='word_1_587' title='bbox 2162 2431 2266 2469; x_wconf 90' lang='lat' dir='ltr'>videt</span> <span class='ocrx_word' id='word_1_588' title='bbox 2280 2430 2463 2480; x_wconf 88' lang='lat' dir='ltr'>seipsum,</span> 
     </span>
     <span class='ocr_line' id='line_1_81' title="bbox 273 2483 2464 2544; baseline -0.006 -12"><span class='ocrx_word' id='word_1_589' title='bbox 273 2494 465 2544; x_wconf 86' lang='lat' dir='ltr'>quasdam</span> <span class='ocrx_word' id='word_1_590' title='bbox 484 2492 740 2542; x_wconf 85' lang='lat' dir='ltr'>operationes,</span> <span class='ocrx_word' id='word_1_591' title='bbox 761 2498 798 2528; x_wconf 89' lang='lat' dir='ltr'>et</span> <span class='ocrx_word' id='word_1_592' title='bbox 811 2490 1025 2528; x_wconf 86' lang='lat' dir='ltr'>uniformes</span> <span class='ocrx_word' id='word_1_593' title='bbox 1044 2489 1084 2526; x_wconf 87' lang='lat' dir='ltr'>in</span> <span class='ocrx_word' id='word_1_594' title='bbox 1103 2489 1241 2527; x_wconf 91' lang='lat' dir='ltr'>eadem</span> <span class='ocrx_word' id='word_1_595' title='bbox 1260 2501 1345 2538; x_wconf 90' lang='lat' dir='ltr'>spe·</span> <span class='ocrx_word' id='word_1_596' title='bbox 1361 2504 1386 2520; x_wconf 82' lang='grc' dir='ltr'>ιο</span> <span class='ocrx_word' id='word_1_597' title='bbox 1399 2499 1472 2525; x_wconf 90' lang='lat' dir='ltr'>nec</span> <span class='ocrx_word' id='word_1_598' title='bbox 1490 2487 1595 2524; x_wconf 90' lang='lat' dir='ltr'>videt</span> <span class='ocrx_word' id='word_1_599' title='bbox 1623 2499 1663 2524; x_wconf 92' lang='lat' dir='ltr'>se</span> <span class='ocrx_word' id='word_1_600' title='bbox 1682 2486 1824 2531; x_wconf 89' lang='lat' dir='ltr'>videre,</span> <span class='ocrx_word' id='word_1_601' title='bbox 1851 2486 1919 2522; x_wconf 91' lang='lat' dir='ltr'>sed</span> <span class='ocrx_word' id='word_1_602' title='bbox 1938 2486 2014 2522; x_wconf 91' lang='lat' dir='ltr'>hoc</span> <span class='ocrx_word' id='word_1_603' title='bbox 2037 2484 2245 2534; x_wconf 89' lang='lat' dir='ltr'>superioris</span> <span class='ocrx_word' id='word_1_604' title='bbox 2271 2483 2464 2533; x_wconf 87' lang='lat' dir='ltr'>potentiae</span> 
     </span>
     <span class='ocr_line' id='line_1_82' title="bbox 273 2537 2464 2593; baseline -0.005 -10"><span class='ocrx_word' id='word_1_605' title='bbox 273 2547 342 2593; x_wconf 90' lang='lat' dir='ltr'>cie,</span> <span class='ocrx_word' id='word_1_606' title='bbox 373 2547 471 2583; x_wconf 90' lang='lat' dir='ltr'>sicut</span> <span class='ocrx_word' id='word_1_607' title='bbox 498 2544 627 2582; x_wconf 90' lang='lat' dir='ltr'>omnis</span> <span class='ocrx_word' id='word_1_608' title='bbox 653 2544 823 2581; x_wconf 86' lang='lat' dir='ltr'>hirundo</span> <span class='ocrx_word' id='word_1_609' title='bbox 851 2542 1024 2580; x_wconf 87' lang='lat' dir='ltr'>similiter</span> <span class='ocrx_word' id='word_1_610' title='bbox 1042 2542 1223 2579; x_wconf 88' lang='lat' dir='ltr'>nidificat.</span> <span class='ocrx_word' id='word_1_611' title='bbox 1251 2543 1345 2579; x_wconf 91' lang='lat' dir='ltr'>Non</span> <span class='ocrx_word' id='word_1_612' title='bbox 1400 2548 1466 2586; x_wconf 90' lang='lat' dir='ltr'>est,</span> <span class='ocrx_word' id='word_1_613' title='bbox 1495 2548 1538 2577; x_wconf 93' lang='lat' dir='ltr'>ut</span> <span class='ocrx_word' id='word_1_614' title='bbox 1564 2539 1752 2589; x_wconf 91' lang='lat' dir='ltr'>probatur</span> <span class='ocrx_word' id='word_1_615' title='bbox 1778 2538 1818 2575; x_wconf 92' lang='lat' dir='ltr'>in</span> <span class='ocrx_word' id='word_1_616' title='bbox 1846 2538 1942 2575; x_wconf 92' lang='lat' dir='ltr'>libro</span> <span class='ocrx_word' id='word_1_617' title='bbox 1967 2538 2012 2574; x_wconf 87' lang='lat' dir='ltr'>de</span> <span class='ocrx_word' id='word_1_618' title='bbox 2038 2539 2178 2574; x_wconf 85' lang='lat' dir='ltr'>Anima</span> <span class='ocrx_word' id='word_1_619' title='bbox 2191 2537 2222 2573; x_wconf 69' lang='lat'>³¹².</span> <span class='ocrx_word' id='word_1_620' title='bbox 2252 2537 2464 2573; x_wconf 88' lang='lat' dir='ltr'>Intellectus</span> 
     </span>
     <span class='ocr_line' id='line_1_83' title="bbox 274 2588 2463 2648; baseline -0.006 -11"><span class='ocrx_word' id='word_1_621' title='bbox 274 2607 332 2637; x_wconf 91' lang='lat' dir='ltr'>est</span> <span class='ocrx_word' id='word_1_622' title='bbox 358 2599 472 2648; x_wconf 86' lang='lat' dir='ltr'>igitur</span> <span class='ocrx_word' id='word_1_623' title='bbox 498 2598 604 2635; x_wconf 91' lang='lat' dir='ltr'>idem</span> <span class='ocrx_word' id='word_1_624' title='bbox 632 2597 844 2634; x_wconf 90' lang='lat' dir='ltr'>intellectus</span> <span class='ocrx_word' id='word_1_625' title='bbox 872 2603 909 2633; x_wconf 91' lang='lat' dir='ltr'>et</span> <span class='ocrx_word' id='word_1_626' title='bbox 937 2607 1084 2633; x_wconf 90' lang='lat' dir='ltr'>sensus.</span> <span class='ocrx_word' id='word_1_627' title='bbox 1400 2600 1531 2631; x_wconf 91' lang='lat' dir='ltr'>autem</span> <span class='ocrx_word' id='word_1_628' title='bbox 1559 2591 1755 2640; x_wconf 90' lang='lat' dir='ltr'>cognoscit</span> <span class='ocrx_word' id='word_1_629' title='bbox 1782 2591 1964 2640; x_wconf 89' lang='lat' dir='ltr'>seipsum,</span> <span class='ocrx_word' id='word_1_630' title='bbox 1993 2597 2030 2626; x_wconf 90' lang='lat' dir='ltr'>et</span> <span class='ocrx_word' id='word_1_631' title='bbox 2058 2589 2252 2638; x_wconf 89' lang='lat' dir='ltr'>cognoscit</span> <span class='ocrx_word' id='word_1_632' title='bbox 2288 2601 2328 2625; x_wconf 92' lang='lat' dir='ltr'>se</span> <span class='ocrx_word' id='word_1_633' title='bbox 2356 2588 2463 2624; x_wconf 91' lang='lat' dir='ltr'>intel-</span> 
     </span>
     <span class='ocr_line' id='line_1_84' title="bbox 328 2642 2461 2698; baseline -0.007 -8"><span class='ocrx_word' id='word_1_634' title='bbox 328 2653 482 2690; x_wconf 90' lang='lat' dir='ltr'>Adhuc.</span> <span class='ocrx_word' id='word_1_635' title='bbox 513 2652 659 2689; x_wconf 89' lang='lat' dir='ltr'>Sensus</span> <span class='ocrx_word' id='word_1_636' title='bbox 687 2662 769 2687; x_wconf 91' lang='lat' dir='ltr'>non</span> <span class='ocrx_word' id='word_1_637' title='bbox 791 2657 848 2687; x_wconf 87' lang='lat' dir='ltr'>est</span> <span class='ocrx_word' id='word_1_638' title='bbox 866 2648 1150 2698; x_wconf 89' lang='lat' dir='ltr'>cognoscitivus</span> <span class='ocrx_word' id='word_1_639' title='bbox 1178 2647 1250 2685; x_wconf 91' lang='lat' dir='ltr'>nisi</span> <span class='ocrx_word' id='word_1_640' title='bbox 1270 2647 1344 2683; x_wconf 91' lang='lat' dir='ltr'>sin·</span> <span class='ocrx_word' id='word_1_641' title='bbox 1400 2646 1526 2695; x_wconf 90' lang='lat' dir='ltr'>ligere.</span> <span class='ocrx_word' id='word_1_642' title='bbox 1547 2645 1641 2682; x_wconf 91' lang='lat' dir='ltr'>Non</span> <span class='ocrx_word' id='word_1_643' title='bbox 1669 2651 1725 2681; x_wconf 90' lang='lat' dir='ltr'>est</span> <span class='ocrx_word' id='word_1_644' title='bbox 1752 2643 1865 2692; x_wconf 90' lang='lat' dir='ltr'>igitur</span> <span class='ocrx_word' id='word_1_645' title='bbox 1892 2642 1997 2680; x_wconf 90' lang='lat' dir='ltr'>idem</span> <span class='ocrx_word' id='word_1_646' title='bbox 2015 2642 2226 2679; x_wconf 89' lang='lat' dir='ltr'>intellectus</span> <span class='ocrx_word' id='word_1_647' title='bbox 2250 2649 2286 2677; x_wconf 92' lang='lat' dir='ltr'>et</span> <span class='ocrx_word' id='word_1_648' title='bbox 2314 2652 2461 2677; x_wconf 91' lang='lat' dir='ltr'>sensus.</span> 
     </span>
     <span class='ocr_line' id='line_1_85' title="bbox 274 2693 2464 2755; baseline -0.006 -12"><span class='ocrx_word' id='word_1_649' title='bbox 274 2705 483 2755; x_wconf 87' lang='lat' dir='ltr'>gularium:</span> <span class='ocrx_word' id='word_1_650' title='bbox 500 2703 696 2753; x_wconf 88' lang='lat' dir='ltr'>cognoscit</span> <span class='ocrx_word' id='word_1_651' title='bbox 710 2703 816 2740; x_wconf 90' lang='lat' dir='ltr'>enim</span> <span class='ocrx_word' id='word_1_652' title='bbox 831 2702 960 2740; x_wconf 89' lang='lat' dir='ltr'>omnis</span> <span class='ocrx_word' id='word_1_653' title='bbox 978 2700 1160 2739; x_wconf 85' lang='lat' dir='ltr'>sensitiva</span> <span class='ocrx_word' id='word_1_654' title='bbox 1177 2700 1346 2750; x_wconf 88' lang='lat' dir='ltr'>potentia</span> <span class='ocrx_word' id='word_1_655' title='bbox 1454 2699 1666 2735; x_wconf 88' lang='lat' dir='ltr'>Praeterea.</span> <span class='ocrx_word' id='word_1_656' title='bbox 1706 2697 1851 2734; x_wconf 89' lang='lat' dir='ltr'>Sensus</span> <span class='ocrx_word' id='word_1_657' title='bbox 1887 2694 2149 2744; x_wconf 86' lang='lat' dir='ltr'>corrumpitur</span> <span class='ocrx_word' id='word_1_658' title='bbox 2183 2694 2232 2731; x_wconf 92' lang='lat' dir='ltr'>ab</span> <span class='ocrx_word' id='word_1_659' title='bbox 2267 2693 2464 2730; x_wconf 88' lang='lat' dir='ltr'>excellenti</span> 
     </span>
     <span class='ocr_line' id='line_1_86' title="bbox 274 2745 2463 2810; baseline -0.006 -14"><span class='ocrx_word' id='word_1_660' title='bbox 274 2771 346 2810; x_wconf 91' lang='lat' dir='ltr'>per</span> <span class='ocrx_word' id='word_1_661' title='bbox 364 2757 511 2808; x_wconf 84' lang='lat' dir='ltr'>species</span> <span class='ocrx_word' id='word_1_662' title='bbox 540 2756 807 2802; x_wconf 87' lang='lat' dir='ltr'>individuales,</span> <span class='ocrx_word' id='word_1_663' title='bbox 827 2768 919 2793; x_wconf 90' lang='lat' dir='ltr'>cum</span> <span class='ocrx_word' id='word_1_664' title='bbox 939 2754 1095 2804; x_wconf 91' lang='lat' dir='ltr'>recipiat</span> <span class='ocrx_word' id='word_1_665' title='bbox 1123 2753 1269 2803; x_wconf 88' lang='lat' dir='ltr'>species</span> <span class='ocrx_word' id='word_1_666' title='bbox 1289 2765 1345 2790; x_wconf 87' lang='lat' dir='ltr'>re·</span> <span class='ocrx_word' id='word_1_667' title='bbox 1362 2765 1384 2785; x_wconf 83' lang='lat'>¹⁵</span> <span class='ocrx_word' id='word_1_668' title='bbox 1401 2750 1580 2788; x_wconf 88' lang='lat' dir='ltr'>sensibili.</span> <span class='ocrx_word' id='word_1_669' title='bbox 1610 2750 1822 2787; x_wconf 89' lang='lat' dir='ltr'>Intellectus</span> <span class='ocrx_word' id='word_1_670' title='bbox 1850 2756 1980 2786; x_wconf 92' lang='lat' dir='ltr'>autem</span> <span class='ocrx_word' id='word_1_671' title='bbox 2015 2760 2096 2785; x_wconf 92' lang='lat' dir='ltr'>non</span> <span class='ocrx_word' id='word_1_672' title='bbox 2127 2745 2388 2795; x_wconf 90' lang='lat' dir='ltr'>corrumpitur</span> <span class='ocrx_word' id='word_1_673' title='bbox 2414 2745 2463 2782; x_wconf 87' lang='lat' dir='ltr'>ab</span> 
     </span>
     <span class='ocr_line' id='line_1_87' title="bbox 276 2799 2465 2859; baseline -0.007 -10"><span class='ocrx_word' id='word_1_674' title='bbox 276 2824 366 2850; x_wconf 91' lang='lat' dir='ltr'>rum</span> <span class='ocrx_word' id='word_1_675' title='bbox 398 2811 439 2848; x_wconf 91' lang='lat' dir='ltr'>in</span> <span class='ocrx_word' id='word_1_676' title='bbox 466 2810 619 2859; x_wconf 83' lang='lat' dir='ltr'>organis</span> <span class='ocrx_word' id='word_1_677' title='bbox 651 2808 928 2859; x_wconf 86' lang='lat' dir='ltr'>corporalibus.</span> <span class='ocrx_word' id='word_1_678' title='bbox 965 2808 1178 2844; x_wconf 87' lang='lat' dir='ltr'>Intellectus</span> <span class='ocrx_word' id='word_1_679' title='bbox 1215 2813 1346 2843; x_wconf 90' lang='lat' dir='ltr'>autem</span> <span class='ocrx_word' id='word_1_680' title='bbox 1401 2803 1622 2841; x_wconf 87' lang='lat' dir='ltr'>excellentia</span> <span class='ocrx_word' id='word_1_681' title='bbox 1658 2801 1912 2850; x_wconf 87' lang='lat' dir='ltr'>intelligibilis:</span> <span class='ocrx_word' id='word_1_682' title='bbox 1948 2800 2167 2850; x_wconf 90' lang='lat' dir='ltr'>quinimmo</span> <span class='ocrx_word' id='word_1_683' title='bbox 2204 2801 2267 2849; x_wconf 88' lang='lat' dir='ltr'>qui</span> <span class='ocrx_word' id='word_1_684' title='bbox 2297 2799 2465 2848; x_wconf 79' lang='lat' dir='ltr'>intelligit</span> 
     </span>
     <span class='ocr_line' id='line_1_88' title="bbox 277 2851 2463 2913; baseline -0.007 -10"><span class='ocrx_word' id='word_1_685' title='bbox 277 2873 334 2904; x_wconf 90' lang='lat' dir='ltr'>est</span> <span class='ocrx_word' id='word_1_686' title='bbox 370 2863 654 2913; x_wconf 86' lang='lat' dir='ltr'>cognoscitivus</span> <span class='ocrx_word' id='word_1_687' title='bbox 690 2861 981 2906; x_wconf 87' lang='lat' dir='ltr'>universalium,</span> <span class='ocrx_word' id='word_1_688' title='bbox 1019 2867 1062 2897; x_wconf 91' lang='lat' dir='ltr'>ut</span> <span class='ocrx_word' id='word_1_689' title='bbox 1098 2871 1168 2909; x_wconf 91' lang='lat' dir='ltr'>per</span> <span class='ocrx_word' id='word_1_690' title='bbox 1199 2858 1346 2908; x_wconf 90' lang='lat' dir='ltr'>experi-</span> <span class='ocrx_word' id='word_1_691' title='bbox 1400 2859 1561 2902; x_wconf 87' lang='lat' dir='ltr'>maiora,</span> <span class='ocrx_word' id='word_1_692' title='bbox 1586 2861 1705 2906; x_wconf 82' lang='lat' dir='ltr'>potest</span> <span class='ocrx_word' id='word_1_693' title='bbox 1731 2855 1862 2892; x_wconf 85' lang='lat' dir='ltr'>melius</span> <span class='ocrx_word' id='word_1_694' title='bbox 1883 2854 2121 2904; x_wconf 87' lang='lat' dir='ltr'>postmodum</span> <span class='ocrx_word' id='word_1_695' title='bbox 2154 2854 2303 2889; x_wconf 85' lang='lat' dir='ltr'>minora</span> <span class='ocrx_word' id='word_1_696' title='bbox 2335 2851 2463 2888; x_wconf 86' lang='lat' dir='ltr'>intelli-</span> 
     </span>
     <span class='ocr_line' id='line_1_89' title="bbox 277 2904 2464 2966; baseline -0.007 -10"><span class='ocrx_word' id='word_1_697' title='bbox 277 2926 457 2956; x_wconf 91' lang='lat' dir='ltr'>mentum</span> <span class='ocrx_word' id='word_1_698' title='bbox 484 2924 598 2966; x_wconf 91' lang='lat' dir='ltr'>patet.</span> <span class='ocrx_word' id='word_1_699' title='bbox 629 2915 766 2953; x_wconf 84' lang='lat' dir='ltr'>Differt</span> <span class='ocrx_word' id='word_1_700' title='bbox 787 2914 899 2963; x_wconf 85' lang='lat' dir='ltr'>igitur</span> <span class='ocrx_word' id='word_1_701' title='bbox 926 2913 1138 2951; x_wconf 87' lang='lat' dir='ltr'>intellectus</span> <span class='ocrx_word' id='word_1_702' title='bbox 1166 2924 1188 2949; x_wconf 90' lang='lat' dir='ltr'>a</span> <span class='ocrx_word' id='word_1_703' title='bbox 1216 2923 1344 2948; x_wconf 90' lang='lat' dir='ltr'>sensu.</span> <span class='ocrx_word' id='word_1_704' title='bbox 1400 2913 1493 2960; x_wconf 81' lang='lat' dir='ltr'>gere</span> <span class='ocrx_word' id='word_1_705' title='bbox 1505 2909 1537 2946; x_wconf 72' lang='lat'>³¹².</span> <span class='ocrx_word' id='word_1_706' title='bbox 1577 2910 1645 2946; x_wconf 88' lang='lat' dir='ltr'>Est</span> <span class='ocrx_word' id='word_1_707' title='bbox 1672 2907 1785 2957; x_wconf 88' lang='lat' dir='ltr'>igitur</span> <span class='ocrx_word' id='word_1_708' title='bbox 1815 2907 1887 2945; x_wconf 89' lang='lat' dir='ltr'>alia</span> <span class='ocrx_word' id='word_1_709' title='bbox 1923 2906 2044 2944; x_wconf 88' lang='lat' dir='ltr'>virtus</span> <span class='ocrx_word' id='word_1_710' title='bbox 2077 2905 2257 2943; x_wconf 86' lang='lat' dir='ltr'>sensitiva</span> <span class='ocrx_word' id='word_1_711' title='bbox 2293 2911 2330 2940; x_wconf 90' lang='lat' dir='ltr'>et</span> <span class='ocrx_word' id='word_1_712' title='bbox 2357 2904 2464 2941; x_wconf 88' lang='lat' dir='ltr'>intel-</span> 
     </span>
     <span class='ocr_line' id='line_1_90' title="bbox 331 2963 1548 3021; baseline -0.008 -12"><span class='ocrx_word' id='word_1_713' title='bbox 331 2970 523 3021; x_wconf 89' lang='lat' dir='ltr'>Amplius.</span> <span class='ocrx_word' id='word_1_714' title='bbox 546 2968 723 3017; x_wconf 86' lang='lat' dir='ltr'>Cognitio</span> <span class='ocrx_word' id='word_1_715' title='bbox 743 2980 879 3005; x_wconf 90' lang='lat' dir='ltr'>sensus</span> <span class='ocrx_word' id='word_1_716' title='bbox 907 2978 989 3004; x_wconf 91' lang='lat' dir='ltr'>non</span> <span class='ocrx_word' id='word_1_717' title='bbox 1017 2979 1057 3003; x_wconf 90' lang='lat' dir='ltr'>se</span> <span class='ocrx_word' id='word_1_718' title='bbox 1086 2964 1255 3002; x_wconf 88' lang='lat' dir='ltr'>extendit</span> <span class='ocrx_word' id='word_1_719' title='bbox 1273 2963 1347 3001; x_wconf 88' lang='lat' dir='ltr'>nisi</span> <span class='ocrx_word' id='word_1_720' title='bbox 1402 2963 1548 3000; x_wconf 90' lang='lat' dir='ltr'>lectiva.</span> 
     </span>
    </p>
   </div>
   <div class='ocr_carea' id='block_1_20' title="bbox 331 3081 2465 3150">
    <p class='ocr_par' dir='ltr' id='par_1_28' title="bbox 331 3081 2465 3150">
     <span class='ocr_line' id='line_1_91' title="bbox 331 3081 2451 3119; baseline -0.008 -9"><span class='ocrx_word' id='word_1_721' title='bbox 331 3092 349 3119; x_wconf 83' lang='lat'><strong>9</strong></span> <span class='ocrx_word' id='word_1_722' title='bbox 368 3082 562 3115; x_wconf 80' lang='lat' dir='ltr'>determinatas}</span> <span class='ocrx_word' id='word_1_723' title='bbox 582 3082 615 3107; x_wconf 85' lang='lat' dir='ltr'>ad</span> <span class='ocrx_word' id='word_1_724' title='bbox 634 3082 819 3107; x_wconf 84' lang='lat' dir='ltr'>determinatas</span> <span class='ocrx_word' id='word_1_725' title='bbox 838 3081 882 3106; x_wconf 76' lang='lat' dir='ltr'>Pe.</span> <span class='ocrx_word' id='word_1_726' title='bbox 1575 3111 1580 3116; x_wconf 36' lang='grc' dir='ltr'>ι</span> <span class='ocrx_word' id='word_1_727' title='bbox 1647 3110 1653 3115; x_wconf 45' lang='grc'>.</span> <span class='ocrx_word' id='word_1_728' title='bbox 1673 3109 1679 3116; x_wconf 49' lang='grc'><em>·</em></span> <span class='ocrx_word' id='word_1_729' title='bbox 1700 3109 1724 3116; x_wconf 80' lang='lat'>..</span> <span class='ocrx_word' id='word_1_730' title='bbox 1794 3109 1800 3114; x_wconf 41' lang='grc' dir='ltr'>ι</span> <span class='ocrx_word' id='word_1_731' title='bbox 1867 3108 1872 3114; x_wconf 34' lang='grc' dir='ltr'><em>Π</em></span> <span class='ocrx_word' id='word_1_732' title='bbox 1937 3108 1942 3114; x_wconf 42' lang='grc' dir='ltr'>Ι</span> <span class='ocrx_word' id='word_1_733' title='bbox 1987 3108 1992 3113; x_wconf 34' lang='grc' dir='ltr'><em>Π</em></span> <span class='ocrx_word' id='word_1_734' title='bbox 2060 3107 2065 3112; x_wconf 46' lang='grc'><em>.</em></span> <span class='ocrx_word' id='word_1_735' title='bbox 2085 3106 2091 3112; x_wconf 45' lang='lat'><strong>.</strong></span> <span class='ocrx_word' id='word_1_736' title='bbox 2111 3106 2136 3112; x_wconf 88' lang='lat'>..</span> <span class='ocrx_word' id='word_1_737' title='bbox 2347 3103 2353 3109; x_wconf 94' lang='lat'>.</span> <span class='ocrx_word' id='word_1_738' title='bbox 2373 3104 2378 3109; x_wconf 36' lang='lat'>¹</span> <span class='ocrx_word' id='word_1_739' title='bbox 2446 3103 2451 3108; x_wconf 32' lang='grc' dir='ltr'>Π</span> 
     </span>
     <span class='ocr_line' id='line_1_92' title="bbox 335 3103 2465 3150; baseline -0.008 -5"><span class='ocrx_word' id='word_1_740' title='bbox 335 3118 369 3145; x_wconf 82' lang='grc' dir='ltr'>ιὸ</span> <span class='ocrx_word' id='word_1_741' title='bbox 387 3119 538 3145; x_wconf 79' lang='lat' dir='ltr'>excellentia</span> <span class='ocrx_word' id='word_1_742' title='bbox 555 3117 722 3150; x_wconf 84' lang='lat' dir='ltr'>intelligibilis</span> <span class='ocrx_word' id='word_1_743' title='bbox 741 3117 784 3142; x_wconf 80' lang='lat' dir='ltr'>Ita</span> <span class='ocrx_word' id='word_1_744' title='bbox 802 3116 906 3147; x_wconf 87' lang='lat' dir='ltr'>ENXZ;</span> <span class='ocrx_word' id='word_1_745' title='bbox 927 3115 1094 3148; x_wconf 82' lang='lat' dir='ltr'>intelligibilis</span> <span class='ocrx_word' id='word_1_746' title='bbox 1112 3114 1264 3140; x_wconf 82' lang='lat' dir='ltr'>excellentia</span> <span class='ocrx_word' id='word_1_747' title='bbox 1278 3112 1398 3143; x_wconf 74' lang='lat' dir='ltr'>aDWPc,</span> <span class='ocrx_word' id='word_1_748' title='bbox 1417 3112 1549 3137; x_wconf 86' lang='lat' dir='ltr'>intellectu</span> <span class='ocrx_word' id='word_1_749' title='bbox 1574 3109 1726 3142; x_wconf 74' lang='lat' dir='ltr'>intellignbssi</span> <span class='ocrx_word' id='word_1_750' title='bbox 1744 3109 1776 3141; x_wconf 89' lang='lat' dir='ltr'>G,</span> <span class='ocrx_word' id='word_1_751' title='bbox 1794 3108 1960 3141; x_wconf 69' lang='lat' dir='ltr'>intelligentia</span> <span class='ocrx_word' id='word_1_752' title='bbox 1986 3106 2152 3140; x_wconf 73' lang='lat' dir='ltr'>intelligibilis</span> <span class='ocrx_word' id='word_1_753' title='bbox 2170 3105 2203 3136; x_wconf 88' lang='lat' dir='ltr'>Y,</span> <span class='ocrx_word' id='word_1_754' title='bbox 2222 3104 2355 3130; x_wconf 74' lang='lat' dir='ltr'>excellenti</span> <span class='ocrx_word' id='word_1_755' title='bbox 2373 3103 2465 3128; x_wconf 74' lang='lat' dir='ltr'>intelli-</span> 
     </span>
    </p>
   </div>
   <div class='ocr_carea' id='block_1_21' title="bbox 279 3155 1712 3243">
    <p class='ocr_par' dir='ltr' id='par_1_29' title="bbox 279 3155 1712 3243">
     <span class='ocr_line' id='line_1_93' title="bbox 279 3155 393 3190; baseline -0.009 -9"><span class='ocrx_word' id='word_1_756' title='bbox 279 3155 350 3190; x_wconf 79' lang='lat' dir='ltr'>gibili</span> <span class='ocrx_word' id='word_1_757' title='bbox 369 3155 393 3180; x_wconf 83' lang='lat' dir='ltr'>b.</span> 
     </span>
     <span class='ocr_line' id='line_1_94' title="bbox 1037 3207 1712 3243; baseline -0.009 0"><span class='ocrx_word' id='word_1_758' title='bbox 1037 3209 1373 3243; x_wconf 51' lang='lat' dir='ltr'>Commentariun</span> <span class='ocrx_word' id='word_1_759' title='bbox 1402 3207 1712 3240; x_wconf 73' lang='lat' dir='ltr'>Fert-ariensis</span> 
     </span>
    </p>
   </div>
   <div class='ocr_carea' id='block_1_22' title="bbox 1404 3290 2469 3335">
    <p class='ocr_par' dir='ltr' id='par_1_30' title="bbox 1404 3290 2469 3335">
     <span class='ocr_line' id='line_1_95' title="bbox 1404 3290 2469 3335; baseline -0.008 -8"><span class='ocrx_word' id='word_1_760' title='bbox 1404 3297 1517 3327; x_wconf 88' lang='lat' dir='ltr'>lectus.</span> <span class='ocrx_word' id='word_1_761' title='bbox 1542 3296 1628 3335; x_wconf 90' lang='lat' dir='ltr'>Ergo</span> <span class='ocrx_word' id='word_1_762' title='bbox 1651 3304 1764 3325; x_wconf 86' lang='lat' dir='ltr'>sensus</span> <span class='ocrx_word' id='word_1_763' title='bbox 1786 3302 1854 3323; x_wconf 90' lang='lat' dir='ltr'>non</span> <span class='ocrx_word' id='word_1_764' title='bbox 1878 3297 1925 3323; x_wconf 90' lang='lat' dir='ltr'>est</span> <span class='ocrx_word' id='word_1_765' title='bbox 1947 3291 2137 3321; x_wconf 90' lang='lat' dir='ltr'>intellectus.</span> <span class='ocrx_word' id='word_1_766' title='bbox 2156 3308 2179 3313; x_wconf 95' lang='lat'>—</span> <span class='ocrx_word' id='word_1_767' title='bbox 2201 3290 2357 3320; x_wconf 89' lang='lat' dir='ltr'>Probatur</span> <span class='ocrx_word' id='word_1_768' title='bbox 2379 3294 2469 3319; x_wconf 89' lang='lat' dir='ltr'>ante-</span> 
     </span>
    </p>
   </div>
   <div class='ocr_carea' id='block_1_23' title="bbox 1405 3333 2468 3380">
    <p class='ocr_par' dir='ltr' id='par_1_31' title="bbox 1405 3333 2468 3380">
     <span class='ocr_line' id='line_1_96' title="bbox 1405 3333 2468 3380; baseline -0.008 -9"><span class='ocrx_word' id='word_1_769' title='bbox 1405 3340 1524 3371; x_wconf 91' lang='lat' dir='ltr'>cedens</span> <span class='ocrx_word' id='word_1_770' title='bbox 1547 3338 1657 3380; x_wconf 91' lang='lat' dir='ltr'>quoad</span> <span class='ocrx_word' id='word_1_771' title='bbox 1683 3337 1858 3369; x_wconf 87' lang='lat' dir='ltr'>secundam</span> <span class='ocrx_word' id='word_1_772' title='bbox 1889 3341 2022 3376; x_wconf 89' lang='lat' dir='ltr'>partem.</span> <span class='ocrx_word' id='word_1_773' title='bbox 2053 3334 2139 3372; x_wconf 90' lang='lat' dir='ltr'>Quia</span> <span class='ocrx_word' id='word_1_774' title='bbox 2167 3335 2228 3364; x_wconf 90' lang='lat' dir='ltr'>alia</span> <span class='ocrx_word' id='word_1_775' title='bbox 2258 3333 2406 3364; x_wconf 89' lang='lat' dir='ltr'>animalia</span> <span class='ocrx_word' id='word_1_776' title='bbox 2428 3333 2468 3363; x_wconf 87' lang='lat' dir='ltr'>ab</span> 
     </span>
    </p>
   </div>
   <div class='ocr_carea' id='block_1_24' title="bbox 285 3298 2470 3423">
    <p class='ocr_par' dir='ltr' id='par_1_32' title="bbox 285 3298 2470 3423">
     <span class='ocr_line' id='line_1_97' title="bbox 285 3298 1351 3380; baseline -0.012 -41"><span class='ocrx_word' id='word_1_777' title='bbox 285 3315 455 3380; x_wconf 65' lang='lat' dir='ltr'>Furnium·</span> <span class='ocrx_word' id='word_1_778' title='bbox 478 3310 510 3336; x_wconf 90' lang='lat' dir='ltr'>et</span> <span class='ocrx_word' id='word_1_779' title='bbox 531 3303 682 3335; x_wconf 89' lang='lat' dir='ltr'>nonnulli</span> <span class='ocrx_word' id='word_1_780' title='bbox 706 3302 772 3342; x_wconf 86' lang='lat' dir='ltr'>qui,</span> <span class='ocrx_word' id='word_1_781' title='bbox 789 3300 936 3341; x_wconf 90' lang='lat' dir='ltr'>quamvis</span> <span class='ocrx_word' id='word_1_782' title='bbox 961 3299 1101 3329; x_wconf 84' lang='lat' dir='ltr'>animam</span> <span class='ocrx_word' id='word_1_783' title='bbox 1122 3298 1351 3328; x_wconf 77' lang='lat' dir='ltr'>intellectivam</span> 
     </span>
     <span class='ocr_line' id='line_1_98' title="bbox 1404 3376 2470 3423; baseline -0.008 -8"><span class='ocrx_word' id='word_1_784' title='bbox 1404 3385 1538 3415; x_wconf 90' lang='lat' dir='ltr'>homine</span> <span class='ocrx_word' id='word_1_785' title='bbox 1561 3393 1630 3414; x_wconf 90' lang='lat' dir='ltr'>non</span> <span class='ocrx_word' id='word_1_786' title='bbox 1646 3387 1820 3423; x_wconf 90' lang='lat' dir='ltr'>operantur</span> <span class='ocrx_word' id='word_1_787' title='bbox 1835 3380 1958 3411; x_wconf 90' lang='lat' dir='ltr'>diversa</span> <span class='ocrx_word' id='word_1_788' title='bbox 1973 3384 2004 3409; x_wconf 90' lang='lat' dir='ltr'>et</span> <span class='ocrx_word' id='word_1_789' title='bbox 2027 3379 2187 3418; x_wconf 88' lang='lat' dir='ltr'>opposita,</span> <span class='ocrx_word' id='word_1_790' title='bbox 2210 3377 2266 3408; x_wconf 90' lang='lat' dir='ltr'>sed</span> <span class='ocrx_word' id='word_1_791' title='bbox 2289 3376 2418 3407; x_wconf 89' lang='lat' dir='ltr'>easdem</span> <span class='ocrx_word' id='word_1_792' title='bbox 2438 3381 2470 3407; x_wconf 87' lang='lat' dir='ltr'>et</span> 
     </span>
    </p>
   </div>
   <div class='ocr_carea' id='block_1_25' title="bbox 283 3342 1352 3433">
    <p class='ocr_par' dir='ltr' id='par_1_33' title="bbox 283 3342 1352 3433">
     <span class='ocr_line' id='line_1_99' title="bbox 346 3342 1351 3386; baseline -0.012 -4"><span class='ocrx_word' id='word_1_793' title='bbox 346 3360 415 3382; x_wconf 91' lang='lat' dir='ltr'>non</span> <span class='ocrx_word' id='word_1_794' title='bbox 438 3350 583 3380; x_wconf 88' lang='lat' dir='ltr'>dicerent</span> <span class='ocrx_word' id='word_1_795' title='bbox 606 3357 674 3378; x_wconf 90' lang='lat' dir='ltr'>esse</span> <span class='ocrx_word' id='word_1_796' title='bbox 698 3355 826 3386; x_wconf 88' lang='lat' dir='ltr'>corpus,</span> <span class='ocrx_word' id='word_1_797' title='bbox 849 3344 998 3375; x_wconf 85' lang='lat' dir='ltr'>dicebant</span> <span class='ocrx_word' id='word_1_798' title='bbox 1019 3348 1128 3373; x_wconf 88' lang='lat' dir='ltr'>tamen</span> <span class='ocrx_word' id='word_1_799' title='bbox 1151 3342 1351 3372; x_wconf 87' lang='lat' dir='ltr'>intellectum</span> 
     </span>
     <span class='ocr_line' id='line_1_100' title="bbox 283 3387 1352 3433; baseline -0.011 -7"><span class='ocrx_word' id='word_1_800' title='bbox 283 3404 352 3426; x_wconf 89' lang='lat' dir='ltr'>esse</span> <span class='ocrx_word' id='word_1_801' title='bbox 367 3395 520 3425; x_wconf 87' lang='lat' dir='ltr'>virtutem</span> <span class='ocrx_word' id='word_1_802' title='bbox 534 3401 736 3433; x_wconf 88' lang='lat' dir='ltr'>corpoream,</span> <span class='ocrx_word' id='word_1_803' title='bbox 749 3394 908 3431; x_wconf 86' lang='lat' dir='ltr'>ponentes</span> <span class='ocrx_word' id='word_1_804' title='bbox 922 3387 1123 3418; x_wconf 88' lang='lat' dir='ltr'>intellectum</span> <span class='ocrx_word' id='word_1_805' title='bbox 1139 3396 1157 3416; x_wconf 92' lang='lat' dir='ltr'>a</span> <span class='ocrx_word' id='word_1_806' title='bbox 1172 3395 1269 3416; x_wconf 90' lang='lat' dir='ltr'>sensu</span> <span class='ocrx_word' id='word_1_807' title='bbox 1283 3395 1352 3415; x_wconf 90' lang='lat' dir='ltr'>non</span> 
     </span>
    </p>
   </div>
   <div class='ocr_carea' id='block_1_26' title="bbox 283 3429 1354 3691">
    <p class='ocr_par' dir='ltr' id='par_1_34' title="bbox 283 3429 1354 3610">
     <span class='ocr_line' id='line_1_101' title="bbox 283 3429 1351 3479; baseline -0.01 -9"><span class='ocrx_word' id='word_1_808' title='bbox 283 3439 426 3470; x_wconf 86' lang='lat' dir='ltr'>differre:</span> <span class='ocrx_word' id='word_1_809' title='bbox 444 3438 507 3469; x_wconf 85' lang='lat' dir='ltr'>nisi</span> <span class='ocrx_word' id='word_1_810' title='bbox 513 3438 611 3479; x_wconf 89' lang='lat' dir='ltr'>forte</span> <span class='ocrx_word' id='word_1_811' title='bbox 626 3435 878 3468; x_wconf 84' lang='lat' dir='ltr'>accidentaliter,</span> <span class='ocrx_word' id='word_1_812' title='bbox 895 3437 931 3463; x_wconf 87' lang='lat' dir='ltr'>ut</span> <span class='ocrx_word' id='word_1_813' title='bbox 946 3431 1062 3462; x_wconf 91' lang='lat' dir='ltr'>dicitur</span> <span class='ocrx_word' id='word_1_814' title='bbox 1077 3430 1213 3468; x_wconf 87' lang='lat' dir='ltr'>Quarto,</span> <span class='ocrx_word' id='word_1_815' title='bbox 1226 3429 1257 3460; x_wconf 92' lang='lat' dir='ltr'>d.</span> <span class='ocrx_word' id='word_1_816' title='bbox 1270 3439 1351 3465; x_wconf 82' lang='lat' dir='ltr'>mv,</span> 
     </span>
     <span class='ocr_line' id='line_1_102' title="bbox 284 3474 1353 3524; baseline -0.011 -10"><span class='ocrx_word' id='word_1_817' title='bbox 284 3493 316 3524; x_wconf 87' lang='lat' dir='ltr'>q.</span> <span class='ocrx_word' id='word_1_818' title='bbox 337 3491 365 3520; x_wconf 79' lang='grc' dir='ltr'>ι,</span> <span class='ocrx_word' id='word_1_819' title='bbox 382 3493 410 3514; x_wconf 90' lang='lat' dir='ltr'>a.</span> <span class='ocrx_word' id='word_1_820' title='bbox 432 3490 459 3519; x_wconf 80' lang='grc' dir='ltr'>ι,</span> <span class='ocrx_word' id='word_1_821' title='bbox 476 3482 536 3522; x_wconf 75' lang='lat' dir='ltr'>qu&#39;</span> <span class='ocrx_word' id='word_1_822' title='bbox 556 3489 583 3521; x_wconf 81' lang='lat'>1,</span> <span class='ocrx_word' id='word_1_823' title='bbox 608 3481 799 3521; x_wconf 82' lang='lat' dir='ltr'>inquantum</span> <span class='ocrx_word' id='word_1_824' title='bbox 819 3477 966 3508; x_wconf 81' lang='lat' dir='ltr'>dicebant</span> <span class='ocrx_word' id='word_1_825' title='bbox 987 3475 1147 3505; x_wconf 83' lang='lat' dir='ltr'>hominem</span> <span class='ocrx_word' id='word_1_826' title='bbox 1163 3474 1280 3504; x_wconf 84' lang='lat' dir='ltr'>habere</span> <span class='ocrx_word' id='word_1_827' title='bbox 1304 3474 1353 3503; x_wconf 91' lang='lat' dir='ltr'>in-</span> 
     </span>
     <span class='ocr_line' id='line_1_103' title="bbox 285 3517 1354 3567; baseline -0.012 -8"><span class='ocrx_word' id='word_1_828' title='bbox 285 3528 446 3558; x_wconf 85' lang='lat' dir='ltr'>tellectum</span> <span class='ocrx_word' id='word_1_829' title='bbox 463 3535 549 3567; x_wconf 84' lang='lat' dir='ltr'>prae</span> <span class='ocrx_word' id='word_1_830' title='bbox 571 3525 647 3556; x_wconf 85' lang='lat' dir='ltr'>aliis</span> <span class='ocrx_word' id='word_1_831' title='bbox 669 3523 873 3557; x_wconf 87' lang='lat' dir='ltr'>animalibus,</span> <span class='ocrx_word' id='word_1_832' title='bbox 898 3521 974 3561; x_wconf 85' lang='lat' dir='ltr'>quia</span> <span class='ocrx_word' id='word_1_833' title='bbox 998 3520 1031 3549; x_wconf 89' lang='lat' dir='ltr'>in</span> <span class='ocrx_word' id='word_1_834' title='bbox 1048 3528 1096 3554; x_wconf 85' lang='lat' dir='ltr'>eo,</span> <span class='ocrx_word' id='word_1_835' title='bbox 1111 3523 1249 3559; x_wconf 81' lang='lat' dir='ltr'>propter</span> <span class='ocrx_word' id='word_1_836' title='bbox 1271 3517 1354 3557; x_wconf 86' lang='lat' dir='ltr'>opti-</span> 
     </span>
     <span class='ocr_line' id='line_1_104' title="bbox 285 3562 1282 3610; baseline -0.011 -8"><span class='ocrx_word' id='word_1_837' title='bbox 285 3581 372 3602; x_wconf 87' lang='lat' dir='ltr'>mam</span> <span class='ocrx_word' id='word_1_838' title='bbox 395 3572 465 3602; x_wconf 88' lang='lat' dir='ltr'>eius</span> <span class='ocrx_word' id='word_1_839' title='bbox 488 3569 754 3610; x_wconf 80' lang='lat' dir='ltr'>complexionem,</span> <span class='ocrx_word' id='word_1_840' title='bbox 779 3567 826 3598; x_wconf 80' lang='lat' dir='ltr'>vis</span> <span class='ocrx_word' id='word_1_841' title='bbox 848 3565 1001 3596; x_wconf 80' lang='lat' dir='ltr'>sensitiva</span> <span class='ocrx_word' id='word_1_842' title='bbox 1024 3563 1163 3603; x_wconf 86' lang='lat' dir='ltr'>amplius</span> <span class='ocrx_word' id='word_1_843' title='bbox 1185 3562 1282 3603; x_wconf 73' lang='lat' dir='ltr'>viget.</span> 
     </span>
    </p>

    <p class='ocr_par' dir='ltr' id='par_1_35' title="bbox 287 3605 1354 3691">
     <span class='ocr_line' id='line_1_105' title="bbox 342 3605 1352 3652; baseline -0.012 -6"><span class='ocrx_word' id='word_1_844' title='bbox 342 3616 365 3646; x_wconf 93' lang='lat'>1.</span> <span class='ocrx_word' id='word_1_845' title='bbox 381 3615 507 3646; x_wconf 88' lang='lat' dir='ltr'>Contra</span> <span class='ocrx_word' id='word_1_846' title='bbox 522 3615 582 3644; x_wconf 91' lang='lat' dir='ltr'>hos</span> <span class='ocrx_word' id='word_1_847' title='bbox 599 3614 695 3644; x_wconf 82' lang='lat' dir='ltr'>etiam</span> <span class='ocrx_word' id='word_1_848' title='bbox 711 3612 815 3652; x_wconf 91' lang='lat' dir='ltr'>arguit</span> <span class='ocrx_word' id='word_1_849' title='bbox 830 3610 965 3641; x_wconf 89' lang='lat' dir='ltr'>Sanctus</span> <span class='ocrx_word' id='word_1_850' title='bbox 984 3608 1128 3638; x_wconf 89' lang='lat' dir='ltr'>Thomas</span> <span class='ocrx_word' id='word_1_851' title='bbox 1140 3607 1167 3636; x_wconf 75' lang='lat'>*.</span> <span class='ocrx_word' id='word_1_852' title='bbox 1185 3605 1230 3635; x_wconf 87' lang='lat' dir='ltr'>Et</span> <span class='ocrx_word' id='word_1_853' title='bbox 1241 3605 1352 3645; x_wconf 86' lang='lat' dir='ltr'>primo</span> 
     </span>
     <span class='ocr_line' id='line_1_106' title="bbox 287 3649 1354 3691; baseline -0.012 0"><span class='ocrx_word' id='word_1_854' title='bbox 287 3660 343 3691; x_wconf 87' lang='lat' dir='ltr'>sic.</span> <span class='ocrx_word' id='word_1_855' title='bbox 367 3659 487 3690; x_wconf 90' lang='lat' dir='ltr'>Sensus</span> <span class='ocrx_word' id='word_1_856' title='bbox 511 3659 594 3689; x_wconf 90' lang='lat' dir='ltr'>inest</span> <span class='ocrx_word' id='word_1_857' title='bbox 618 3657 770 3688; x_wconf 90' lang='lat' dir='ltr'>omnibus</span> <span class='ocrx_word' id='word_1_858' title='bbox 800 3654 1000 3688; x_wconf 88' lang='lat' dir='ltr'>animalibus,</span> <span class='ocrx_word' id='word_1_859' title='bbox 1031 3661 1098 3682; x_wconf 91' lang='lat' dir='ltr'>non</span> <span class='ocrx_word' id='word_1_860' title='bbox 1126 3655 1234 3681; x_wconf 88' lang='lat' dir='ltr'>autem</span> <span class='ocrx_word' id='word_1_861' title='bbox 1261 3649 1354 3679; x_wconf 90' lang='lat' dir='ltr'>intel-</span> 
     </span>
    </p>
   </div>
   <div class='ocr_carea' id='block_1_27' title="bbox 1405 3420 2472 3688">
    <p class='ocr_par' dir='ltr' id='par_1_36' title="bbox 1405 3420 2470 3508">
     <span class='ocr_line' id='line_1_107' title="bbox 1405 3420 2470 3467; baseline -0.008 -8"><span class='ocrx_word' id='word_1_862' title='bbox 1405 3428 1584 3459; x_wconf 85' lang='lat' dir='ltr'>uniformes</span> <span class='ocrx_word' id='word_1_863' title='bbox 1607 3427 1812 3467; x_wconf 89' lang='lat' dir='ltr'>operationes</span> <span class='ocrx_word' id='word_1_864' title='bbox 1841 3425 1874 3455; x_wconf 92' lang='lat' dir='ltr'>in</span> <span class='ocrx_word' id='word_1_865' title='bbox 1901 3423 2013 3454; x_wconf 90' lang='lat' dir='ltr'>eadem</span> <span class='ocrx_word' id='word_1_866' title='bbox 2041 3423 2164 3462; x_wconf 90' lang='lat' dir='ltr'>specie:</span> <span class='ocrx_word' id='word_1_867' title='bbox 2189 3427 2226 3451; x_wconf 91' lang='lat' dir='ltr'>ut</span> <span class='ocrx_word' id='word_1_868' title='bbox 2248 3426 2335 3461; x_wconf 91' lang='lat' dir='ltr'>patet</span> <span class='ocrx_word' id='word_1_869' title='bbox 2358 3420 2398 3451; x_wconf 88' lang='lat' dir='ltr'>de</span> <span class='ocrx_word' id='word_1_870' title='bbox 2420 3420 2470 3451; x_wconf 91' lang='lat' dir='ltr'>hi-</span> 
     </span>
     <span class='ocr_line' id='line_1_108' title="bbox 1405 3464 2296 3508; baseline -0.009 -5"><span class='ocrx_word' id='word_1_871' title='bbox 1405 3472 1553 3508; x_wconf 90' lang='lat' dir='ltr'>rundine,</span> <span class='ocrx_word' id='word_1_872' title='bbox 1578 3472 1684 3501; x_wconf 89' lang='lat' dir='ltr'>omnis</span> <span class='ocrx_word' id='word_1_873' title='bbox 1707 3470 1793 3500; x_wconf 91' lang='lat' dir='ltr'>enim</span> <span class='ocrx_word' id='word_1_874' title='bbox 1816 3467 1955 3498; x_wconf 89' lang='lat' dir='ltr'>hirundo</span> <span class='ocrx_word' id='word_1_875' title='bbox 1979 3467 2123 3497; x_wconf 88' lang='lat' dir='ltr'>similiter</span> <span class='ocrx_word' id='word_1_876' title='bbox 2143 3464 2296 3496; x_wconf 88' lang='lat' dir='ltr'>nidificat.</span> 
     </span>
    </p>

    <p class='ocr_par' dir='ltr' id='par_1_37' title="bbox 1405 3508 2472 3688">
     <span class='ocr_line' id='line_1_109' title="bbox 1460 3508 2470 3546; baseline -0.009 1"><span class='ocrx_word' id='word_1_877' title='bbox 1460 3516 1523 3546; x_wconf 90' lang='lat' dir='ltr'>Pro</span> <span class='ocrx_word' id='word_1_878' title='bbox 1547 3515 1762 3546; x_wconf 78' lang='lat' dir='ltr'>declaratione</span> <span class='ocrx_word' id='word_1_879' title='bbox 1784 3513 1880 3543; x_wconf 89' lang='lat' dir='ltr'>huius</span> <span class='ocrx_word' id='word_1_880' title='bbox 1903 3511 2045 3546; x_wconf 85' lang='lat' dir='ltr'>rationis,</span> <span class='ocrx_word' id='word_1_881' title='bbox 2069 3509 2310 3544; x_wconf 88' lang='lat' dir='ltr'>advertendum,</span> <span class='ocrx_word' id='word_1_882' title='bbox 2334 3517 2373 3539; x_wconf 89' lang='lat' dir='ltr'>ex</span> <span class='ocrx_word' id='word_1_883' title='bbox 2395 3508 2470 3539; x_wconf 87' lang='lat' dir='ltr'>Phi-</span> 
     </span>
     <span class='ocr_line' id='line_1_110' title="bbox 1406 3552 2471 3600; baseline -0.008 -9"><span class='ocrx_word' id='word_1_884' title='bbox 1406 3560 1558 3600; x_wconf 88' lang='lat' dir='ltr'>losopho,</span> <span class='ocrx_word' id='word_1_885' title='bbox 1575 3559 1619 3589; x_wconf 90' lang='lat' dir='ltr'>IX</span> <span class='ocrx_word' id='word_1_886' title='bbox 1635 3558 1787 3598; x_wconf 69' lang='lat' dir='ltr'>Metaph„</span> <span class='ocrx_word' id='word_1_887' title='bbox 1803 3561 1879 3587; x_wconf 88' lang='lat' dir='ltr'>text.</span> <span class='ocrx_word' id='word_1_888' title='bbox 1897 3556 1914 3586; x_wconf 88' lang='lat'>3</span> <span class='ocrx_word' id='word_1_889' title='bbox 1933 3560 1964 3586; x_wconf 90' lang='lat' dir='ltr'>et</span> <span class='ocrx_word' id='word_1_890' title='bbox 1983 3563 2022 3585; x_wconf 85' lang='lat'>10</span> <span class='ocrx_word' id='word_1_891' title='bbox 2034 3555 2060 3590; x_wconf 71' lang='lat'>*‚</span> <span class='ocrx_word' id='word_1_892' title='bbox 2078 3553 2167 3594; x_wconf 91' lang='lat' dir='ltr'>quod</span> <span class='ocrx_word' id='word_1_893' title='bbox 2183 3552 2333 3583; x_wconf 87' lang='lat' dir='ltr'>differunt</span> <span class='ocrx_word' id='word_1_894' title='bbox 2353 3557 2471 3592; x_wconf 88' lang='lat' dir='ltr'>poten-</span> 
     </span>
     <span class='ocr_line' id='line_1_111' title="bbox 1405 3597 2471 3638; baseline -0.008 -4"><span class='ocrx_word' id='word_1_895' title='bbox 1405 3605 1468 3634; x_wconf 89' lang='lat' dir='ltr'>tiae</span> <span class='ocrx_word' id='word_1_896' title='bbox 1490 3603 1661 3634; x_wconf 88' lang='lat' dir='ltr'>rationales</span> <span class='ocrx_word' id='word_1_897' title='bbox 1677 3603 1715 3632; x_wconf 93' lang='lat' dir='ltr'>ab</span> <span class='ocrx_word' id='word_1_898' title='bbox 1738 3599 1982 3636; x_wconf 83' lang='lat' dir='ltr'>irrationalibus,</span> <span class='ocrx_word' id='word_1_899' title='bbox 2002 3599 2078 3638; x_wconf 92' lang='lat' dir='ltr'>quia</span> <span class='ocrx_word' id='word_1_900' title='bbox 2095 3597 2265 3628; x_wconf 89' lang='lat' dir='ltr'>rationales</span> <span class='ocrx_word' id='word_1_901' title='bbox 2288 3602 2320 3627; x_wconf 90' lang='lat' dir='ltr'>et</span> <span class='ocrx_word' id='word_1_902' title='bbox 2334 3601 2471 3636; x_wconf 88' lang='lat' dir='ltr'>possunt</span> 
     </span>
     <span class='ocr_line' id='line_1_112' title="bbox 1408 3641 2472 3688; baseline -0.008 -9"><span class='ocrx_word' id='word_1_903' title='bbox 1408 3649 1440 3678; x_wconf 89' lang='lat' dir='ltr'>in</span> <span class='ocrx_word' id='word_1_904' title='bbox 1465 3647 1623 3688; x_wconf 85' lang='lat' dir='ltr'>opposita,</span> <span class='ocrx_word' id='word_1_905' title='bbox 1654 3646 1775 3676; x_wconf 89' lang='lat' dir='ltr'>scilicet</span> <span class='ocrx_word' id='word_1_906' title='bbox 1801 3653 1893 3684; x_wconf 89' lang='lat' dir='ltr'>agere</span> <span class='ocrx_word' id='word_1_907' title='bbox 1923 3648 1955 3674; x_wconf 91' lang='lat' dir='ltr'>et</span> <span class='ocrx_word' id='word_1_908' title='bbox 1983 3652 2052 3673; x_wconf 90' lang='lat' dir='ltr'>non</span> <span class='ocrx_word' id='word_1_909' title='bbox 2083 3651 2186 3682; x_wconf 90' lang='lat' dir='ltr'>agere,</span> <span class='ocrx_word' id='word_1_910' title='bbox 2217 3641 2322 3672; x_wconf 88' lang='lat' dir='ltr'>activo</span> <span class='ocrx_word' id='word_1_911' title='bbox 2353 3649 2472 3681; x_wconf 90' lang='lat' dir='ltr'>appro-</span> 
     </span>
    </p>
   </div>
   <div class='ocr_carea' id='block_1_28' title="bbox 2495 515 2708 566">
    <p class='ocr_par' dir='ltr' id='par_1_38' title="bbox 2495 515 2708 566">
     <span class='ocr_line' id='line_1_113' title="bbox 2495 515 2708 540; baseline 0 -2"><span class='ocrx_word' id='word_1_912' title='bbox 2495 518 2505 527; x_wconf 82' lang='lat'><strong>·</strong></span> <span class='ocrx_word' id='word_1_913' title='bbox 2519 516 2556 538; x_wconf 79' lang='lat' dir='ltr'>Cf.</span> <span class='ocrx_word' id='word_1_914' title='bbox 2571 517 2621 540; x_wconf 78' lang='lat' dir='ltr'>init.</span> <span class='ocrx_word' id='word_1_915' title='bbox 2638 515 2708 539; x_wconf 87' lang='lat' dir='ltr'>Com-</span> 
     </span>
     <span class='ocr_line' id='line_1_114' title="bbox 2495 546 2566 566; baseline 0.014 -1"><span class='ocrx_word' id='word_1_916' title='bbox 2495 546 2566 566; x_wconf 82' lang='lat' dir='ltr'>ment.</span> 
     </span>
    </p>
   </div>
   <div class='ocr_carea' id='block_1_29' title="bbox 2491 2541 2705 2591">
    <p class='ocr_par' dir='ltr' id='par_1_39' title="bbox 2491 2541 2705 2591">
     <span class='ocr_line' id='line_1_115' title="bbox 2491 2541 2705 2591; baseline -0.014 0"><span class='ocrx_word' id='word_1_917' title='bbox 2491 2541 2632 2591; x_wconf 53' lang='lat' dir='ltr'>zeb-13¹2</span> <span class='ocrx_word' id='word_1_918' title='bbox 2653 2546 2705 2588; x_wconf 67' lang='lat'>5²⁹·</span> 
     </span>
    </p>
   </div>
   <div class='ocr_carea' id='block_1_30' title="bbox 2494 2907 2705 2935">
    <p class='ocr_par' dir='ltr' id='par_1_40' title="bbox 2494 2907 2705 2935">
     <span class='ocr_line' id='line_1_116' title="bbox 2494 2907 2705 2935; baseline -0.009 -5"><span class='ocrx_word' id='word_1_919' title='bbox 2494 2910 2503 2919; x_wconf 92' lang='grc'>·</span> <span class='ocrx_word' id='word_1_920' title='bbox 2511 2907 2635 2935; x_wconf 81' lang='lat' dir='ltr'>1bid.,cap.</span> <span class='ocrx_word' id='word_1_921' title='bbox 2646 2912 2677 2934; x_wconf 79' lang='lat' dir='ltr'>tv,</span> <span class='ocrx_word' id='word_1_922' title='bbox 2683 2912 2705 2935; x_wconf 81' lang='grc'>5,</span> 
     </span>
    </p>
   </div>
   <div class='ocr_carea' id='block_1_31' title="bbox 2497 3560 2711 3587">
    <p class='ocr_par' dir='ltr' id='par_1_41' title="bbox 2497 3560 2711 3587">
     <span class='ocr_line' id='line_1_117' title="bbox 2497 3560 2711 3587; baseline -0.005 -4"><span class='ocrx_word' id='word_1_923' title='bbox 2497 3562 2506 3571; x_wconf 95' lang='grc'>·</span> <span class='ocrx_word' id='word_1_924' title='bbox 2526 3561 2550 3583; x_wconf 88' lang='lat' dir='ltr'>s.</span> <span class='ocrx_word' id='word_1_925' title='bbox 2565 3560 2610 3582; x_wconf 88' lang='lat' dir='ltr'>Th.</span> <span class='ocrx_word' id='word_1_926' title='bbox 2624 3561 2711 3587; x_wconf 75' lang='lat'>1.2,4:</span> 
     </span>
    </p>
   </div>
   <div class='ocr_carea' id='block_1_32' title="bbox 2498 3587 2711 3641">
    <p class='ocr_par' dir='ltr' id='par_1_42' title="bbox 2498 3587 2711 3641">
     <span class='ocr_line' id='line_1_118' title="bbox 2498 3587 2711 3614; baseline 0 -6"><span class='ocrx_word' id='word_1_927' title='bbox 2498 3587 2550 3609; x_wconf 89' lang='lat' dir='ltr'>Did.</span> <span class='ocrx_word' id='word_1_928' title='bbox 2565 3587 2627 3614; x_wconf 83' lang='lat' dir='ltr'>vlu,</span> <span class='ocrx_word' id='word_1_929' title='bbox 2645 3593 2671 3614; x_wconf 86' lang='lat' dir='ltr'>u,</span> <span class='ocrx_word' id='word_1_930' title='bbox 2686 3593 2711 3612; x_wconf 64' lang='grc' dir='ltr'>ις</span> 
     </span>
     <span class='ocr_line' id='line_1_119' title="bbox 2498 3620 2550 3641; baseline 0.019 -6"><span class='ocrx_word' id='word_1_931' title='bbox 2498 3621 2520 3641; x_wconf 82' lang='grc' dir='ltr'>ν,</span> <span class='ocrx_word' id='word_1_932' title='bbox 2531 3620 2550 3636; x_wconf 81' lang='lat'>2.</span> 
     </span>
    </p>
   </div>
  </div>
 </body>
</html>
