2768 4134
0 987 7 1029 ξ’
26 991 42 1003 ’
55 990 92 1014 ct.
107 997 132 1014 n.
143 997 170 1014 ιι.

13 3780 22 3811 'bl

35 3311 39 3313 “
48 3316 249 3346 (hpavmxxni.

744 287 935 325 SUMMA
964 289 1187 328 CONTRA
1215 290 1492 340 GENTILES,
1523 293 1634 330 CAP.
1654 294 1828 341 LXXIX,
1848 295 2004 332 LXXX.

274 366 424 402 volentis,
440 375 510 396 non
525 365 630 397 differt
652 365 835 397 intellectus
854 376 873 396 a
888 366 1067 398 voluntate:
1092 369 1241 409 intelligit
1263 370 1351 400 enim

272 410 456 442 intellectus
479 419 549 441 rem
572 416 733 451 quantum
756 409 796 441 ad
820 420 888 441 esse
912 411 1003 451 quod
1025 412 1122 443 habet
1145 419 1231 444 extra
1258 414 1351 444 intel-

273 455 438 495 ligentem,
464 461 496 486 et
524 455 670 486 similiter
698 454 849 486 voluntas
879 456 948 486 vult
978 466 1046 487 rem
1077 458 1258 489 secundum
1282 467 1351 489 esse

273 499 365 541 quod
386 500 484 530 habet
506 500 540 530 in
563 500 677 540 seipsa.
702 499 744 530 Et
766 499 831 531 hoc
854 500 955 531 modo
978 501 1124 542 loquitur
1146 503 1198 533 hic
1213 502 1351 533 Sanctus

273 544 432 575 Thomas.
455 561 479 566 -
505 543 676 583 Quantum
706 549 817 575 autem
847 544 887 575 ad
916 544 949 576 id
980 545 1071 586 quod
1100 552 1148 577 est
1177 548 1258 578 ratio
1287 552 1351 578 ter-

273 588 422 620 minandi
444 589 611 630 propriam
633 587 857 620 habitudinem
884 591 1063 630 utriusque,
1086 591 1248 622 differunt.
1272 591 1350 622 Esse

274 634 363 666 enim
393 633 486 674 quod
514 633 612 664 habet
642 643 692 664 res
723 639 810 664 extra
840 634 1050 671 intellectum,
1074 636 1141 666 sive
1172 637 1206 667 in
1234 637 1350 676 seipsa,

273 688 343 709 non
359 684 406 709 est
421 678 503 709 ratio
523 677 615 718 quod
633 678 755 719 aliquid
778 679 818 709 sit
841 684 915 709 actu
939 679 1139 711 intellectum
1155 686 1187 711 et
1202 681 1352 711 terminet

273 722 497 754 habitudinem
520 723 726 763 intelligentis
749 729 785 754 ut
808 724 988 764 intelligens
1011 730 1068 760 est,
1092 725 1149 755 sed
1173 734 1241 755 esse
1261 724 1352 765 quod

274 767 371 798 habet
400 768 435 798 in
465 768 582 798 anima.
616 767 695 798 Esse
726 774 834 798 autem
862 769 908 799 rei
938 769 972 798 in
1005 769 1110 809 seipsa
1133 775 1181 800 est
1210 770 1240 800 ei
1269 770 1350 800 ratio

275 821 375 853 quare
401 812 442 843 sit
465 812 565 843 volita
595 818 626 843 et
655 813 805 843 terminet
834 812 1058 843 habitudinem
1085 814 1221 844 volentis
1244 819 1281 844 ut
1305 819 1352 844 est

274 853 399 888 volens.
431 856 474 887 Et
505 858 570 888 hoc
596 856 698 887 modo
726 857 856 888 locutus
880 863 928 888 est
954 858 1112 898 superius.
1141 857 1236 889 Unde
1262 858 1351 888 nulla

274 907 323 933 oet
346 901 570 933 contradictio.

330 945 384 977 111.
408 946 548 977 Remota
569 947 666 987 igitur
688 947 749 976 hac
773 945 851 976 falsa
865 946 1089 986 responsione,
1106 947 1200 986 ponit
1216 946 1352 977 Sanctus

274 990 421 1022 Th0mas
431 1001 542 1022 veram
557 990 806 1032 responsionem
813 991 840 1021 ’ἢ
857 989 909 1021 Ad
925 990 1068 1031 primum
1081 991 1167 1021 enim
1180 991 1353 1031 respondet

274 1035 376 1077 quod,
400 1045 477 1067 cum
499 1035 613 1067 relatio
637 1044 842 1076 consequens
866 1035 1158 1075 apprehensionem
1173 1036 1213 1065 sit
1229 1035 1269 1066 ad
1283 1045 1352 1067 rem

274 1090 343 1112 non
366 1080 475 1111 solum
504 1079 687 1111 secundum
718 1079 810 1121 quod
839 1084 888 1110 est
910 1080 944 1110 in
974 1079 1151 1116 intellectu,
1176 1079 1233 1111 sed
1256 1082 1352 1111 etiam

272 1125 457 1157 secundum
480 1125 572 1166 quod
595 1130 643 1155 est
671 1124 706 1154 in
733 1124 839 1164 seipsa
869 1124 957 1164 (licet
979 1130 1058 1155 tunc
1081 1134 1149 1155 non
1172 1125 1213 1155 sit
1235 1125 1297 1156 nisi
1319 1126 1353 1156 in

273 1170 466 1210 intellectu),
490 1179 567 1201 cum
591 1168 837 1209 apprehendens
860 1168 1081 1209 apprehendat
1099 1169 1204 1210 ipsam
1219 1179 1288 1200 esse
1304 1180 1353 1201 se-

273 1214 420 1247 cundum
444 1214 536 1255 quod
550 1214 586 1245 in
601 1223 635 1244 se
651 1218 709 1250 est,
733 1222 774 1244 eo
798 1212 889 1254 quod
911 1223 980 1244 non
1004 1213 1111 1244 solum
1135 1214 1354 1255 apprehendat

273 1261 378 1303 ipsam
394 1259 539 1299 intelligi,
557 1257 648 1299 quod
671 1263 718 1288 est
737 1258 842 1298 ipsam
857 1267 926 1288 esse
941 1258 974 1288 in
991 1258 1167 1294 intellectu,
1184 1258 1240 1289 sed
1256 1260 1352 1290 etiam

273 1313 348 1336 eam
378 1313 448 1334 esse
470 1303 522 1339 vel
550 1301 649 1333 fuisse
672 1302 725 1333 vel
755 1301 898 1334 futuram
929 1311 1011 1340 esse;
1036 1308 1167 1344 oportet
1197 1304 1294 1334 etiam
1317 1310 1353 1334 ut

264 1344 539 1380 retiineffaivinae
561 1347 738 1378 voluntatis
761 1346 802 1378 ad
824 1356 893 1378 non
917 1347 1003 1378 entia
1025 1348 1066 1378 sit
1087 1357 1156 1378 non
1180 1348 1288 1379 solum
1303 1358 1352 1379 se—

273 1392 420 1424 cundum
443 1391 536 1432 quod
558 1397 634 1423 sunt
655 1393 690 1422 in
713 1391 786 1422 Deo
805 1397 1036 1432 cognoscente,
1052 1391 1109 1423 sed
1125 1393 1222 1423 etiam
1238 1402 1353 1424 secun-

272 1436 354 1470 dum
365 1435 458 1478 quod
469 1437 503 1468 in
514 1437 646 1477 propn'a
657 1442 771 1467 natura
782 1442 858 1467 sunt
869 1437 1051 1468 secundum
1063 1437 1198 1477 aliquod
1208 1443 1352 1478 tempus3

270 1482 382 1526 ipsum
405 1482 494 1512 enim
517 1481 600 1512 velle
622 1482 769 1522 sequitur
791 1481 930 1512 modum
953 1482 1230 1523 apprehensionis.

331 1536 361 1558 2.
378 1525 443 1558 Sed
457 1536 526 1557 non
542 1525 669 1557 videtur
684 1525 744 1556 ista
760 1526 841 1556 ratio
858 1531 1050 1566 argumento
1067 1525 1258 1557 satisfacere.
1277 1526 1354 1557 Non

272 1571 363 1604 'enim
381 1579 440 1613 per
453 1571 538 1602 hanc
553 1570 769 1611 respondetur
785 1570 825 1602 ad
843 1571 1105 1611 propositionem
1125 1571 1164 1601 ab
1181 1571 1354 1602 Aristotele

271 1621 449 1658 sumptam,
465 1615 598 1651 scilicet,
615 1615 766 1646 Relativa
791 1619 920 1656 oportet
941 1615 1040 1646 simul
1055 1623 1141 1646 esse:
1163 1625 1201 1646 ex
1225 1625 1290 1656 qua
1305 1625 1354 1646 se-

271 1660 386 1709 quitur
406 1669 475 1692 non
499 1669 597 1701 posse
621 1669 691 1691 esse
714 1659 938 1691 habitudinem
961 1660 1100 1691 volentis
1128 1660 1190 1691 nisi
1222 1660 1263 1691 ad
1285 1669 1354 1691 rem

272 1705 474 1745 existentem.

296 1747 306 1761 ⁵
328 1750 458 1782 Dicitur
480 1748 572 1791 quod
595 1758 634 1780 ex
657 1749 696 1780 iis
716 1758 801 1790 quae
817 1748 895 1780 dicit
910 1748 1048 1780 Sanctus
1063 1749 1210 1780 Thomas
1226 1749 1289 1785 hic,
1305 1759 1354 1780 re-

271 1794 431 1838 linquitur
444 1794 534 1826 illam
548 1794 810 1836 propositionem
827 1800 1026 1835 assumptam
1041 1793 1154 1825 falsam
1175 1804 1254 1831 esse,
1271 1795 1297 1825 si
1314 1793 1354 1825 de

271 1838 351 1886 ipsis
373 1839 470 1871 rebus
493 1847 578 1880 quae
601 1838 732 1870 relative
755 1838 1017 1875 denominantur,
1040 1848 1124 1879 quae
1148 1844 1180 1869 et
1203 1838 1355 1870 dicuntur

272 1883 405 1917 relativa
418 1883 636 1919 materialiter,
648 1883 854 1924 intelligatur.
867 1882 943 1914 Non
960 1884 1047 1914 enim
1064 1889 1196 1924 oportet
1207 1893 1256 1914 res
1269 1893 1353 1924 quae

271 1929 404 1965 relative
427 1928 589 1964 dicuntur,
609 1928 707 1959 simul
729 1937 812 1958 esse:
838 1928 940 1958 immo
966 1933 1074 1969 potest
1104 1937 1173 1958 esse
1196 1927 1352 1959 habitudo

271 1973 438 2010 'existentis
453 1973 493 2004 ad
509 1982 577 2004 non
594 1973 732 2004 existens
747 1972 781 2003 in
797 1972 915 2013 seipso.
932 1989 955 1995 -—
970 1972 1005 2004 Si
1025 1978 1134 2003 autem
1157 1972 1353 2013 intelligatur

273 2017 315 2051 de
330 2018 470 2050 relativis
486 2017 672 2054 formaliter,
689 2017 756 2048 sive
773 2016 812 2048 de
828 2017 906 2057 ipsis
924 2017 1144 2053 relationibus,
1160 2017 1206 2047 sic
1221 2022 1353 2058 oportet

272 2061 328 2095 ina
350 2062 449 2094 simul
478 2072 558 2094 esse.
586 2061 662 2092 Non
692 2062 780 2092 enim
807 2066 915 2102 potest
942 2071 1007 2092 una
1034 2061 1146 2092 relatio
1175 2070 1244 2092 esse
1271 2062 1350 2102 quin

272 2108 426 2150 opposita
438 2108 535 2139 etiam
551 2107 605 2138 sit:
621 2116 731 2148 neque
747 2116 852 2137 unum
868 2111 976 2148 potest
991 2105 1031 2137 ad
1047 2105 1134 2137 aliud
1149 2105 1259 2136 referri
1271 2106 1350 2146 quin

272 2158 307 2189 ετ
329 2151 410 2185 illud
433 2152 544 2193 aliquo
568 2151 670 2182 modo
695 2150 850 2182 referatur
873 2150 913 2182 ad
935 2151 1054 2192 ipsum.

330 2197 359 2228 3.
377 2196 451 2235 Sed,
468 2206 545 2228 cum
561 2196 673 2227 relatio
690 2197 797 2226 omnis
814 2196 919 2236 exigat
933 2194 1194 2231 fundamentum,
1207 2200 1352 2225 remanet

2400 297 2475 333 223

1405 370 1542 402 dubium
1570 371 1740 411 quomodo
1764 373 1890 412 possint
1905 383 1973 404 esse
1988 374 2169 410 relationes,
2186 380 2218 405 et
2237 380 2347 406 tamen
2361 385 2411 407 res
2427 386 2477 407 re-

1405 415 1519 446 lativae
1542 424 1612 446 non
1635 416 1732 447 simul
1756 426 1835 448 esse.

1461 458 1688 500 Respondetur
1718 460 1809 501 quod
1839 461 1950 492 relatio
1981 462 2072 493 realis
2103 463 2198 503 exigit
2227 463 2475 496 fundamentum

1404 503 1488 534 reale
1513 509 1544 534 et
1568 504 1720 534 existens:
1744 504 1819 535 ideo
1842 515 1910 536 non
1934 511 2070 546 possunt
2093 507 2189 538 simul
2212 517 2281 538 esse
2304 508 2475 540 relationes

1404 547 1504 578 reales
1528 548 1608 588 quin
1632 548 1728 579 eu’am
1751 550 1814 579 sint
1836 549 1871 580 in
1893 555 1966 580 actu
1990 560 2039 580 res
2055 551 2203 582 relativae
2220 558 2251 582 et
2265 551 2475 585 fundamenta

1403 592 1609 623 relationum.
1625 592 1751 623 Relau'o
1762 598 1874 624 autern
1889 594 2020 625 rationis
2034 604 2103 625 non
2116 596 2211 636 exigit
2226 596 2475 629 fundamentum

1403 637 1489 667 reale
1513 642 1545 667 et
1567 637 1601 667 in
1624 642 1738 668 natura
1761 638 1908 674 existens,
1933 638 1990 669 sed
2012 639 2128 670 sufficit
2152 640 2241 680 quod
2256 642 2295 671 sit
2311 642 2344 672 in
2359 651 2475 682 appre-

1404 681 1576 712 hensione:
1601 681 1684 712 sicut
1707 687 1738 712 et
1760 683 1831 722 ipsa
1859 682 2015 714 habitudo
2045 693 2113 714 non
2141 684 2237 715 habet
2267 695 2334 716 esse
2358 687 2418 716 nisi
2441 687 2474 717 in

1405 726 1674 766 apprehensione.
1699 725 1786 757 Cum
1810 736 1886 767 ergo
1910 727 2064 758 habitudo
2088 728 2170 758 inter
2194 738 2249 759 ens
2273 735 2304 760 et
2322 740 2390 760 non
2407 740 2474 767 ens,

1405 770 1508 810 qualis
1532 775 1580 801 est
1602 770 1757 801 habitudo
1789 771 1995 811 intelligentis
2026 777 2057 802 et
2087 772 2223 803 volentis
2253 783 2321 804 non
2345 784 2411 810 ens,
2435 776 2475 806 sit

1405 814 1561 846 habitudo
1585 815 1726 852 rationis,
1751 815 1868 846 sufficit
1898 821 1934 846 ut
1962 816 2031 856 ipsa
2061 825 2110 846 res
2139 817 2300 848 intellecta
2323 824 2354 848 et
2377 819 2475 850 volita

1405 859 1445 889 sit
1460 860 1494 890 in
1509 859 1685 890 intellectu.
1710 859 1787 890 Ideo
1803 860 1856 891 hic
1871 859 1949 891 dicit
1967 859 2103 891 Sanctus
2119 861 2263 892 Thomas
2285 862 2385 902 quod,
2402 863 2477 894 licet

1406 904 1468 934 ista
1485 913 1537 934 res
1552 904 1686 945 cognita
1702 914 1768 935 non
1784 905 1827 935 sit
1842 904 1906 935 nisi
1927 905 1960 935 in
1985 910 2210 947 cognoscente,
2235 907 2355 937 relatio
2369 912 2474 938 tamen

1404 958 1604 989 consequens
1619 949 1905 990 apprehensionem
1921 954 1968 980 est
1983 949 2026 980 ad
2041 960 2111 981 eam
2121 955 2226 991 prout
2241 956 2288 982 est
2301 951 2475 982 secundum

1400 993 1574 1033 propriam
1599 998 1762 1030 naturam,
1787 1003 1852 1024 non
1872 999 1974 1034 prout
1998 999 2047 1025 est
2072 995 2105 1025 in
2136 1001 2360 1036 cognoscente,
2385 997 2476 1036 quasi

1407 1037 1540 1068 diceret:
1563 1038 1690 1069 Relatio
1715 1044 1762 1069 est
1785 1038 1918 1079 quidem
1933 1038 1974 1070 ad
1990 1048 2058 1070 esse
2081 1040 2127 1070 rei
2150 1040 2184 1070 in
2207 1041 2337 1080 propria
2352 1046 2475 1076 natura,

1406 1082 1463 1112 sed
1485 1081 1603 1113 sufficit
1626 1082 1717 1123 quod
1739 1083 1807 1123 ipsa
1830 1093 1890 1119 reS,
1914 1089 1946 1114 et
1968 1084 2099 1125 propria
2121 1090 2244 1120 natura,
2262 1090 2293 1115 et
2312 1085 2380 1116 eius
2396 1093 2474 1121 esse,

1406 1135 1466 1167 pro
1490 1127 1552 1157 isto
1575 1136 1665 1158 nunc
1686 1128 1781 1158 nobis
1803 1129 1973 1169 praesenti,
1997 1129 2037 1159 sit
2058 1129 2093 1159 in
2115 1129 2291 1160 intellectu.

1463 1171 1516 1201 IV.
1529 1171 1582 1202 Ad
1596 1171 1777 1202 secundum
1787 1173 1804 1189 ⁴*
1815 1173 1990 1212 respondet
2001 1173 2091 1214 quod
2106 1183 2175 1204 non
2191 1178 2239 1204 est
2253 1173 2356 1204 simile
2372 1173 2411 1204 de
2427 1182 2476 1204 re—

1406 1215 1527 1246 latione
1543 1216 1681 1247 volentis
1704 1216 1744 1247 ad
1767 1217 1915 1253 volitum,
1932 1223 1964 1248 et
1979 1217 2019 1248 de
2035 1218 2103 1248 aliis
2119 1218 2267 1249 inductis.
2292 1218 2378 1257 Quia
2393 1218 2475 1248 velle

1407 1265 1455 1290 est
1471 1260 1555 1291 actio
1571 1261 1765 1292 immanens:
1790 1261 1864 1292 ideo
1888 1267 1995 1302 potest
2017 1263 2179 1293 terminari
2195 1262 2235 1293 ad
2254 1262 2287 1293 id
2302 1261 2392 1303 quod
2406 1270 2475 1292 non

1407 1310 1455 1335 est
1470 1310 1543 1335 actu
1559 1306 1697 1336 existens
1713 1311 1809 1336 extra.
1830 1306 1953 1337 Facere
1968 1312 2086 1343 autem,
2103 1317 2217 1338 creare
2238 1312 2270 1349 et
2290 1306 2477 1349 gubernare

1406 1349 1587 1389 significant
1610 1350 1773 1381 actionem
1795 1351 1998 1381 terminatam
2026 1351 2066 1382 ad
2096 1352 2286 1382 exteriorem
2314 1351 2475 1387 effectum,

1407 1394 1475 1424 sine
1500 1394 1592 1424 cuius
1615 1395 1781 1425 existentia
1803 1395 1991 1426 huiusmodi
2007 1397 2090 1426 actio
2111 1406 2179 1426 non
2201 1401 2309 1437 potest
2331 1395 2475 1436 intelligi.

1463 1438 1603 1469 Adverte
1626 1438 1837 1470 differentiam
1860 1449 1928 1470 esse
1950 1440 2033 1471 inter
2056 1442 2217 1471 actionem
2244 1441 2476 1471 immanentem

1407 1488 1439 1513 et
1454 1488 1684 1520 transeuntem,
1701 1483 1791 1523 quod
1806 1493 1864 1524 per
1879 1485 2122 1521 immanentem,
2146 1485 2340 1525 inquantum
2362 1486 2475 1515 imma-

1406 1537 1488 1558 nens
1512 1533 1569 1564 est,
1593 1537 1662 1558 non
1684 1527 1874 1568 producitur
1897 1529 2011 1569 aliquis
2031 1528 2162 1560 effectus
2185 1529 2219 1559 in
2241 1530 2408 1560 materiam
2423 1539 2477 1559 ex-

1406 1573 1573 1609 teriorem;
1598 1581 1656 1612 per
1677 1578 1895 1603 transeuntem
1921 1578 2028 1604 autem
2052 1573 2166 1613 aliquis
2194 1573 2326 1604 effectus
2355 1572 2476 1614 produ-

1407 1617 1499 1647 citur.
1523 1616 1566 1647 Et
1589 1617 1665 1656 quia
1689 1617 1773 1647 actio
1797 1626 1865 1647 non
1889 1623 1937 1647 est
1959 1617 2149 1657 productiva
2178 1617 2310 1648 effectus
2339 1618 2477 1658 proximi

1408 1660 1571 1701 complete
1596 1666 1627 1691 et
1650 1660 1791 1701 perfecte
1821 1661 1882 1691 nisi
1912 1671 1987 1692 cum
2018 1661 2150 1692 effectus
2180 1671 2238 1702 per
2266 1662 2369 1702 ipsam
2393 1662 2478 1702 capit

1408 1715 1488 1742 esse,
1504 1704 1579 1736 ideo
1595 1705 1666 1736 talis
1682 1705 1767 1736 actio
1783 1715 1851 1736 non
1867 1711 1974 1746 potest
1993 1715 2061 1737 esse
2084 1706 2145 1736 nisi
2167 1711 2315 1746 respectu
2330 1707 2376 1736 rei
2390 1715 2478 1736 nunc

1408 1750 1586 1780 existentis:
1611 1755 1643 1780 et
1665 1749 1821 1780 habitudo
1846 1759 1929 1790 quae
1953 1750 2040 1781 illam
2069 1750 2231 1781 actionem
2259 1751 2478 1790 consequitur,

1407 1804 1475 1825 non
1500 1799 1548 1825 est
1570 1794 1630 1825 nisi
1654 1793 1694 1825 ad
1717 1803 1785 1825 rem
1809 1794 1980 1825 habentem
2005 1804 2083 1825 esse.
2114 1794 2249 1835 Propter
2279 1795 2342 1825 hoc
2374 1795 2480 1834 inquit

1407 1839 1543 1870 Sanctus
1559 1838 1705 1869 Th0mas
1728 1839 1889 1870 actionem
1912 1839 2099 1870 huiusmodi
2124 1849 2188 1869 non
2208 1849 2305 1879 posse
2329 1839 2478 1880 intelligi,

1407 1884 1530 1914 scilicet
1553 1892 1622 1914 esse
1651 1883 1685 1914 in
1715 1889 1838 1920 natura,
1862 1883 1932 1914 sine
1955 1884 2003 1914 rei
2025 1884 2206 1919 existentia,
2232 1883 2323 1920 idest,
2346 1884 2407 1914 nisi
2430 1883 2478 1914 in-

1406 1928 1566 1968 telligatur
1581 1929 1650 1968 ipsa
1666 1937 1715 1958 res
1731 1938 1810 1958 esse.
1835 1928 1920 1966 Quia
1943 1938 2020 1958 vero
2044 1929 2127 1959 actio
2152 1929 2332 1958 immanens
2347 1937 2415 1958 non
2432 1933 2478 1958 est

1405 1973 1535 2003 termini
1550 1972 1719 2003 extrinseci
1734 1971 1934 2013 productiva,
1950 1972 2024 2003 ideo
2041 1972 2081 2003 ad
2097 1973 2165 2003 eius
2181 1982 2249 2003 esse
2265 1982 2332 2003 non
2349 1977 2479 2012 oportet

1404 2017 1580 2047 terminum
1604 2025 1683 2047 esse.
1714 2016 1830 2057 Neque
1860 2016 2015 2047 habitudo
2040 2026 2123 2057 quae
2153 2017 2240 2047 illam
2268 2017 2478 2057 consequitur

1405 2061 1578 2097 actionem,
1602 2061 1736 2101 requirit
1765 2067 1802 2092 ut
1832 2061 1988 2092 terminus
2012 2061 2080 2092 eius
2104 2061 2144 2091 sit
2166 2061 2199 2091 in
2222 2070 2330 2091 rerum
2352 2066 2475 2091 natura.

1405 2105 1510 2136 Immo
1535 2111 1567 2136 et
1589 2111 1697 2146 potest
1719 2105 1853 2146 intelligi
1876 2106 1945 2146 ipsa
1969 2106 2052 2136 actio
2083 2106 2263 2136 immanens
2285 2105 2361 2136 dato
2386 2105 2476 2145 quod

1403 2151 1560 2181 terminus
1577 2150 1646 2181 eius
1660 2159 1729 2180 non
1746 2150 1786 2180 sit
1800 2151 1832 2180 in
1850 2156 1933 2181 actu.
1951 2150 2026 2180 Non
2042 2156 2150 2180 autem
2167 2149 2270 2180 facere
2287 2155 2343 2180 aut
2358 2159 2474 2185 creare,

1405 2204 1488 2235 quae
1513 2194 1733 2235 significantur
1755 2204 1813 2235 per
1836 2194 1973 2225 modum
1997 2195 2131 2225 actionis
2154 2195 2355 2225 transeuntis.
2398 2191 2401 2193 ’

1355 2292 1409 2330 w.
1420 2298 1427 2323 Ξ

816 2420 1304 2479 CAPITULUM
1347 2420 1942 2477 OCTOGESIMUM

605 2544 782 2598 QUOD
816 2543 982 2585 DEUS
1016 2543 1101 2583 DE
1133 2541 1559 2583 NECESSITATE
1593 2541 1760 2582 VULT
1794 2539 1964 2581 SUUM
1999 2539 2149 2580 ESSE

1037 2615 1117 2657 ET
1151 2613 1325 2656 SUAM
1357 2611 1719 2654 BONITATEM

319 2740 439 2756 ...7-

278 2742 280 2747 .
357 2767 362 2771 .
396 2753 459 2798 <stu

379 2779 422 2788 4,,

347 2799 351 2805 '
426 2803 443 2816 r

422 2837 433 2851 ο

463 2734 510 2758 x
538 2720 598 2758 his
627 2728 759 2758 autem
787 2731 889 2769 quae
918 2731 1036 2768 supra
1064 2726 1218 2755 ostensa
1247 2724 1348 2763 sunt,

441 2819 454 2833 ,⁴
501 2773 676 2824 sequitur
694 2773 803 2824 quod
822 2773 930 2810 Deus
949 2772 998 2809 de
1018 2771 1242 2808 necessitate
1259 2768 1350 2806 velit

301 2839 307 2865 i
352 2835 418 2880 135⁴
441 2844 454 2853 γῇ

403 2856 465 2904 ὁ
501 2840 620 2866 suum
634 2839 717 2864 esse
733 2833 770 2864 et
784 2838 897 2863 suam
908 2826 1215 2871 bonitatem,nec
1230 2822 1350 2873 possit

363 2883 414 2903 ..f
437 2883 470 2920 ’χ’
502 2880 742 2920 contrarium
762 2881 871 2917 velle.
1174 2919 1178 2923 ,

328 2937 543 2975 Ostensum
577 2942 634 2972 est
669 2933 775 2971 enim
811 2944 929 2982 supra
947 2932 967 2954 ’¹‘
995 2931 1103 2981 quod
1131 2931 1239 2967 Deus
1267 2930 1350 2966 vult

274 3002 393 3028 suum
413 3001 496 3026 esse
516 2997 554 3026 et
572 2999 685 3025 suam
703 2985 917 3024 bonitatem
945 2993 987 3022 ut
1015 2984 1225 3034 principale
1245 2982 1350 3020 obie-

275 3051 394 3090 ctum,
425 3042 534 3092 quod
563 3049 619 3079 est
647 3040 718 3078 sibi
746 3039 842 3077 ratio
870 3038 1029 3075 volendi
1056 3037 1140 3075 alia.
1170 3037 1212 3074 In
1241 3035 1351 3073 omni

274 3097 389 3147 igitur
405 3096 526 3133 volito
545 3096 628 3132 vult
656 3106 774 3131 suum
803 3104 885 3129 esse
915 3099 951 3129 et
979 3103 1092 3128 suam
1120 3089 1348 3127 bonitatem:

276 3151 373 3189 sicut
395 3149 503 3187 visus
531 3149 571 3186 in
599 3147 708 3186 omni
738 3148 866 3184 colore
895 3145 1000 3182 videt
1028 3145 1173 3181 lumen.
1203 3144 1351 3192 Impos-

276 3204 384 3242 sibile
413 3211 466 3241 est
495 3210 627 3240 autem
661 3202 792 3238 Deum
827 3211 907 3236 non
937 3199 1034 3235 velle
1069 3196 1215 3246 aliquid
1243 3203 1348 3233 actu:

276 3266 376 3296 esset
403 3257 509 3295 enim
536 3257 673 3293 volens
701 3254 742 3292 in
769 3251 939 3303 potentia
962 3258 1130 3296 tantum;
1159 3249 1268 3300 quod
1296 3257 1352 3286 est

276 3310 528 3361 impossibile,
548 3321 641 3346 cum
660 3319 778 3345 suum
795 3308 893 3344 velle
914 3305 959 3342 sit
978 3316 1096 3341 suum
1115 3315 1198 3340 esse
1211 3303 1242 3339 ⁹¹⁸.
1272 3303 1350 3339 Ne-

277 3377 383 3403 cesse
413 3372 468 3401 est
502 3363 616 3413 igitur
643 3362 751 3412 quod
781 3360 871 3397 velit
902 3370 1018 3396 suum
1051 3369 1135 3394 esse
1168 3364 1205 3393 et
1237 3368 1351 3393 suam

276 3418 503 3456 bonitatem.

330 3473 438 3510 Item.
469 3469 642 3518 Quilibet
660 3470 796 3506 volens
815 3467 863 3504 de
882 3463 1104 3503 necessitate
1124 3464 1207 3500 vult
1232 3475 1349 3500 suum

277 3524 461 3566 ultimum
488 3523 628 3561 finem:
665 3522 762 3560 sicut
790 3521 912 3558 homo
941 3519 989 3556 de
1018 3515 1239 3555 necessitate
1268 3516 1351 3553 vult

333 3648 348 3674 7
369 3641 418 3666 alia
435 3648 479 3666 om
499 3640 551 3665 NZ.
642 3638 659 3663 8
677 3638 734 3663 vult
749 3640 812 3670 post
830 3636 971 3661 bonitatem
991 3634 1052 3658 αΡσ.

334 3683 346 3702 ι
368 3683 446 3701 suam
465 3683 507 3701 om
527 3674 618 3700 EGW.

1405 2727 1517 2752 suam
1551 2714 1840 2760 beatitudinem,
1870 2725 1941 2750 nec
1974 2721 2099 2763 potest
2133 2714 2229 2749 velle
2264 2712 2471 2750 miseriam.

1406 2768 1482 2806 Sed
1503 2769 1610 2805 Deus
1629 2769 1711 2804 vult
1730 2778 1769 2804 se
1790 2779 1872 2803 esse
1891 2766 1988 2803 sicut
2006 2766 2187 2804 ultimum
2213 2765 2344 2812 finem,
2365 2773 2407 2802 ut
2426 2777 2473 2802 ex

1405 2821 1642 2871 praedictis*
1660 2828 1774 2870 patet.
1804 2819 2030 2857 Necessario
2059 2819 2171 2868 igitur
2198 2820 2280 2856 vult
2307 2831 2347 2856 se
2376 2830 2470 2864 esse,

1405 2887 1477 2912 nec
1504 2882 1630 2924 potest
1657 2875 1754 2911 velle
1783 2885 1823 2910 se
1851 2885 1932 2910 non
1961 2885 2054 2910 esse.
2332 2911 2334 2913 ,

1374 2941 1383 2962 x
1459 2928 1650 2977 Amplius.
1670 2929 1713 2965 In
1731 2926 1947 2977 appetitivis
1967 2934 2003 2963 et
2021 2926 2060 2963 in
2076 2925 2280 2975 operativis
2295 2924 2382 2961 finis
2397 2925 2473 2961 hoc

1405 2982 1527 3018 modo
1547 2993 1587 3018 se
1607 2981 1723 3018 habet
1750 2980 1853 3017 sicut*
1873 2979 2107 3029 principium
2135 2977 2472 3015 indemonstrabile

1405 3035 1446 3072 in
1470 3034 1713 3084 speculativis
1727 3033 1761 3071 *ε
1792 3033 1889 3070 sicut
1911 3033 2016 3070 enim
2041 3044 2086 3069 ex
2105 3031 2299 3081 principiis
2318 3032 2472 3068 conclu-

1406 3088 1553 3125 'duntur
1580 3087 1619 3124 in
1648 3086 1890 3137 speculativis
1916 3085 2194 3130 conclusiones,
2216 3084 2264 3121 ita
2283 3084 2322 3121 in
2342 3083 2473 3120 activis

1406 3149 1443 3178 et
1469 3141 1685 3191 appetitivis
1714 3140 1808 3178 ratio
1837 3139 2016 3177 omnium
2044 3138 2282 3186 agendorum
2302 3144 2338 3173 et
2357 3149 2472 3186 appe-

1366 3211 1392 3226 10
1405 3195 1614 3232 tendorum
1649 3207 1696 3231 ex
1730 3193 1808 3230 fine
1844 3193 2018 3230 sumitur.
2059 3191 2135 3229 Sed
2163 3191 2203 3227 in
2231 3189 2472 3239 speculativis

1405 3248 1616 3286 intellectus
1648 3247 1697 3284 de
1730 3246 1950 3284 necessitate
1985 3243 2139 3282 assentit
2173 3242 2306 3292 primis
2333 3242 2472 3292 princi-

1405 3301 1478 3350 piis
1506 3299 1922 3346 indemonstrabilibus,
1943 3309 2113 3347 quorum
2141 3295 2338 3333 contrariis
2365 3297 2471 3332 nullo

1405 3355 1527 3392 modo
1555 3361 1680 3403 potest
1707 3352 1900 3391 assentire.
1931 3353 2032 3399 Ergo
2051 3351 2229 3387 voluntas
2257 3348 2471 3385 necessario

1405 3407 1579 3445 inhaeret
1612 3406 1681 3443 fini
1717 3406 1865 3450 ultimo,
1894 3413 1936 3441 ut
1971 3416 2050 3440 non
2085 3402 2204 3452 possit
2236 3402 2471 3438 contrarium

1366 3478 1388 3498 ις
1404 3463 1513 3499 velle.
1550 3461 1599 3498 Et
1627 3460 1691 3506 sic,
1721 3459 1751 3496 si
1780 3458 1932 3496 divinae
1960 3456 2147 3494 voluntati
2175 3467 2273 3508 non3
2289 3463 2345 3492 est
2376 3454 2472 3492 alius

1404 3514 1494 3552 finis
1517 3526 1638 3564 quam
1666 3513 1747 3563 ipse
1761 3512 1791 3558 ²¹⁶,
1821 3512 1868 3548 de
1897 3509 2117 3548 necessitate
2145 3509 2226 3545 vult
2254 3520 2294 3545 se
2323 3520 2417 3560 esse.

2503 1173 2511 1182 ·
2527 1171 2596 1194 Num.
2616 1177 2634 1198 ι,
2654 1171 2716 1193 Alte-

2503 1204 2562 1220 rum.

2500 2819 2509 2827 ·
2524 2817 2580 2845 Cap.
2597 2823 2673 2838 cxxiv.

2500 3030 2509 3038 ·
2525 3028 2544 3049 ll
2554 3028 2587 3049 ΡΙι
2606 3034 2634 3053 r„
2644 3034 2675 3053 lx,
2686 3034 2710 3056 33

2501 3055 2573 3076 s.·1'h.
2598 3070 2604 3076 .
2616 3060 2646 3082 ¹5.

2499 3516 2507 3523 ·
2524 3514 2581 3542 Cap.
2596 3519 2672 3535 univ.
