2664 4120
2324 298 2428 323 xxxin

217 353 333 398 paratu
356 349 477 401 notatis
500 347 786 400 aliquoschices
809 355 922 380 contra
941 360 962 380 α
980 361 1056 382 cum
1081 353 1111 383 Α
1134 359 1226 390 stare,
1246 355 1304 386 sed
1327 366 1332 419 ι
1357 365 1482 387 servare
1505 359 1684 397 potuimus.
1709 360 1786 390 Non
1809 361 2001 401 expediisset
2017 363 2186 394 citationes
2208 364 2317 395 solitas
2333 365 2429 396 Sum-

217 401 252 423 in
266 393 328 445 hac
343 398 435 435 parte
450 399 614 434 signatura
626 393 807 424 lectionum
817 399 1003 425 nostrarum
1019 398 1202 428 necessario
1221 400 1305 430 intra
1328 424 1330 439 ,
1355 409 1427 430 mae
1452 407 1564 432 contra
1581 401 1727 433 Gentiles
1742 405 1938 444 perturbare,
1956 407 2007 437 vel
2030 413 2175 438 nostram
2190 408 2430 440 editionem-eis

217 438 378 470 ambitum
410 438 575 470 sexdecim
602 438 760 479 siglorum
784 444 972 470 nostrorum
1000 442 1199 473 continenda
1226 449 1302 475 erat.
1328 459 1330 480 ς
1356 443 1530 476 difficulter
1553 447 1771 478 accessibilem
1795 449 1937 480 reddere.
1963 451 2094 482 Sei-vato
2119 462 2196 493 ergo
2223 453 2319 484 titulo
2343 455 2430 494 capi-

272 484 436 516 Exhausta
470 483 644 515 traditione
678 482 919 524 providendum
951 490 1018 515 erat
1048 485 1244 518 lectionibus
1281 498 1303 518 α
1328 485 1330 515 Ξ
1356 488 1413 518 tuli
1438 489 1577 529 indivisi,
1603 492 1777 528 univimus,
1794 498 1830 523 ut
1845 493 1989 531 decebat,
2005 501 2128 527 textum
2144 507 2314 538 perperam
2337 508 2429 539 sepa-

216 527 304 560 falsis
326 530 378 561 vel
401 529 592 569 incongruis
614 528 759 605 reliqusims.
790 528 867 567 Qua
888 538 924 603 Kx
947 538 982 559 re
1010 530 1172 604 irzterdum
1197 537 1303 563 textus
1328 520 1331 546 ⁵
1358 538 1473 569 ratum,
1491 535 1571 574 quin
1587 541 1666 565 nota
1681 535 1774 566 divisi
1790 538 1923 577 periret:
1950 549 2021 579 pag.
2045 541 2104 579 ¹48
2133 555 2146 568 ‹
2167 541 2317 582 Capitula
2333 545 2428 584 quin-

217 579 391 606 auctorum
413 576 588 606 citatorum
602 573 696 605 iuvit.
737 574 767 604 'c
786 582 864 604 cum
919 573 1063 605 ristotee
1079 576 1146 613 450
1163 585 1180 605 a
1199 586 1240 607 20
1257 577 1302 607 le-
1328 575 1331 608 ζ’
1357 587 1420 616 qua
1445 579 1584 609 esimum
1639 580 1758 610 rimutn
1793 588 1824 612 et
1879 583 1935 613 uin
1961 593 1982 613 u
2025 585 2069 614 esi
2420 599 2426 606 ·

214 618 324 659 gimus
337 620 481 651 alterum
497 628 558 660 pro
574 618 677 650 altius
694 623 728 649 et
741 626 810 659 470
827 618 848 648 b
866 617 907 648 32
927 618 993 658 fiat
1015 627 1075 659 pro
1100 620 1203 657 sciam
1226 631 1303 651 cum
1327 619 1331 646 l
1356 587 1443 662 pag.g
1456 623 1518 662 293
1539 636 1554 651 ‹
1570 589 1761 664 Cafpimlum
1777 587 2427 673 (1εείῑῖυωςῑεῗῗὶυηῗὶἒῐπέὶεέὶειξιῖιῗιωςῗιαέ

214 663 270 740 ξιξ]
308 665 341 695 10
357 673 403 716 ‘2¹
419 665 442 696 b
453 663 638 740 9abl'elgimus
648 671 817 705 procurre
832 672 902 740 pil-‚01
911 673 1086 704 percurre,
1102 674 1172 695 non
1193 671 1302 696 tamen
1327 647 1331 724 ἒ
1357 672 1428 697 turn
1447 680 1475 696 ».
1506 667 1637 698 Initium
1661 669 1793 709 capituli
1817 680 1874 710 per
1902 673 2138 711 separationem
2169 677 2264 706 creati
2288 678 2428 708 ostendit

215 717 225 738 ι
287 717 329 750 14
352 710 466 751 mopin
515 709 564 740 ‘is
586 718 648 750 pro
676 708 854 740 intermina
877 708 888 739 i
902 709 940 744 is,
965 709 1044 749 quia
1073 709 1099 739 si
1130 710 1303 750 scriptores
1328 734 1330 751 ι
1357 720 1426 741 mar
1448 721 1480 742 o.
1719 739 1721 741 .

208 762 277 795 pro
293 759 326 785 et
342 763 409 796 per·
430 753 585 786 facillime
607 759 807 795 permutant,
824 753 904 785 alter
921 763 1016 785 casus
1034 754 1196 785 rationem
1211 754 1303 786 dubii
1327 754 1330 804 ξ
1414 721 1580 794 Cgeterum‚
1606 759 1763 789 variantes
1787 760 1957 790 titulorum
1972 762 2055 792 inter
2070 763 2099 791 A
2120 769 2151 792 et
2167 764 2368 796 traditionem
2398 773 2429 796 et

214 805 468 876 :zebaexternnffi
497 797 614 830 offerre
636 798 775 836 videtur,
806 807 869 875 nze
901 799 1074 836 internam,
1102 800 1128 828 si
1157 799 1302 830 intermi—
1327 830 1331 868 ι
1358 800 1538 831 traditionis
1562 802 1593 832 in
1618 803 1753 843 proprio
1777 803 1860 841 sinu,
1884 814 1959 835 vere
1982 815 2070 836 mare
2098 816 2262 846 magnum,
2291 790 2429 849 sequens

285 844 335 876 'is
364 845 433 876 inte
458 844 556 885 'gitur
584 844 640 875 ειη·
666 844 836 885 expriment
861 853 902 875 ae
936 843 1055 885 lingua
1086 853 1154 874 non
1185 844 1304 876 habeat
1328 875 1329 878 ,
1357 845 1524 876 Volumen
1548 848 1729 878 continebit
1752 849 1849 878 simul
1873 849 1933 879 scri
1959 855 2016 880 tas.

215 897 338 926 noem,
369 889 438 921 sive
469 888 716 920 inenarrabilis.
750 889 908 920 Ceterum
939 889 998 919 ubi
1027 889 1140 919 omnia
1172 895 1303 920 externa
1327 880 1330 918 ἶ
1413 890 1467 928 46.
1492 908 1514 913 -
1539 891 1629 922 Sicut
1659 893 1754 923 initio
1785 859 1995 925 Praefatioliiis
2026 894 2174 930 diximus,
2201 896 2352 928 codicum
2376 907 2428 928 va-

214 933 332 967 auxilia
355 933 499 971 deerant,
523 933 677 975 propriae
701 934 775 965 crisi
795 943 855 964 res
874 932 1072 964 confldenda
1099 938 1183 970 erat;
1209 940 1242 965 et
1265 942 1302 965 ut
1327 931 1330 967 !
1356 935 1474 965 riantes
1499 935 1559 966 alia
1583 937 1764 968 intentione
1789 938 1945 969 collectae
1971 945 2001 969 et
2025 940 2165 979 signatae
2190 947 2264 971 sunt
2286 942 2316 972 A
2338 952 2429 982 prae-

212 988 312 1021 supra
335 979 487 1016 diximus,
509 979 545 1011 hi
568 987 663 1011 casus
690 983 870 1010 occurram
899 977 1099 1019 frequentes.
1131 978 1207 1009 Non
1233 989 1302 1010 cre-
1357 985 1447 1010 sente
1465 989 1563 1020 quam
1578 982 1632 1012 ubi
1645 982 1749 1022 periit.
1767 982 1909 1020 Quando
1922 984 1952 1013 A
1964 984 2033 1024 ipse
2050 990 2159 1015 noster
2176 991 2280 1016 textus
2296 992 2352 1023 est,
2370 993 2430 1017 tra-

213 1024 322 1056 dimus
344 1034 470 1056 errores
486 1023 604 1056 vidisse
619 1024 677 1055 ubi
693 1032 763 1055 non
779 1028 880 1060 erant,
904 1029 962 1054 aut
981 1023 1203 1054 correctiones
1218 1023 1302 1055 inef-
1327 1038 1330 1045 ·
1357 1023 1437 1054 ditio
1461 1034 1530 1055 non
1554 1025 1724 1057 adducitur
1741 1037 1801 1058 ceu
1826 1028 1990 1059 criterium
2007 1034 2123 1066 textus,
2148 1030 2203 1060 sed
2227 1040 2244 1060 e
2269 1033 2429 1062 contrario

212 1067 330 1101 fleeces
353 1069 549 1102 adhibuisse.
578 1068 727 1099 Forsitan
751 1067 887 1109 quidem
911 1068 1038 1109 aliquot
1064 1068 1139 1100 loca
1166 1078 1303 1100 erronea
1326 1047 1330 1103 l
1357 1074 1464 1099 textus
1488 1079 1548 1100 ceu
1573 1072 1737 1102 criterium
1753 1072 1945 1109 traditionis,
1961 1075 2148 1113 praesertim
2169 1075 2358 1115 exemplaris
2374 1086 2430 1117 pe-

212 1119 245 1145 et
265 1123 338 1146 non
360 1115 516 1156 castigata
541 1113 654 1145 relicta
681 1118 767 1144 sunt.
800 1113 849 1144 Ea
878 1113 1048 1145 invenient
1075 1119 1109 1145 et
1138 1113 1302 1154 corrigent
1356 1113 1426 1144 tiati
1449 1113 1635 1146 parisiensis
1659 1117 1725 1147 sive
1753 1127 1785 1154 οι,
1802 1118 1870 1158 qui,
1895 1118 1946 1148 vel
1973 1118 2178 1149 materialiter
2201 1119 2252 1150 vel
2276 1125 2311 1150 ut
2334 1130 2430 1152 causa

211 1159 420 1191 ocul-tiores.
435 1159 598 1198 Quamvis
610 1167 682 1189 non
697 1156 820 1190 sufficit
834 1157 1005 1190 oculatum
1029 1167 1111 1190 esse.
1135 1158 1228 1190 Sicut
1251 1168 1301 1190 er·
1358 1164 1390 1189 et
1413 1159 1554 1195 occasio,
1579 1161 1678 1192 totius
1703 1162 1862 1193 varietatis
1893 1163 2053 1194 rationem
2077 1164 2109 1194 in
2135 1173 2168 1194 se
2197 1165 2351 1196 continet.
2376 1165 2429 1196 Li-

210 1212 302 1236 roroe
317 1203 558 1246 typographici,
573 1203 619 1235 ita
633 1212 760 1234 errores
778 1202 933 1234 dictionis
957 1203 1096 1235 subinde
1120 1204 1302 1235 attentione
1327 1223 1329 1231 ι
1357 1203 1457 1234 citum
1484 1213 1561 1244 ergo
1578 1212 1644 1235 erat
1667 1206 1856 1238 relationem
1873 1213 1979 1238 textus
2003 1208 2180 1239 authentici
2203 1218 2312 1240 versus
2335 1210 2430 1241 tradi-

211 1248 395 1281 elabuntur.
418 1249 504 1288 Quis
526 1257 675 1290 unquam
698 1247 870 1280 Summam
887 1254 1001 1280 eontra
1025 1247 1174 1280 Gentiles
1197 1254 1301 1280 atten-
1355 1248 1491 1285 tionem,
1515 1250 1741 1287 sublineando,
1759 1257 1794 1282 ut
1817 1253 1859 1282 ita
1884 1252 2000 1289 dicam,
2017 1253 2209 1283 viciniorem
2225 1253 2329 1284 faeere
2347 1255 2430 1285 visui

209 1294 276 1326 tius
303 1295 382 1336 legit
409 1303 509 1337 quam
541 1290 774 1324 Ferrariensis?
797 1292 881 1324 Vide
909 1298 1020 1324 tamen
1052 1294 1140 1325 hunc
1171 1293 1299 1325 locum:
1327 1316 1329 1325 1
1355 1293 1556 1324 immediato.
1575 1294 1652 1326 ldeo
1666 1296 1721 1326 ubi
1738 1297 1836 1327 lectio
1852 1297 1882 1326 A
1897 1297 1931 1327 in
1947 1303 2104 1337 apparatu
2119 1299 2273 1338 rescripta
2289 1299 2321 1329 in
2338 1299 2429 1330 nullo

203 1339 252 1385 ἐξ
264 1338 467 1382 nram,
481 1347 550 1380 474
561 1348 581 1370 ι
596 1339 638 1378 45
644 1338 710 1378 -48
728 1351 743 1367 ι
757 1343 950 1379 sequeretur
961 1338 1054 1380 quod
1067 1348 1184 1370 omnes
1195 1339 1300 1370 scien-
1326 1328 1330 1380 ᾗ
1355 1343 1544 1370 nostrorum
1557 1339 1713 1370 librorum
1729 1340 2215 1384 (BCDEFGHNWXYZbch)
2229 1343 2359 1374 inventa
2371 1350 2429 1380 est,

211 1385 277 1416 t'ne
298 1389 407 1416 essem
422 1384 464 1416 de
481 1384 655 1425 speciebus
673 1383 888 1415 existentibus
907 1383 941 1414 in
957 1383 1126 1416 intellectu
1141 1384 1300 1424 possibili,
1326 1382 1330 1419 l
1354 1383 1532 1414 lectionem
1557 1384 1722 1425 signamus
1743 1399 1755 1414 α
1777 1387 1805 1416 Α
1820 1386 1912 1416 solus
1930 1396 1959 1422 »3
1976 1387 2032 1417 ubi
2049 1387 2082 1417 in
2099 1388 2210 1427 paucis
2234 1388 2285 1418 vel
2299 1389 2333 1419 in
2350 1398 2428 1428 uno,

212 1428 305 1471 quod
319 1434 410 1472 patet
425 1438 496 1460 esse
510 1427 645 1460 falsum:
669 1427 759 1460 nulla
773 1428 863 1460 enim
886 1428 1022 1460 scientia
1041 1428 1082 1460 de
1106 1429 1153 1460 eis
1175 1428 1301 1469 aliquid
1325 1421 1330 1493 j
1354 1428 1531 1459 lectionem
1548 1429 1579 1459 A
1593 1430 1757 1469 signamus
1782 1439 1897 1461 eorum
1922 1431 2026 1470 siglis;
2044 1432 2099 1462 ubi
2119 1432 2153 1462 in
2176 1432 2329 1463 alterutro
2353 1442 2430 1464 casu

213 1474 398 1507 aeacidem
411 1475 475 1509 nisi
491 1474 657 1506 naturalis
672 1479 704 1505 et
721 1473 945 1515 Metaphysica
960 1486 988 1504 ».
1008 1473 1052 1504 lta
1068 1483 1196 1510 omnes,
1213 1479 1300 1505 certe
1325 1495 1329 1514 Ξ
1354 1473 1479 1504 varians
1503 1473 1685 1505 traditionis
1709 1485 1774 1506 una
1791 1481 1848 1512 est,
1865 1474 1906 1506 ad
1924 1475 2082 1506 variantes
2099 1486 2136 1506 su
2185 1477 2330 1507 rirnimus
2354 1478 2376 1507 si
2401 1478 2431 1508 la

212 1519 309 1557 mole,
333 1519 410 1561 quia
435 1519 558 1560 Logica
581 1519 680 1550 etiam
695 1517 737 1550 de
753 1519 800 1549 eis
815 1517 1002 1550 considerat
1058 1524 1200 1550 raeterea
1231 1519 1284 1550 Au
1326 1518 1329 1527 '
1355 1518 1506 1550 omnium
1553 1518 1583 1549 el
1626 1524 1678 1550 ete
1827 1520 1854 1550 E
2138 1485 2182 1516 pp
2380 1487 2399 1517 g

303 1531 305 1536 π
1009 1528 1018 1555 ;
1286 1536 1301 1543 -
1326 1529 1329 1539 2
1531 1529 1550 1548 v
1607 1529 1624 1549 c
1679 1529 1802 1551 rorum.
1854 1529 1885 1550 x.
1931 1530 1971 1550 r.:

213 1569 287 1596 etot·
304 1565 460 1606 nuspiam
476 1563 555 1596 dicit
570 1564 742 1605 physicam
757 1569 895 1595 tractare
910 1563 952 1595 de
967 1528 1077 1605 spege
1093 1543 1298 1604 intelligibili.
1325 1546 1330 1595 l
1411 1563 1453 1595 85
1471 1563 1491 1594 b
1510 1571 1547 1594 αι
1568 1565 1598 1594 Α
1621 1564 1719 1604 legit:
1748 1577 1763 1592 ‹
1782 1529 1930 1604 Longio{
1956 1570 2039 1595 terra
2062 1574 2214 1595 mensura
2237 1566 2306 1596 eius
2330 1572 2377 1597 est
2400 1573 2431 1597 et

1325 1608 1328 1622 ⁸
1354 1607 1551 1649 profundior
1574 1609 1655 1639 mari
1674 1619 1703 1646 ›;
1728 1615 1901 1650 apparatus
1918 1608 2009 1640 dicit:
2039 1622 2054 1637 ι
2071 1619 2111 1640 22
2129 1615 2176 1640 est
2193 1615 2224 1640 et
2239 1609 2432 1650 profundior

213 1660 275 1686 a&
286 1659 484 1696 occupetur,
509 1655 587 1695 quia
611 1662 762 1686 ⁴errorem
792 1662 862 1685 non
889 1653 1125 1690 subodoratur;
1149 1663 1218 1685 non
1242 1654 1299 1686 ad·
1353 1653 1510 1691 Asnam
1525 1658 1558 1684 et
1572 1653 1666 1685 latior
1686 1665 1714 1690 »3
1732 1654 1829 1685 idest:
1847 1654 1930 1685 inter
1945 1659 2075 1685 nostros
2090 1654 2190 1684 libros
2205 1654 2313 1685 nullus
2337 1655 2432 1686 habet

211 1699 307 1731 vertit
305 1700 395 1776 ”gisi
416 1700 586 1731 scientiam
611 1699 810 1776 ναὸειὶοηαὶἷω
833 1698 1016 1736 excludere,
1041 1709 1100 1731 seu
1121 1698 1299 1776 {legendum
1325 1739 1328 1744 .
1353 1703 1403 1730 est
1423 1703 1457 1730 et
1473 1698 1684 1741 profundior
1707 1704 1739 1730 et
1763 1708 1823 1740 pro
1848 1708 1888 1730 eo
1913 1707 2029 1730 omnes
2051 1699 2171 1730 habent
2195 1704 2226 1730 et
2249 1699 2359 1730 latior.

211 1751 283 1776 eane
420 1766 422 1768 v
446 1754 484 1776 ro
508 1745 564 1776 rol
600 1767 608 1775 .
664 1745 693 1775 'e
721 1753 760 1775 ve
802 1744 1007 1775 attentissimi
1035 1745 1121 1776 inter
1145 1753 1201 1776 um
1229 1754 1298 1776 non
1324 1745 1328 1775 l
1411 1743 1452 1775 32
1469 1753 1488 1774 a
1506 1752 1523 1774 2
1572 1745 1616 1774 A:
1642 1757 1655 1771 «
1672 1753 1773 1775 omne
1795 1753 1934 1774 movens
1957 1744 1997 1774 ab
2022 1743 2086 1774 alio
2110 1749 2261 1774 movetur
2279 1755 2310 1772 »-
2332 1754 2349 1774 a
2398 1754 2430 1774 a-

211 1789 289 1838 natis
310 1753 494 1821 attgdgnt.
526 1753 636 1821 Sigzet
662 1789 759 1820 nobis
789 1789 1015 1830 corrigibilitas
1045 1790 1143 1820 buius
1171 1789 1236 1821 loci
1266 1795 1300 1821 et
1323 1777 1328 1844 ἓ
1353 1794 1458 1820 ratus:
1486 1801 1501 1817 κ
1525 1753 1570 1828 244
1593 1789 1633 1819 ab
1665 1789 1730 1819 alio
1754 1789 1783 1819 A
1807 1789 1920 1824 solus;
1944 1798 2006 1819 om.
2029 1802 2041 1813 »
2069 1787 2166 1819 idest:
2192 1767 2312 1819 omnes,
2330 1753 2430 1819 nggtri

443 1834 463 1840 ”·
626 1834 637 1842 ·
737 1833 852 1844 *’*“““
898 1841 921 1843 -
943 1834 1011 1844 “*’
1038 1835 1044 1843 ”
1155 1840 1163 1844 ·
1183 1835 1202 1843 ”’
1253 1835 1262 1845 ’
1386 1834 1511 1865 ““ῐῐιιῃῐ
1534 1834 1575 1865 ab
1598 1834 1678 1865 alio.

1427 1889 1452 1920 ·7
1470 1879 1491 1909 b
1507 1887 1547 1910 ιο
1564 1879 1608 1910 A:
1637 1890 1652 1907 ι
1671 1878 1744 1910 Deo
1769 1884 1879 1909 autem
1894 1887 2003 1918 neque
2027 1878 2208 1909 secundum
2232 1887 2299 1908 rem
2324 1888 2431 1918 neque

1431 1923 1534 1956 ndum
1551 1923 1754 1956 intellectum
1770 1929 1878 1964 potest
1895 1932 1964 1954 esse
1984 1922 2107 1963 aliquid
2122 1922 2300 1963 simplicius
2319 1934 2352 1960 »3
2376 1932 2432 1964 ap-

1430 1974 1497 2000 tus:
1530 1981 1545 1996 ‹
1565 1977 1606 1999 ιο
1629 1978 1699 2000 rem
1723 1969 1760 2006 b,·
1783 1969 1943 1999 rationem
1963 1978 1996 2003 ›;
2021 1967 2117 1998 idest:
2143 1977 2210 1998 rem
2234 1968 2300 2004 Ab;
2330 1968 2431 1998 ratio-

211 1608 424 1641 Futnrieneis
448 1609 588 1651 explicat
614 1618 681 1650 qua
703 1609 831 1640 ratione
861 1609 996 1640 scientia
1026 1608 1183 1640 naturalis
1214 1610 1300 1640 circa

337 2001 423 2029 Praef.
442 2011 510 2029 nm
537 2003 564 2029 in
583 2010 645 2030 nota
665 2005 683 2032 1.
702 2011 788 2039 antep.
808 2013 857 2040 pro
877 2003 924 2032 85
928 2007 943 2032 b
962 2007 1020 2041 lege
1041 2004 1084 2041 87
1097 2008 1120 2033 b.
1448 2013 1548 2045 ceteri
1573 2013 1774 2054 quindecim·

441 2066 519 2084 xxxin
537 2059 589 2085 eol·
610 2066 634 2090 ι.
653 2060 671 2085 l.
695 2059 727 2086 32
748 2068 796 2093 pro
815 2061 891 2095 nater
906 2069 961 2094 pro
979 2062 1053 2096 rolez
1071 2062 1129 2096 lege
1149 2063 1221 2098 rolez
1236 2070 1290 2096 pro
1309 2064 1394 2098 na1ez.
1431 2068 1452 2099 9
1469 2059 1489 2089 b
1507 2068 1526 2099 7
1543 2059 1590 2089 A:
1623 2071 1638 2087 ς
1658 2059 1811 2090 virtutem
1841 2058 1976 2089 activam
2009 2058 2086 2088 solis
2105 2068 2132 2094 »3
2162 2063 2350 2098 apparatus:
2375 2071 2389 2084 «
2410 2068 2429 2097 7

443 2120 516 2138 xxm
540 2121 566 2139 n.
589 2113 620 2139 55
643 2114 660 2140 ι,
681 2122 713 2139 22
735 2122 783 2147 pf„
801 2115 965 2148 ,unumne
985 2117 1042 2149 lege
1061 2117 1228 2149 „pena-flu,
1428 2113 1490 2135 yarn
1513 2103 1567 2135 hic
1581 2103 1621 2141 23
1641 2108 1720 2145 post
1734 2103 1812 2134 solis
1828 2114 1856 2140 η
1873 2102 1970 2134 idest:
1995 2117 2008 2129 <‹
2030 2102 2180 2133 virtutem
2197 2102 2335 2133 activam
2351 2103 2431 2133 solis

1427 2155 1472 2180 :nt
1486 2148 1553 2186 AZ,
1566 2149 1666 2180 ceteri
1681 2148 1871 2190 quindecim
1887 2148 1999 2188 legunt
2014 2147 2164 2179 virtutem
2180 2147 2260 2178 solis
2280 2147 2430 2178 activam.

370 2231 380 2240 ,
1427 2193 1588 2235 malogice
1611 2193 1652 2224 ad
1675 2194 1764 2225 hunc
1788 2198 1998 2234 conceptum,
2021 2193 2087 2230 ubi,
2110 2193 2138 2222 A
2161 2192 2303 2228 absente,
2320 2197 2432 2223 contra

353 2273 361 2279 ,
460 2275 473 2281 ,
514 2235 619 2282 'q
1427 2248 1481 2270 ros
1504 2238 1668 2270 sexdecim
1699 2238 1841 2270 lectione
1870 2238 2002 2278 propria
2032 2237 2178 2278 legimus,
2210 2235 2349 2267 formula
2379 2236 2431 2267 Ita

208 2284 361 2316 alterutra
382 2289 493 2326 potest
523 2285 557 2315 in
587 2280 1415 2326 mmmm
1434 2284 1500 2315 soli
1522 2284 1661 2322 utimur;
1692 2284 1749 2315 ubi
1776 2293 1852 2315 cum
1876 2283 1988 2324 paucis
2012 2282 2063 2314 vel
2087 2292 2165 2319 uno,
2190 2282 2241 2312 Ita
2266 2281 2430 2318 DWXPc,

207 2330 375 2361 internum
397 2329 581 2371 distinguit;
597 2335 670 2360 utra
685 2338 764 2370 ergo
780 2338 842 2371 pro
858 2334 949 2361 textu
964 2329 1130 2370 ponenda,
1148 2335 1219 2361 utra
1234 2339 1296 2370 pro
1350 2328 1404 2360 Ita
1427 2328 1484 2366 W,
1500 2328 1558 2360 sed
1574 2334 1650 2370 post
1666 2329 1842 2360 variantem
1860 2327 2023 2364 codicum,
2039 2328 2064 2357 si
2082 2337 2146 2358 una
2168 2332 2225 2363 est,
2249 2326 2348 2357 ceteri
2363 2336 2430 2357 non

206 2371 370 2406 niente?
385 2374 477 2415 Quid
487 2373 725 2416 respondeatur
734 2382 948 2406 recensetum
959 2374 1035 2416 plus
1046 2375 1179 2406 interest
1195 2383 1296 2416 quam
1351 2374 1574 2415 supprimitur.
1599 2374 1652 2405 Sic
1681 2373 1806 2405 facilius
1830 2373 2048 2413 distinguitur,
2077 2381 2292 2412 quarumnam
2318 2371 2430 2402 lectio-

208 2419 392 2453 leet'ormm
402 2419 448 2451 Hi
470 2419 553 2451 nihil
567 2418 711 2461 perdunt
734 2419 870 2461 quando
885 2419 1064 2451 lectionem
1081 2417 1102 2459 β
1117 2420 1163 2451 ob
1178 2419 1297 2451 oculos
1350 2428 1432 2450 num
1451 2420 1534 2450 ratio
1558 2419 1691 2460 speciali
1707 2418 1810 2450 modo
1826 2428 1844 2448 a
1860 2418 1955 2448 nobis
1975 2416 2176 2458 reposcenda
2192 2417 2240 2447 sit.
2258 2415 2341 2447 Dico
2357 2426 2429 2457 spe-

208 2464 340 2502 habent‚
364 2465 446 2496 nihil
468 2464 637 2497 lucrantur
651 2464 787 2506 quando
812 2473 852 2502 et;
869 2474 911 2496 eo
926 2465 1001 2505 ipso
1018 2464 1110 2506 quod
1133 2465 1240 2506 agitur
1254 2464 1296 2496 de
1351 2464 1424 2495 ciali
1447 2463 1568 2495 modo:
1586 2465 1612 2494 si
1630 2464 1718 2495 enim
1740 2469 1826 2494 extra
1851 2462 2029 2503 fragmenta
2044 2463 2074 2492 A
2091 2462 2150 2492 toti
2174 2462 2273 2492 textui
2297 2461 2430 2492 obnoxii

205 2509 282 2541 lana
303 2510 446 2552 caprina.
467 2510 512 2541 At
534 2519 554 2540 a
575 2519 750 2541 recensere
773 2509 936 2552 quaedam
959 2515 1167 2551 exspectatur
1189 2510 1295 2541 conti-
1349 2518 1464 2540 sumus
1487 2509 1704 2550 aliquatenus,
1730 2508 1918 2549 praesertim
1942 2513 2051 2538 tamen
2078 2512 2192 2537 nostro
2214 2505 2361 2546 periculo
2384 2506 2430 2536 ibi

207 2555 327 2592 auitas,
347 2564 418 2597 qua
446 2563 577 2596 semper
606 2562 684 2587 cum
711 2553 732 2593 β
761 2560 818 2586 aut
847 2563 978 2596 semper
1000 2563 1078 2586 cum
1104 2563 1126 2585 οι
1154 2554 1294 2596 legatur3
1350 2559 1435 2586 stant
1459 2554 1616 2585 lectiones
1648 2563 1734 2594 quae
1762 2563 1822 2584 nec
1851 2558 1926 2583 sunt
1956 2553 1988 2582 in
2016 2550 2132 2582 BCFH
2158 2552 2224 2581 sive
2250 2560 2283 2587 α,
2311 2560 2371 2581 nec
2394 2551 2428 2580 in

205 2600 312 2632 immo
334 2600 420 2632 forte
436 2601 511 2642 quis
525 2600 669 2641 exigeret
683 2605 721 2631 ut
735 2600 847 2641 potius
862 2609 994 2641 semper
1008 2609 1085 2631 cum
1111 2609 1144 2636 α,
1161 2605 1297 2641 propter
1350 2599 1666 2640 repraesentantibus
1691 2598 1721 2638 β.

206 2645 411 2686 antiquitatis
424 2644 642 2686 privilegium.
654 2644 776 2676 Timeo
791 2654 834 2676 ne
847 2643 932 2676 forte
947 2654 966 2676 a
981 2650 1072 2685 parte
1088 2653 1296 2686 consequen·
1406 2644 1482 2675 Hoc
1505 2643 1642 2675 notandi
1665 2642 1768 2674 modo
1787 2642 1952 2674 studiosus
1967 2642 2070 2672 lector
2088 2640 2271 2682 promptius
2286 2640 2428 2670 inveniet

206 2690 271 2722 tiae
293 2689 484 2722 deficientes
505 2689 695 2722 inveniendi
717 2690 831 2723 simus.
860 2689 971 2731 Vulgo
998 2689 1138 2730 legimus
1161 2699 1239 2721 cum
1263 2688 1294 2730 β,
1350 2689 1424 2720 loca
1447 2688 1648 2720 differentiae
1670 2689 1755 2719 inter
1778 2693 1902 2718 textum
1933 2696 2006 2717 vere
2031 2686 2080 2716 vel
2108 2684 2347 2726 praesumptive
2371 2693 2426 2714 au-

207 2735 373 2768 interdum
395 2744 473 2767 curn
492 2745 526 2772 ot,
542 2735 725 2767 rationibus
740 2734 831 2766 ducti
846 2735 951 2776 magis
973 2735 1177 2766 meticulosis
1192 2742 1294 2776 quam
1320 2726 1324 2770 1
1350 2734 1542 2770 theoricum,
1568 2739 1599 2765 et
1622 2733 1720 2764 huius
1743 2732 2026 2772 transcriptionem
2043 2729 2247 2771 primitivam,
2265 2737 2348 2768 quae
2366 2727 2426 2758 fuit

207 2779 330 2812 solidis.
354 2779 458 2820 Quod
480 2781 594 2812 evitari
616 2788 686 2812 non
709 2781 831 2821 potuit,
854 2780 932 2821 quia
962 2778 1003 2810 de
1026 2779 1123 2810 rebus
1147 2778 1296 2811 futilibus
1319 2772 1324 2828 ᾔ
1350 2788 1529 2810 commune
1549 2778 1724 2820 exemplar,
1743 2776 1968 2809 immediatum
1994 2775 2042 2806 vel
2067 2774 2310 2809 vicinissimum,
2326 2773 2426 2803 totius

208 2825 456 2857 diiudicandum
479 2830 558 2856 erat.
1319 2836 1324 2886 ἶ
1349 2825 1539 2864 posterioris
1569 2823 1678 2864 operis
1699 2822 1830 2854 librarii.
1859 2822 1929 2862 lpsa
1959 2820 2057 2851 editio
2088 2824 2207 2855 nostra,
2230 2819 2423 2858 inquantum

261 2870 317 2911 45.
341 2888 366 2895 -
387 2870 595 2902 Divisionem
613 2874 720 2901 textus
743 2870 778 2900 in
801 2869 944 2910 capitula
967 2868 1151 2900 secundum
1169 2868 1294 2900 indica·
1319 2887 1324 2903 s
1349 2867 1545 2900 differentias
1576 2869 1723 2904 latentes,
1749 2873 1863 2908 utpote
1894 2867 1928 2896 in
1956 2864 2139 2906 particulari
2169 2873 2237 2894 non
2269 2862 2423 2902 cognitas,

205 2916 331 2947 tionem
358 2915 554 2957 autographi
580 2915 792 2946 restituimus.
823 2913 945 2945 Tribus
975 2913 1058 2945 locis
1085 2915 1296 2955 transcriptor
1347 2913 1731 2955 praeterire-debuimus,
1755 2912 1938 2944 necessario
1966 2908 2151 2950 reproducit
2173 2913 2296 2938 textum
2323 2906 2424 2947 petia-

205 2969 311 2991 unum
334 2959 444 2991 divisit
463 2960 499 2991 in
522 2959 602 2996 duo,
618 2964 652 2990 et
666 2968 745 2990 suos
767 2959 881 2990 titulos
903 2957 1036 2990 addidit.
1062 2958 1182 2990 lterum
1207 2959 1294 3000 capi-
1349 2967 1423 2990 rum
1445 2958 1686 2995 parisiensium,
1710 2963 1742 2989 et
1766 2957 1806 2988 ab
1830 2957 1899 2987 eius
1922 2955 2110 2986 auctoritate
2135 2951 2304 2992 dependet.

206 3005 354 3036 tulorum
377 3010 492 3036 notam
515 3005 605 3036 auxit
627 3013 663 3040 c,
687 3013 728 3036 ex
751 3003 783 3035 G
805 3004 858 3035 vel
880 3004 975 3035 istius
996 3003 1103 3035 fratre.
1405 3013 1460 3044 47.
1473 3003 1642 3034 -Restant
1654 3001 1816 3044 quaedam
1832 2999 1968 3032 dicenda
1984 2999 2023 3030 de
2036 2998 2186 3029 absoluto
2200 2996 2282 3027 etde
2299 2995 2423 3026 virtuali

261 3049 298 3081 In
321 3049 359 3080 L.
385 3049 466 3081 ch
481 3048 662 3080 diviserunt
683 3048 868 3090 capitulum
892 3057 946 3080 20.
962 3047 1074 3080 Editio
1098 3050 1175 3080 anni
1197 3049 1292 3088 1524,
1320 3041 1322 3078 l
1350 3049 1458 3080 valore
1482 3053 1655 3089 apparatus
1679 3047 1882 3078 variantium.
1907 3045 2074 3085 Signatum
2094 3056 2108 3069 ι
2128 3043 2157 3072 Α
2172 3041 2262 3072 solus
2277 3054 2291 3068 »
2310 3051 2328 3070 a
2350 3050 2421 3080 par-

205 3104 292 3136 quae
318 3101 367 3126 est
390 3095 544 3136 princeps
576 3093 815 3125 commentarii
845 3093 1069 3131 Fen-ariensis,
1096 3093 1294 3125 divisionem
1318 3085 1323 3152 Ῑ
1347 3093 1538 3134 ticipatione
1562 3093 1711 3124 lectionis
1735 3091 1938 3123 authenticae
1955 3089 2074 3120 directe
2091 3085 2231 3118 excludit
2249 3084 2421 3116 duodecim

206 3139 345 3176 sustulit,
370 3138 447 3170 dein
470 3147 643 3180 nunquam
666 3137 908 3170 resumendam.
927 3137 1015 3169 Tota
1033 3137 1162 3170 traditio
1186 3139 1294 3170 divisit
1320 3158 1321 3162 =
1347 3137 1477 3170 codices
1494 3144 1526 3169 et
1549 3143 1690 3179 quatuor
1713 3135 1882 3171 editiones,
1900 3144 1956 3165 seu
1977 3132 2137 3164 sexdecim
2161 3130 2239 3171 sigla
2262 3135 2420 3170 perpetuo

205 3185 384 3226 capitulum
411 3185 448 3216 51
481 3183 692 3226 (originaliter
716 3183 797 3226 δα),
820 3192 927 3224 usque
949 3182 1060 3214 hodie.
1319 3165 1322 3217 Ξ
1347 3183 1478 3214 silenter
1494 3184 1544 3213 vel
1569 3190 1718 3223 expresse
1733 3180 1881 3211 adducta.
1906 3179 1958 3209 Sic
1974 3183 2052 3209 nota
2079 3190 2091 3203 «
2111 3185 2179 3206 rem
2202 3175 2220 3205 b
2240 3187 2254 3202 »
2282 3173 2422 3224 excludit

262 3229 299 3261 ln
322 3229 360 3260 L.
385 3229 414 3260 11
437 3238 555 3260 omnes
580 3228 712 3260 codices
739 3234 772 3260 et
797 3227 959 3259 editiones
990 3227 1140 3259 dividunt
1166 3228 1292 3269 capitu-
1317 3218 1322 3264 f>
1347 3227 1537 3269 quindecim
1560 3227 1686 3267 reliqua
1701 3225 1790 3267 sigla,
1807 3230 1839 3256 et
1854 3224 1990 3255 omnino
2008 3227 2095 3252 totus
2114 3224 2284 3260 apparatus
2300 3217 2419 3248 directe

205 3274 276 3306 lum
295 3275 351 3311 13;
370 3274 506 3306 ulterius
522 3274 574 3305 Ge
589 3273 739 3305 dividunt
757 3272 901 3314 capitula
917 3272 972 3304 28.
991 3271 1205 3315 (originaliter
1222 3272 1289 3315 27.)
1317 3267 1321 3312 ξ
1347 3279 1379 3304 et
1403 3273 1550 3304 absolute
1574 3273 1609 3302 in
1633 3271 1755 3302 ambitu
1772 3269 1934 3301 sexdecim
1950 3268 2104 3298 librorum
2126 3269 2249 3294 tantum
2267 3267 2418 3292 versatur.

205 3324 238 3350 et
261 3318 316 3350 80.
342 3318 556 3362 (originaliter
579 3318 661 3360 78.).
686 3318 741 3349 Sic
763 3327 815 3349 res
837 3326 944 3359 usque
967 3317 1067 3348 hodie
1090 3317 1226 3349 duravit.
1317 3314 1321 3355 ξ
1347 3317 1411 3349 Sed
1434 3318 1511 3358 quia
1535 3325 1715 3348 consensus
1737 3314 1855 3346 BCF'H
1878 3314 2027 3344 inventus
2055 3314 2102 3340 est
2132 3307 2233 3339 fidelis
2263 3308 2420 3347 interpres

262 3364 299 3395 ln
314 3365 352 3396 L.
370 3364 413 3396 nt
425 3373 544 3405 magna
559 3373 633 3405 pars
650 3362 670 3403 β
685 3362 802 3394 dividit
817 3362 999 3404 capitulum
1018 3362 1048 3393 5.
1064 3362 1128 3394 Hic
1144 3368 1258 3394 contra
1270 3361 1291 3402 β
1316 3358 1320 3392 l
1347 3362 1539 3403 exemplaris
1565 3361 1751 3392 Parisiensis
1780 3369 1813 3395 ot,
1841 3357 1920 3388 EGb
1947 3362 1979 3387 et
2010 3365 2069 3386 suo
2097 3353 2197 3384 modo
2225 3351 2418 3383 DNWXYZ

205 3408 345 3440 militant
369 3418 392 3439 α
417 3415 450 3440 et
463 3409 550 3440 NYZ
567 3419 625 3440 seu
650 3409 712 3448 pA.
733 3408 876 3439 Ulterius
892 3416 1010 3438 omnes
1025 3407 1158 3438 codices
1175 3413 1207 3439 et
1222 3407 1292 3438 edi·
1317 3405 1319 3437 i
1346 3408 1584 3438 correctionem
1616 3405 1834 3436 authenticam
1863 3412 1918 3433 seu
1949 3400 1967 3439 β
1991 3402 2240 3440 repraesentant,
2268 3395 2312 3426 Pc
2341 3405 2418 3426 vero

204 3454 311 3485 tiones
326 3453 428 3486 finem
444 3454 579 3495 capituli
596 3453 669 3485 136.
689 3452 902 3495 (originaliter
922 3450 1009 3493 135.)
1027 3458 1213 3493 separatum
1230 3462 1291 3493 po·
1316 3439 1320 3490 l
1346 3458 1378 3483 et
1392 3452 1441 3483 Pd
1455 3458 1559 3482 totam
1574 3459 1713 3480 massam
1730 3448 1911 3480 editionum
1927 3456 1945 3475 a
1968 3454 1985 3475 c
2001 3444 2051 3474 vel
2066 3443 2088 3473 d
2102 3443 2338 3481 incoeptarurn‚
2361 3450 2420 3481 per

204 3504 297 3530 nunt.
321 3499 415 3530 Haec
438 3499 536 3530 etiam
561 3498 751 3540 capitulatio
775 3498 948 3539 hucusque
971 3498 1199 3538 perseveravit.
1315 3491 1319 3543 1ι
1344 3502 1535 3538 apparatum
1552 3495 1727 3526 virtualiter
1742 3493 1847 3524 multo
1864 3492 1954 3531 plura
1968 3497 2065 3529 quam
2081 3486 2242 3518 sexdecim
2260 3485 2419 3516 elementa

259 3543 296 3575 ln
320 3543 359 3575 L.
383 3542 428 3575 IV
452 3553 568 3575 omnes
592 3542 805 3580 concordant,
822 3548 961 3584 excepto
978 3541 1041 3578 Ch,
1065 3548 1103 3572 ut
1125 3552 1186 3572 suo
1211 3542 1288 3573 loco
1314 3546 1318 3584 ξ
1344 3542 1524 3573 traditionis
1540 3541 1749 3580 attinguntur.
1773 3538 1952 3577 Apparatus
1969 3533 2116 3563 absolute
2140 3536 2335 3571 conspectus
2350 3539 2418 3580 non

205 3586 342 3620 dicetur.
1314 3586 1317 3592 '
1344 3587 1421 3618 dicit
1444 3586 1477 3616 id
1494 3584 1586 3626 quod
1604 3584 1656 3614 hic
1680 3582 1886 3616 affirmamus,
1911 3578 2085 3609 lectionem
2109 3584 2228 3616 nempe
2252 3580 2284 3606 et
2307 3575 2416 3610 latior,

259 3633 350 3665 Cum
364 3634 396 3664 A
409 3639 524 3664 notam
548 3633 768 3673 capitulorum
783 3642 854 3664 non
870 3631 1031 3669 ostendat,
1055 3632 1125 3663 sine
1149 3630 1216 3663 ulla
1231 3642 1288 3663 au·
1342 3632 1472 3662 silenter
1495 3629 1658 3661 sexdecim
1674 3627 1760 3667 siglis
1776 3626 1942 3665 signatam,
1967 3622 2116 3653 omnium
2140 3620 2346 3651 existentium
2362 3628 2418 3669 co-

203 3678 346 3709 thentiae
370 3678 515 3709 laesione
539 3678 744 3708 notationem
761 3677 864 3709 modo
889 3677 1065 3718 quinquies
1089 3676 1288 3707 saecularem
1313 3703 1315 3718 Λ
1343 3676 1452 3707 dicum
1469 3681 1500 3705 et
1524 3674 1706 3704 editionum
1723 3679 1807 3707 esse;
1828 3670 1870 3699 ita
1888 3674 1918 3698 et
1935 3667 2068 3698 omissio
2084 3666 2257 3696 verborum
2274 3664 2314 3695 ab
2330 3664 2420 3699 a110,·
