2768 4134
32 1795 88 1811 IIIII

28 2171 94 2188 xmx:
131 2166 161 2187 Τι’
161 2171 241 2186 tttttt

28 2192 240 2240 (Did.p.2o4sqqfil,

27 2231 43 2235 —
54 2219 88 2241 Cf.
106 2219 114 2240 l
127 2219 207 2247 Metap
226 2235 241 2243 .,

28 2252 65 2270 xi:
86 2254 103 2267 s.
119 2246 164 2267 Th.
182 2246 196 2267 1.
215 2253 241 2272 ¹4

27 2279 79 2300 sqci.

30 3027 92 3042 XXXXX

295 266 365 312 148
824 259 1013 297 SUMMA
1042 258 1266 296 CONTRA
1294 257 1571 304 GENTILES,
1602 257 1714 295 CAP.
1734 259 1780 306 L,
1800 259 1861 306 LI,
1881 260 1957 296 LII.

287 345 319 374 in
335 344 422 383 ipsis,
435 340 581 372 intendit.
594 357 617 363 -
628 339 729 378 Quod
744 344 853 370 autem
866 339 895 369 X
907 338 1099 369 Ethicorum
1111 338 1227 378 inquit,
1241 347 1279 368 ex
1291 338 1360 377 ipsa
1414 346 1459 372 se,
1476 337 1534 377 qui
1556 342 1605 367 est
1627 346 1697 368 esse
1720 338 1906 374 subsistens,
1922 340 1956 370 in
1978 348 2046 380 quo
2068 339 2179 369 omnia
2203 340 2289 370 entia
2312 340 2492 371 eminenter

285 397 393 418 rerum
409 387 488 417 serie
505 390 637 426 apparet
653 383 743 425 quod
758 384 905 424 loquitur
927 393 966 414 ex
985 383 1227 424 suppositione:
1249 382 1276 412 si
1299 382 1360 412 sci·
1415 382 1634 412 continentur.
1646 399 1670 404 —
1681 382 1795 414 Posset
1808 383 1954 415 secundo
1970 383 2077 415 dicere
2089 383 2181 424 quod
2197 383 2334 415 Sanctus
2345 384 2491 415 Thomas

285 433 359 462 licet
383 431 471 461 Deus
495 429 535 460 de
558 429 772 470 singularibus
788 434 824 459 ut
847 428 1020 468 singularia
1034 432 1110 459 sunt
1134 436 1245 458 curam
1261 431 1359 467 gerat.
1414 425 1502 456 illam
1515 426 1708 466 opinionem
1719 427 1863 460 attribuit
1873 429 2010 460 Averroi
2023 434 2183 469 quantum
2195 429 2292 459 verba
2303 429 2374 460 eius
2388 429 2422 460 in
2434 429 2491 460 illo

340 475 373 506 Si
397 476 469 515 quis
496 479 606 505 autem
629 474 726 505 vellet
756 473 913 504 sustinere
945 472 985 503 de
1013 477 1123 503 mente
1147 471 1359 503 Commenta·
1414 470 1489 501 loco
1506 476 1632 501 sonant.
1646 470 1731 502 Nam
1747 471 1792 503 ibi
1807 481 1876 504 non
1892 473 1983 504 aliter
2001 482 2092 504 suam
2110 473 2249 514 explicat
2263 474 2490 506 intentionem.

283 521 360 550 toris
385 529 464 555 esse,
492 524 625 559 propter
655 518 808 550 adductas
839 518 1055 553 auctoritates,
1088 516 1179 557 quod
1207 517 1296 547 Deus
1319 515 1359 546 de
1414 514 1471 546 sed
1494 523 1533 545 ex
1555 515 1634 556 ipsis
1656 516 1762 546 verbis
1781 517 1851 548 eius
1872 518 2009 549 habetur
2031 518 2106 555 hoc,
2122 517 2214 559 quod
2237 519 2323 549 entia
2346 518 2380 549 in
2400 527 2491 549 com-

282 564 377 595 rebus
400 565 566 604 propriam
590 568 622 594 et
645 562 829 595 distinctam
853 563 1076 603 cognitionem
1100 562 1225 596 habeat,
1249 566 1360 601 posset
1413 560 1507 590 muni
1530 564 1667 596 tantum,
1684 560 1820 592 ‘scilicet
1847 562 2043 603 inquantum
2076 564 2163 594 entia
2194 568 2280 598 sunt,
2304 568 2490 603 cognoscat.

282 610 389 649 primo
413 608 519 640 dicere
536 607 627 649 quod
650 608 684 639 in
700 613 890 639 commento
909 608 945 638 51
967 607 1025 637 ΧΠ
1044 606 1186 647 Metaph.
1203 605 1359 636 intellexit
1413 604 1491 635 Non
1514 609 1622 635 autem
1651 610 1742 635 curat
1765 605 1902 638 Sanctus
1925 607 2072 639 Thomas
2095 607 2175 649 quid
2197 608 2267 649 ipse
2290 607 2490 639 intellexerit.

282 652 372 694 quod
396 654 564 694 cognoscit
587 654 672 684 entia
695 654 889 694 inquantum
915 653 1000 694 entia
1028 657 1104 682 sunt
1126 649 1358 691 cognoscendo
1469 648 1640 687 Quantum
1664 654 1774 680 autem
1801 649 1947 683 falsitatis
1975 653 2090 693 opinio
2114 653 2194 684 haec
2223 652 2349 689 habeat,
2373 661 2413 684 ex
2436 651 2492 683 ad-

280 699 435 738 seipsum,
453 699 529 739 quia
541 698 602 729 alia
618 704 687 729 non
704 698 873 738 cognoscit
884 696 1033 728 distincte
1049 696 1111 726 nisi
1126 693 1358 736 cognoscendo
1413 693 1518 725 ductis
1541 693 1721 725 rationibus
1743 699 1842 735 patet.

1359 772 1411 816 ψ.

593 881 1016 939 CAPITULA
1054 878 1813 956 QUINQUAGESIMUM
1848 879 2180 936 PRIMUM

686 970 799 1027 ET
839 969 1038 1048 QUIN
1040 967 1598 1047 QUAGESmt-JM
1636 967 2089 1025 SECUNDUM
2120 1031 2122 1033 ‚

1157 1069 1188 1101 A
1215 1068 1287 1100 13v
1333 1068 1387 1109 b9
1411 1069 1480 1100 sine
1503 1068 1611 1099 titulo.

279 1114 588 1187 RATIONES
617 1145 703 1185 AD
733 1142 1172 1196 INQUIRENDUM
1206 1141 1524 1195 QUALITER
1557 1141 1927 1184 MULTITUDO
1961 1142 2490 1185 INTELLECTORUM

948 1214 1043 1256 SIT
1077 1213 1139 1255 IN
1172 1213 1564 1255 INTELLECTU
1599 1213 1815 1254 DIVINO

292 1338 301 1341 ’·
328 1342 518 1384 “ff'‘''ffJED
546 1341 595 1366 ne
625 1329 833 1367 multitudo
863 1329 1146 1366 intellectorum
1176 1328 1215 1366 in
1245 1327 1352 1366 intel·
1409 1328 1640 1366 Secundum
1673 1339 1768 1365 vero
1804 1328 1914 1377 quod
1948 1327 2181 1378 intelligibile
2216 1328 2266 1366 ab
2295 1329 2488 1368 intellectu

284 1381 318 1431 ᾖ(
364 1381 461 1420 'il-ff.
485 1385 628 1421 lectum
661 1382 841 1421 divinum
876 1382 1205 1433 compositionem
1239 1381 1352 1420 indu·
1408 1381 1666 1430 distinguitur,
1696 1390 1753 1419 est
1787 1389 2001 1432 utrumque
2037 1381 2077 1420 in
2111 1382 2296 1434 potentia,
2326 1382 2424 1422 sicut
2452 1392 2488 1423 et

279 1432 398 1490 3³3*
412 1428 461 1482 ’ξπ
484 1445 556 1484 cat,
587 1436 878 1486 investigandus
907 1444 964 1474 est
993 1436 1139 1475 modus
1171 1448 1253 1486 quo
1283 1436 1353 1474 ista
1408 1435 1450 1473 in
1469 1447 1587 1473 sensu
1606 1443 1728 1485 patet:
1749 1447 1844 1473 nam
1868 1448 1999 1487 neque
2018 1435 2126 1474 visus
2145 1443 2202 1475 est
2229 1436 2368 1475 videns
2385 1446 2486 1487 actu,

299 1483 391 1519 «⁴⁵⁶5
484 1491 673 1529 intellecta
700 1490 775 1528 sint
803 1491 936 1528 multa.
1408 1501 1539 1539 neque
1567 1488 1717 1528 visibile
1746 1489 1901 1528 videtur
1927 1498 2029 1536 actu,
2062 1489 2136 1528 nisi
2169 1502 2262 1528 cum
2294 1490 2403 1529 visus
2429 1491 2487 1530 in-

328 1546 421 1583 Non
449 1552 582 1582 autem
612 1545 707 1582 haec
732 1543 941 1582 multitudo
965 1543 1019 1581 sic
1043 1543 1198 1592 intelligi
1227 1551 1353 1593 potest
1376 1566 1384 1586 s
1407 1543 1599 1580 formatur
1616 1542 1777 1581 visibilis
1795 1543 1936 1593 specie,
1961 1552 2005 1582 ut
2023 1543 2078 1582 sic
2101 1556 2149 1582 ex
2168 1543 2257 1582 visu
2282 1552 2320 1582 et
2347 1545 2487 1584 visibili

275 1598 385 1648 quasi
410 1599 533 1636 multa
554 1598 743 1636 intellecta
765 1598 934 1635 habeant
959 1610 1043 1635 esse
1065 1597 1290 1635 distinctum
1311 1597 1351 1635 in
1408 1609 1536 1634 unum
1564 1596 1643 1634 fiat.
1674 1596 1715 1635 Si
1744 1596 1858 1646 igitur
1885 1597 2132 1647 intelligibilia
2161 1597 2234 1636 Dei
2262 1606 2353 1636 sunt
2381 1607 2486 1638 extra

274 1652 372 1690 Deo.
402 1653 474 1690 Ista
502 1651 608 1690 enim
638 1651 825 1689 intellecta
854 1659 920 1689 aut
954 1658 1080 1689 essent
1108 1650 1214 1689 idem
1243 1651 1352 1701 quod
1409 1649 1644 1689 intellectum
1665 1649 1796 1701 ipsius,
1817 1659 2003 1701 sequetur
2025 1652 2134 1702 quod
2158 1651 2372 1691 intellectus
2391 1665 2487 1692 suus

275 1706 439 1744 essentia
463 1704 610 1744 divina:
641 1714 677 1742 et
705 1705 759 1742 sic
788 1705 827 1742 in
851 1704 1020 1755 >essentia
1045 1704 1118 1742 Dei
1140 1713 1353 1754 poneretur
1409 1704 1455 1742 sit
1484 1703 1523 1742 in
1542 1704 1725 1754 potentia,
1750 1712 1787 1742 et
1815 1704 1989 1743 similiter
2011 1705 2260 1756 intelligibilia
2282 1706 2417 1757 ipsius.
2437 1706 2487 1745 Et

125 1769 191 1789 xvm,
206 1769 244 1786 xx·
274 1759 404 1809 aliqua
433 1758 654 1804 multitudo,
684 1758 794 1809 quod
826 1771 945 1808 supra
959 1758 979 1781 '⁸
1008 1758 1269 1808 multipliciter
1296 1767 1352 1796 est
1408 1757 1462 1796 sic
1490 1757 1674 1807 indigebit
1699 1757 1832 1807 aliquo
1856 1759 2066 1797 reducente
2088 1759 2128 1798 in
2151 1768 2252 1798 actu.
2283 1760 2405 1808 Quod
2429 1767 2486 1799 est

274 1820 483 1850 remotum.
521 1814 599 1850 Aut
631 1820 759 1850 essent
793 1812 1042 1862 superaddita
1079 1812 1266 1850 essentiae
1295 1812 1351 1850 di·
1369 1830 1393 1845 ιο
1407 1811 1664 1861 impossibile:
1694 1823 1788 1849 nam
1817 1813 1894 1850 hoc
1921 1821 2022 1850 esset
2049 1825 2099 1851 eo
2127 1813 2247 1863 prius.

273 1866 404 1904 vinae:
431 1874 468 1903 et
487 1866 540 1904 sic
561 1874 658 1903 esset
680 1867 719 1903 in
744 1866 829 1903 Deo
850 1865 1010 1916 aliquod
1029 1866 1221 1911 accidens,
1241 1866 1351 1916 quod
1462 1866 1675 1902 Praeterea.
1706 1866 1945 1903 Intellectum
1977 1874 2131 1916 oportet
2165 1879 2250 1905 esse
2278 1867 2318 1905 in
2343 1867 2484 1907 *intelli-

273 1919 424 1970 supra*
452 1919 691 1969 impossibile
720 1931 804 1957 esse
833 1919 1088 1957 ostendimus.
1405 1926 1529 1968 gente.
1560 1919 1654 1956 Non
1685 1918 1799 1968 igitur
1829 1918 1971 1957 sufficit
1996 1931 2145 1970 ponere
2173 1920 2319 1960 formas
2352 1932 2485 1959 rerum

327 1973 411 2010 Nec
439 1972 581 2010 iterum
604 1981 730 2022 potest
753 1972 848 2023 poni
871 1972 1101 2011 huiusmodi
1124 1973 1270 2010 formas
1295 1972 1350 2010 in-
1405 1984 1477 2022 per
1503 1984 1544 2009 se
1573 1971 1779 2010 existentes
1811 1980 1917 2010 extra
1953 1972 2189 2012 intellectum
2224 1973 2407 2013 divinum
2433 1974 2485 2014 ad

272 2025 482 2074 telligibiles
504 2038 575 2076 per
598 2039 638 2064 se
663 2026 840 2064 existere:
867 2026 976 2076 quod
1001 2027 1123 2072 Plato,
1153 2024 1349 2076 praedicta
1406 2026 1483 2064 hoc
1510 2025 1621 2076 quod
1649 2025 1758 2063 Deus
1792 2026 2086 2065 multitudinem
2122 2040 2255 2066 rerum
2290 2027 2483 2078 intelligat,

271 2079 584 2118 inconvenientia
612 2079 750 2127 vitans,
780 2079 935 2117 videtur
954 2079 1144 2130 posuisse,
1175 2079 1349 2117 introdu-
1365 2095 1388 2115 ις
1405 2080 1473 2118 sed
1502 2086 1656 2130 oportet
1683 2080 1794 2130 quod
1821 2080 1897 2118 sint
1923 2080 1964 2118 in
1992 2080 2080 2131 ipso
2107 2081 2302 2120 intellectu
2333 2081 2482 2120 divino.

270 2134 396 2172 cendo
430 2134 532 2171 ideas
545 2133 576 2170 *.
612 2134 717 2171 Nam
757 2133 906 2171 formae
946 2146 1078 2171 rerum
1111 2133 1349 2172 naturalium
1457 2133 1478 2156 ²⁸⁸
1494 2134 1552 2171 Ex
1568 2133 1717 2172 eisdem
1732 2133 1848 2172 etiam
1869 2133 2084 2173 rationibus
2098 2143 2259 2198 apparet
2277 2136 2386 2187 quod
2401 2146 2483 2174 non
2512 2141 2521 2151 ·

270 2187 351 2226 sine
371 2187 533 2225 materia
556 2186 716 2225 existere
736 2199 817 2225 non
842 2196 1023 2238 possunt:
1049 2200 1142 2226 cum
1167 2199 1240 2226 nec
1266 2187 1348 2226 sine
1404 2194 1531 2238 potest
1558 2186 1654 2238 poni
1675 2187 1784 2237 quod
1812 2187 2023 2227 multitudo
2050 2189 2345 2240 intelligibilium
2371 2201 2483 2241 prae-

270 2241 429 2279 materia
457 2241 724 2290 intelligantur.
1405 2241 1600 2279 dictorum
1628 2240 1675 2278 sit
1702 2240 1742 2278 in
1771 2241 1903 2292 aliquo
1931 2241 2007 2280 alio
2036 2242 2230 2282 intellectu
2257 2251 2410 2294 praeter
2426 2242 2484 2283 di·

324 2295 446 2343 Quod
465 2294 582 2333 etiam
601 2294 633 2332 si
652 2302 875 2345 poneretur,
897 2307 970 2332 nec
989 2295 1066 2332 hoc
1085 2294 1279 2333 sufficeret
1298 2295 1347 2333 ad
1404 2294 1555 2340 vinum,
1576 2295 1638 2332 vel
1666 2294 1821 2333 animae
1849 2297 1912 2334 vel
1939 2296 2065 2346 angeli
2091 2296 2173 2335 sive
2200 2296 2480 2346 intelligentiae.

268 2349 501 2399 ponendum
521 2349 651 2387 Deum
682 2348 887 2398 intelligere
917 2348 1219 2386 multitudinem.
1241 2349 1348 2386 Nam
1363 2363 1390 2378 ιο
1403 2349 1510 2386 Nam
1530 2347 1584 2386 sic
1603 2347 1817 2386 intellectus
1835 2348 2003 2397 divinus,
2024 2358 2217 2400 quantum
2240 2351 2289 2389 ad
2309 2350 2482 2401 aliquam

269 2415 359 2441 cum
387 2403 537 2441 formae
561 2402 780 2453 praedictae
800 2402 875 2440 sint
903 2410 1009 2440 extra
1029 2401 1102 2440 Dei
1126 2401 1346 2447 essentiam,
1403 2414 1516 2440 suam
1545 2401 1829 2452 operationem,
1858 2403 2096 2454 dependeret
2123 2404 2173 2442 ab
2197 2404 2330 2455 aliquo
2354 2411 2482 2455 poste-

269 2457 300 2494 si
331 2456 413 2494 sine
442 2456 502 2494 his
530 2457 639 2495 Deus
667 2455 958 2494 multitudinem
984 2468 1116 2494 rerum
1140 2455 1347 2505 intelligere
1404 2455 1494 2494 riori
1523 2455 1728 2494 intellectu.
1760 2457 1879 2504 Quod
1910 2456 2026 2496 etiam
2055 2465 2111 2496 est
2138 2457 2389 2509 impossibile.

268 2523 349 2548 non
378 2518 520 2561 posset,
545 2510 655 2560 quod
678 2510 728 2548 ad
756 2509 1034 2560 perfectionem
1054 2509 1115 2548 sui
1134 2509 1348 2548 intellectus
1458 2509 1566 2548 Sicut
1593 2508 1711 2548 etiam
1736 2522 1796 2548 res
1815 2509 1854 2548 in
1883 2523 1926 2549 se
1945 2510 2197 2550 subsistentes
2215 2524 2239 2550 a
2262 2511 2350 2550 Deo
2378 2519 2480 2558 sunt.

269 2563 486 2614 requiritur,
508 2571 739 2614 sequeretur
756 2564 865 2614 quod
885 2576 957 2602 sua
975 2563 1160 2614 perfectio
1180 2563 1220 2601 in
1240 2563 1347 2602 intel·
1403 2564 1454 2602 ita
1480 2571 1517 2601 et
1545 2575 1647 2614 quae
1668 2563 1785 2602 rebus
1803 2563 1946 2603 insunt.
1968 2565 2082 2604 Unde
2101 2573 2138 2603 et
2157 2565 2208 2604 ad
2227 2577 2311 2604 esse
2331 2564 2482 2616 praedi-

268 2617 422 2666 ligendo
443 2618 492 2656 ab
512 2617 588 2656 alio
607 2617 864 2668 dependeret:
885 2626 923 2655 et
946 2630 1016 2667 per
1035 2629 1281 2667 consequens
1307 2617 1347 2655 in
1362 2631 1386 2652 τε
1402 2625 1556 2655 ctorum
1571 2617 1865 2666 intelligibilium
1886 2618 1926 2656 in
1940 2618 2072 2669 aliquo
2092 2619 2354 2670 posteriorum
2372 2618 2482 2658 intel-

268 2672 446 2719 essendo,
455 2683 547 2709 cum
564 2683 683 2709 suum
698 2683 781 2709 esse
796 2671 843 2709 sit
858 2683 974 2709 suum
992 2671 1210 2720 intelligere.
1223 2671 1347 2709 Cuius
1403 2672 1574 2709 lectuum
1590 2671 1849 2722 praeexigitur
1862 2672 2069 2722 intelligere
2084 2672 2276 2722 divinum,
2287 2684 2359 2723 per
2371 2673 2482 2724 quod

267 2725 507 2763 contrarium
535 2737 654 2776 supra
673 2725 693 2747 *
722 2733 923 2763 ostensum
953 2733 1019 2763 est.
1403 2725 1511 2763 Deus
1540 2732 1596 2763 est
1623 2737 1753 2763 causa.

321 2780 428 2816 Item.
459 2779 563 2818 Cum
593 2791 712 2817 omne
737 2779 845 2829 quod
875 2786 932 2816 est
959 2786 1111 2829 praeter
1139 2777 1347 2816 essentiam
1457 2779 1652 2829 Sequetur
1671 2778 1787 2818 etiam
1807 2779 2043 2819 intellectum
2057 2779 2239 2818 divinum
2257 2791 2341 2818 esse
2356 2779 2396 2819 in
2409 2791 2481 2831 po-

268 2845 381 2871 suam
410 2832 457 2870 sit
483 2840 689 2871 causatum
717 2832 766 2870 ab
796 2845 857 2878 eo,
877 2841 920 2870 ut
948 2832 1045 2870 infra
1059 2832 1080 2855 *
1109 2832 1345 2878 ostendetur,
1402 2832 1537 2870 tentia:
1558 2845 1652 2871 cum
1667 2845 1739 2871 sua
1753 2833 2001 2883 intelligibilia
2015 2846 2098 2871 non
2116 2833 2192 2872 sint
2209 2833 2246 2872 ei
2257 2833 2479 2872 coniuncta.

268 2898 425 2924 necesse
459 2894 526 2933 est,
565 2885 596 2924 si
633 2886 782 2924 formae
816 2885 1036 2936 praedictae
1071 2894 1178 2924 extra
1215 2886 1346 2924 Deum
1362 2899 1387 2918 ιο
1456 2885 1565 2924 Sicut
1592 2887 1709 2926 etiam
1738 2887 1952 2938 unicuique
1984 2896 2042 2926 est
2069 2886 2276 2938 proprium
2303 2899 2401 2934 esse,
2429 2887 2482 2926 ita

268 2948 369 2986 sunt,
399 2939 449 2977 ab
479 2952 527 2977 eo
552 2947 728 2977 causatas
752 2951 847 2977 esse.
878 2941 963 2990 lpse
992 2947 1123 2977 autem
1149 2947 1206 2977 est
1228 2951 1346 2977 causa
1402 2947 1439 2977 et
1457 2940 1615 2991 propria
1635 2940 1822 2992 operatio.
1843 2942 1938 2980 Non
1962 2940 2076 2991 igitur
2094 2953 2178 2979 esse
2205 2949 2332 2992 potest
2349 2947 2393 2979 ut
2410 2952 2483 2992 per

172 3001 239 3021 ¹¹⁸¹»
268 3005 400 3031 rerum
419 3005 490 3043 per
509 2992 757 3039 intellectum,
773 3001 816 3031 ut
835 2992 931 3031 infra
945 2993 966 3015 ²¹¹
985 2993 1220 3031 ostendetur.
1242 2993 1345 3043 Ergo
1402 2994 1478 3031 hoc
1497 2994 1606 3044 quod
1625 2994 1763 3046 aliquis
1782 2993 1995 3034 intellectus
2015 2995 2064 3033 ad
2084 2995 2332 3046 operandum
2351 2993 2481 3047 dispo-

268 3047 399 3085 Deum
424 3046 631 3096 intelligere
652 3045 881 3084 huiusmodi
903 3046 1150 3096 intelligibilia
1174 3046 1345 3097 praeexi-
1402 3046 1516 3095 nitur,
1533 3047 1635 3086 alius
1650 3048 1922 3099 operationem
1940 3048 2239 3087 intellectualem
2253 3055 2480 3099 exequatur,

267 3100 368 3149 gitur
386 3099 524 3138 ordine
543 3108 705 3138 naturae
731 3100 780 3138 ad
807 3101 884 3138 hoc
903 3100 1012 3150 quod
1032 3100 1261 3138 huiusmodi
1290 3100 1345 3138 in·
1402 3101 1471 3138 sed
1494 3100 1659 3151 ipsemet
1683 3102 1896 3141 intellectus
1921 3102 2029 3153 apud
2048 3114 2170 3153 quem
2195 3100 2397 3152 dispositio
2422 3100 2480 3140 in-

268 3153 472 3202 telligibilia
491 3153 576 3192 sint.
599 3154 692 3191 Non
713 3153 826 3203 igitur
844 3166 916 3203 per
940 3155 1018 3192 hoc
1041 3155 1149 3192 Deus
1177 3153 1347 3203 intelligit
1362 3166 1384 3187 ιε
1402 3154 1572 3192 venitur:
1602 3156 1701 3194 sicut
1734 3156 2053 3217 unumquodque
2085 3163 2143 3194 est
2173 3167 2245 3206 per
2272 3154 2479 3193 essentiam

269 3206 557 3245 multitudinem
600 3207 709 3258 quod
753 3206 1001 3256 intelligibilia
1035 3209 1159 3246 multa
1197 3219 1268 3258 per
1305 3220 1346 3245 se
1402 3220 1527 3255 suam,
1548 3221 1631 3247 non
1658 3221 1730 3260 per
1747 3216 1956 3248 essentiam
1975 3209 2143 3248 alterius,
2168 3209 2244 3246 Per
2261 3209 2338 3245 hoc
2366 3207 2481 3258 igitur

269 3259 434 3298 existunt
462 3269 568 3298 extra
596 3273 702 3299 eum.
1402 3261 1511 3312 quod
1540 3261 1788 3313 intelligibilia
1817 3264 1940 3302 multa
1969 3270 2059 3301 sunt
2087 3261 2193 3312 apud
2221 3259 2392 3311 aliquem
2421 3273 2479 3300 se·

322 3314 473 3352 Adhuc.
504 3313 741 3363 Intelligibile
778 3314 816 3352 in
845 3322 934 3352 actu
970 3322 1026 3352 est
1064 3313 1278 3365 intellectus
1306 3314 1346 3352 in
1401 3316 1626 3355 cundorum
1660 3316 1940 3363 intellectuum,
1968 3327 2051 3354 non
2083 3313 2223 3365 poterit
2258 3327 2341 3352 esse
2369 3314 2479 3365 quod

116 3382 138 3402 v.
161 3382 179 3399 ι.
191 3381 240 3401 m-
269 3374 371 3404 actu:
393 3367 489 3406 sicut
505 3376 541 3406 et
556 3367 735 3406 sensibile
755 3367 795 3406 in
815 3376 903 3406 actu
918 3376 974 3406 est
994 3380 1131 3406 sensus
1151 3367 1190 3406 in
1210 3377 1298 3406 actu
1313 3368 1343 3405 *.
1403 3368 1615 3408 intellectus
1643 3369 1796 3420 primus
1824 3368 2114 3420 multitudinem
2141 3376 2360 3417 cognoscat.

323 3480 340 3503 4
359 3472 418 3505 sint}
439 3478 500 3498 sunt
520 3473 698 3499 DGNWYPc.
791 3481 823 3508 ²9
842 3478 871 3498 ut
890 3473 955 3499 infra
974 3473 1137 3507 ostendetur]
1158 3479 1186 3499 ut
1205 3481 1284 3506 supra
1302 3479 1439 3500 ostensum
1459 3481 1500 3501 est
1519 3481 1545 3501 et
1563 3476 1630 3501 infra
1647 3475 1802 3501 ostendetur
1820 3475 1871 3508 ρΛ.
1963 3473 1995 3499 32
2015 3478 2043 3498 ut
2062 3473 2127 3498 infra
2149 3473 2313 3507 ostendetur}
2337 3478 2366 3499 ut
2384 3478 2416 3499 ex
2433 3480 2479 3499 au-

271 3508 390 3539 pradictis
408 3514 478 3541 patet
495 3514 521 3534 et
540 3509 603 3534 infra
622 3510 776 3535 ostendetur
796 3509 838 3534 ΝΖ
857 3517 918 3535 cum
938 3510 987 3542 ρΑ.

325 3542 338 3566 5
359 3543 474 3576 visibilis}
495 3544 588 3570 visibili
608 3545 781 3576 NWYZaGP,
800 3545 903 3571 visibile
922 3544 973 3578 ΡΟ.
1064 3553 1094 3570 ex
1113 3545 1172 3570 visu
1195 3550 1221 3570 et
1245 3545 1339 3571 visibili
1359 3546 1393 3576 Ν;
1420 3553 1449 3572 ex
1476 3545 1570 3572 visibili
1596 3551 1622 3572 et
1646 3547 1714 3573 vinu.
1809 3543 1828 3571 8
1846 3543 1939 3577 ipsius]
1964 3543 2034 3569 illius
2053 3544 2115 3570 al‘c.
2211 3551 2237 3570 11
2261 3545 2287 3570 in
2307 3544 2477 3578 intelligente]

272 3578 429 3611 intelligente
449 3579 470 3604 Α
488 3586 561 3608 casu,
580 3581 767 3612 intelligentem
788 3580 818 3610 Ν,
839 3580 1024 3613 intelligentiae
1042 3579 1136 3606 GWY.
1229 3579 1262 3606 ¹6
1282 3581 1319 3606 Ex
1338 3582 1449 3606 eisdem.
1471 3580 1596 3607 Traditio
1614 3589 1712 3607 novum
1735 3581 1801 3614 Cap.
1821 3579 1916 3613 incipit
1933 3582 1961 3605 et
1978 3579 2088 3605 titulum
2111 3579 2199 3609 addit.
2218 3587 2361 3606 err-oneum
2387 3582 2477 3606 tannen

272 3616 298 3638 et
316 3613 435 3642 varium:
454 3621 529 3646 quem
546 3618 689 3646 praeterea
709 3616 778 3641 ze
798 3616 824 3641 in
846 3615 944 3642 rabulis
962 3623 1016 3642 non
1036 3616 1143 3641 habene.
1166 3617 1231 3642 Cum
1252 3616 1333 3642 verba
1353 3617 1379 3641 in
1400 3618 1420 3641 Α
1442 3624 1494 3642 non
1514 3625 1531 3642 a
1551 3624 1622 3643 ηονα
1639 3617 1711 3643 linea
1734 3615 1873 3649 incipiam,
1897 3617 1975 3648 patet
1999 3622 2098 3640 novum
2120 3615 2274 3648 Capitulum
2294 3623 2347 3641 non
2366 3615 2478 3642 intendi.

274 3654 305 3681 ¹7
326 3650 386 3681 poni
405 3649 484 3681 quod}
505 3651 567 3682 quid
587 3651 647 3683 poni
667 3659 691 3675 α.
786 3659 818 3683 ²4
838 3652 917 3677 rebus
937 3651 1033 3684 innunt!
1054 3652 1079 3677 in
1098 3652 1176 3677 rebus
1196 3658 1258 3677 sunt
1278 3653 1326 3678 ΡΑ.
1419 3660 1451 3687 ²9
1471 3653 1522 3678 sint
1542 3653 1660 3684 FNZaG3
1681 3658 1750 3678 sunu
1843 3651 1874 3676 32
1895 3651 2041 3684 disponitur
2059 3651 2091 3682 Z;
2112 3652 2272 3685 disponatur.
