2768 4134
0 2914 12 2961 ζ
24 2913 169 2967 ‘1³¹73’·1'‘¹;‘7⁷’
188 2913 213 2939 ⁸³

261 283 337 332 298

315 361 447 397 Quinto.
461 358 569 388 Omne
585 356 739 397 possibile
755 355 866 386 reduci
881 353 1013 385 tandem
1030 359 1161 394 oportet
1176 359 1331 394 tanquam

256 407 295 436 in.
314 413 443 435 causam
466 403 499 433 in
523 400 646 442 aliquid
669 399 760 441 quod
783 401 823 430 sit
846 399 1074 430 necessarium.
1099 398 1140 429 Et
1160 407 1260 428 omne
1275 406 1331 428 ne-

256 449 428 485 cessarium
452 445 543 487 quod
566 446 662 476 habet
685 454 826 480 causam,
850 453 982 475 necesse
1006 449 1054 474 est
1082 441 1195 473 reduci
1218 443 1252 473 in
1275 442 1332 472 ali·

255 492 344 534 quod
368 491 584 523 necessarium
609 489 700 530 quod
723 498 800 520 suae
824 488 1022 519 necessitatis
1045 496 1176 518 causam
1192 496 1261 518 non
1277 487 1332 517 ha-

255 539 336 568 beat.
354 537 428 567 Hoc
445 541 554 566 autem
570 540 618 566 est
634 535 723 565 solus
735 534 835 564 Deus.
848 534 936 573 Ergo
949 538 1009 563 etc.
1024 550 1045 553 —
1061 532 1155 562 Hanc
1171 532 1331 562 rationem

253 582 355 622 tetigit
378 581 514 612 Sanctus
530 579 676 610 Thomas
700 579 797 609 etiam
818 579 850 608 in
867 578 988 613 Primo,
1009 586 1080 617 cap.
1097 586 1148 607 xv.
1170 576 1253 608 Vide
1274 577 1330 607 ibi.

308 626 419 656 Sexto.
444 626 533 655 Deus
557 630 605 655 est
627 623 804 654 virtualiter
826 623 947 653 omnia.
980 622 1079 662 Igitur
1109 627 1157 652 est
1180 622 1331 652 omnium

252 670 396 702 factivus.
422 670 508 710 Ergo
533 674 581 699 est
604 669 754 699 omni'um
778 677 884 698 causa.
901 685 924 689 -
944 667 1102 697 Probatur
1125 666 1329 697 antecedens.

252 716 338 754 Quia
362 721 408 746 est
431 723 540 745 rerum
564 713 699 744 factivus
723 712 905 743 secundum
925 711 1016 752 quod
1039 717 1088 742 est
1110 717 1195 742 actu.
1221 711 1257 742 ln
1272 720 1331 742 sua

251 766 360 791 autem
390 759 572 790 actualitate
602 758 753 788 omnium
785 766 893 788 rerum
926 756 1143 797 perfectiones
1173 756 1329 787 continet.

251 805 349 845 Igitur
365 810 425 835 etc.
437 822 460 827 —
475 804 583 834 Prima
595 803 830 843 consequentia
846 807 944 842 patet.
958 819 980 823 —
996 800 1147 832 Secunda
1159 810 1237 831 vero
1254 810 1330 841 pro-

250 850 351 880 batur.
369 848 456 887 Quia
471 849 498 879 si
513 847 637 888 aliquid
653 852 736 878 esset
751 853 864 877 natum
881 855 950 877 esse
967 851 999 876 et
1013 855 1083 876 non
1099 846 1139 876 ab
1155 846 1227 886 ipso
1245 846 1328 883 Deo,

248 904 315 925 non
341 899 422 924 esset
447 893 597 924 omnium
621 892 767 923 factivus.
799 891 875 922 Non
900 891 988 921 enim
1019 896 1127 931 potest
1150 890 1214 921 dici
1237 891 1328 931 quod

249 938 370 979 aliquid
397 939 437 968 sit
467 943 580 968 natum
611 946 680 968 esse
708 937 747 967 ab
772 936 847 972 alio,
871 941 904 966 et
927 936 973 966 sic
997 934 1122 966 dicatur
1145 935 1235 966 Deus
1259 936 1329 967 eius

249 993 317 1015 esse
340 982 566 1024 productivus;
592 987 623 1012 et
645 987 759 1012 natum
784 981 881 1011 etiam
905 981 945 1011 sit
968 989 1037 1011 esse
1053 989 1121 1011 non
1138 981 1178 1011 ab
1194 980 1269 1011 alio.
1294 980 1328 1012 Si

249 1029 335 1060 enim
359 1026 482 1067 aliquid
504 1033 618 1058 natum
642 1027 682 1056 sit
705 1035 774 1056 esse
797 1035 866 1056 non
890 1026 930 1055 ab
954 1025 1029 1061 alio,
1047 1031 1095 1056 est
1110 1035 1168 1066 per
1183 1026 1327 1066 seipsum

247 1082 379 1104 necesse
403 1082 482 1103 esse.
507 1072 588 1102 Tale
612 1077 722 1102 autem
752 1080 820 1101 non
850 1075 960 1111 potest
982 1070 1022 1100 ab
1047 1069 1110 1100 alio
1135 1080 1215 1101 esse.
1239 1070 1326 1111 Ergo

247 1127 314 1149 non
338 1123 446 1158 potest
469 1116 557 1148 idem
581 1126 650 1146 esse
673 1121 786 1146 natum
811 1124 880 1145 esse
903 1115 943 1145 ab
967 1114 1042 1151 alio,
1067 1120 1100 1145 et
1122 1120 1235 1145 natum
1258 1124 1327 1146 esse

247 1173 314 1193 non
338 1163 377 1192 ab
401 1162 476 1192 alio.
501 1161 542 1192 Et
562 1161 608 1191 sic
628 1161 775 1201 sequitur
799 1159 891 1200 quod
913 1169 983 1190 non
1007 1164 1092 1190 stant
1114 1160 1212 1190 simul
1236 1159 1326 1200 quod

246 1207 368 1248 aliquid
391 1207 493 1247 possit
517 1215 586 1236 esse
606 1215 675 1236 non
696 1216 714 1236 a
734 1206 817 1241 Deo,
835 1210 866 1235 et
882 1204 975 1245 quod
998 1204 1088 1235 Deus
1111 1205 1151 1235 sit
1175 1205 1325 1235 omnium

247 1252 392 1283 factivus.
1311 1290 1313 1292 Ι

300 1296 352 1327 Ad
375 1294 571 1327 evidentiam
602 1295 693 1325 istius
723 1294 968 1335 propositionis,
993 1293 1029 1324 Si
1059 1294 1185 1335 aliquid
1212 1299 1325 1325 natum

245 1347 292 1373 est
312 1351 376 1372 non
400 1340 440 1371 ab
463 1341 530 1371 alio
551 1349 630 1375 esse,
647 1345 695 1370 est
712 1349 775 1380 per
797 1339 936 1380 seipsum
961 1348 1088 1369 necesse
1111 1348 1189 1374 esse,
1214 1338 1325 1370 adver-

245 1386 379 1417 tendum
404 1385 495 1425 quod
518 1395 576 1425 per
599 1394 633 1415 se
656 1393 788 1416 necesse
812 1393 881 1414 esse
905 1383 1022 1414 dicitur
1045 1383 1136 1424 quod
1151 1383 1244 1415 nullo
1261 1384 1325 1415 alio

245 1431 366 1471 indiget
389 1429 430 1461 ad
453 1431 516 1460 hoc
533 1436 569 1460 ut
592 1430 641 1460 sit.
666 1429 741 1460 Hoc
761 1434 871 1459 autem
887 1429 1042 1459 convenit
1058 1429 1087 1459 ei
1104 1428 1196 1469 quod
1211 1434 1325 1460 natum

245 1482 292 1507 est
316 1485 385 1506 esse
408 1484 476 1506 non
500 1475 540 1505 ab
565 1475 644 1505 alio:
669 1475 695 1505 si
719 1474 807 1505 enim
831 1478 939 1514 potest
963 1482 1042 1510 esse,
1060 1479 1092 1504 et
1106 1483 1176 1504 non
1193 1474 1232 1504 ab
1249 1474 1323 1510 alio,

245 1521 284 1552 ad
300 1521 364 1551 hoc
381 1526 417 1550 ut
433 1521 472 1550 sit
488 1519 553 1550 alio
577 1529 645 1550 non
669 1518 802 1559 indiget.
827 1518 905 1549 Ideo
930 1528 1029 1549 omne
1052 1518 1115 1549 tale
1139 1524 1186 1549 est
1210 1528 1268 1559 per
1290 1528 1325 1550 se

244 1575 375 1597 necesse
400 1574 479 1596 esse.

301 1610 454 1651 Septimo.
475 1609 564 1640 Deus
588 1615 635 1640 est
659 1607 931 1649 perfectissimum
947 1618 1004 1639 ens
1027 1613 1059 1639 et
1083 1617 1250 1639 summum
1266 1608 1325 1639 bo-

244 1665 335 1687 num.
360 1655 447 1695 Ergo
471 1659 519 1684 est
542 1655 696 1685 omnibus
726 1663 822 1684 causa
852 1652 996 1684 essendi:
1029 1654 1217 1694 praesertim
1247 1662 1324 1684 cum

244 1710 313 1732 non
336 1701 439 1741 possit
461 1699 524 1730 tale
548 1708 616 1730 esse
640 1699 701 1730 nisi
725 1708 840 1729 unum.
856 1716 879 1721 -—
898 1698 1056 1729 Probatur
1079 1698 1324 1738 consequentia.

245 1746 331 1784 Quia
354 1743 543 1785 imperfecta
571 1744 731 1784 originem
762 1749 896 1774 sumunt
919 1753 937 1773 a
961 1742 1126 1783 perfectis:
1152 1749 1188 1774 ut
1211 1752 1324 1774 semen

245 1791 284 1821 ab
309 1789 449 1820 animali.

299 1834 440 1865 Adverte
470 1833 562 1874 quod
589 1833 709 1864 idcirco
740 1832 862 1864 addidit
892 1832 1029 1863 Sanctus
1048 1833 1204 1869 Thomas,
1223 1842 1324 1873 prae-

243 1879 354 1910 sertim
379 1888 451 1909 cum
476 1888 541 1909 non
561 1877 667 1918 possit
690 1877 756 1907 tale
774 1887 843 1908 esse
859 1877 923 1907 nisi
938 1887 1049 1912 unum,
1067 1878 1155 1917 quia,
1171 1878 1197 1908 si
1217 1883 1324 1908 essent

243 1924 336 1965 plura
360 1923 591 1964 perfectissima
621 1922 707 1952 entia
731 1927 762 1952 et
786 1931 914 1952 summe
947 1922 1043 1958 bona,
1068 1927 1178 1962 posset
1207 1922 1323 1962 aliquis

243 1969 350 1999 dicere
373 1967 464 2008 quod
496 1976 565 1998 non
595 1971 762 2006 oporteret
792 1975 896 1996 unum
923 1966 1056 1997 illorum
1079 1975 1149 1997 esse
1172 1967 1323 1997 omnium

242 2021 383 2048 causam,
400 2011 457 2042 sed
473 2011 635 2042 sufficeret
650 2016 687 2040 ut
702 2010 756 2041 illa
771 2019 899 2041 summe
916 2011 1003 2041 bona
1018 2016 1126 2042 essent
1141 2010 1210 2041 aliis
1226 2020 1323 2042 causa

242 2057 378 2088 essendi.
403 2055 467 2087 Sed
490 2056 517 2087 si
540 2065 703 2096 ponamus
720 2064 824 2086 unum
841 2064 910 2086 esse
926 2054 1093 2086 dumtaxat
1115 2065 1244 2086 summe
1264 2056 1322 2086 bo-

241 2111 332 2138 num,
356 2111 425 2132 non
450 2101 580 2131 habebit
603 2101 683 2131 haec
707 2100 868 2131 cavillatio
893 2100 1016 2131 locum.

297 2146 393 2178 Circa
416 2145 504 2176 illam
528 2145 801 2186 propositionem,
827 2144 1023 2187 Imperfecta
1047 2154 1068 2175 a
1087 2145 1246 2187 perfectis
1267 2154 1322 2176 su-

242 2196 334 2222 munt
356 2190 530 2232 originem,
559 2189 793 2221 advertendum
817 2188 910 2230 quod
932 2189 1012 2221 illud
1035 2190 1132 2220 habet
1155 2190 1323 2221 veritatem

241 2236 422 2268 secundum
446 2235 595 2266 ordinem
620 2244 735 2266 causae
759 2234 942 2265 efficientis:
968 2240 1000 2265 et
1023 2235 1056 2265 in
1080 2235 1144 2265 hoc
1161 2244 1258 2266 sensu
1273 2236 1323 2266 in-

241 2281 355 2321 telligit
378 2290 450 2311 eam
474 2280 611 2311 Sanctus
633 2279 792 2311 Thomas.
822 2278 1012 2310 Secundum
1039 2285 1149 2310 autem
1174 2279 1323 2311 ordinem

242 2335 357 2358 causae
373 2324 546 2356 materialis
563 2330 594 2355 et
610 2325 691 2360 viae,
708 2329 756 2355 est
772 2333 790 2355 e
806 2333 981 2355 converso:
1005 2333 1105 2355 omne
1127 2325 1215 2355 enim
1231 2324 1323 2365 quod

242 2370 389 2412 procedit
413 2369 453 2400 de
478 2369 624 2409 potentia
647 2368 687 2399 ad
711 2374 831 2405 actum,
849 2369 938 2409 prius
959 2369 1105 2410 pervenit
1120 2368 1160 2399 ad
1177 2379 1246 2401 esse
1262 2371 1323 2400 im-

242 2415 424 2456 perfectum
448 2423 547 2454 quam
571 2413 612 2444 ad
635 2423 704 2444 esse
728 2413 920 2454 perfectum.

298 2459 531 2491 Conmmwn
555 2458 672 2489 ultimo
697 2458 867 2490 conclusio
891 2459 1083 2489 auctoritate
1106 2458 1235 2495 Psalmi,
1257 2459 1323 2495 Qui

234 2505 322 2547 fecit
332 2504 458 2536 caelum
471 2508 502 2534 et
514 2509 636 2534 terram
650 2508 728 2540 etc.;
742 2508 774 2534 et
787 2503 881 2534 Ioan.
892 2513 912 2539 1,
929 2502 1049 2534 Omnia
1057 2513 1120 2544 per
1132 2503 1235 2544 ipsum
1248 2510 1321 2541 etc.;

243 2556 274 2580 et
290 2550 383 2580 Rom.
401 2559 441 2585 xi,
458 2548 513 2579 Ex
529 2558 593 2589 quo
611 2547 722 2579 omnia
738 2553 800 2579 etc.

298 2592 523 2624 Excluduntur
546 2602 623 2624 vero
648 2602 705 2633 per
728 2593 792 2623 hoc
816 2602 939 2623 errores
959 2591 1138 2623 dicentium
1161 2592 1322 2633 quaedam

243 2648 381 2679 corpora
404 2647 472 2668 non
496 2638 614 2668 habere
638 2647 769 2668 causam
793 2636 934 2673 essendi;
960 2643 991 2668 et
1015 2637 1194 2668 dicentium
1214 2638 1322 2669 Deum

242 2693 309 2715 non
333 2693 402 2714 esse
427 2691 559 2714 causam
581 2682 778 2713 substantiae
803 2682 893 2718 caeli,
918 2681 975 2713 sed
998 2687 1126 2713 tantum
1148 2688 1270 2714 motus.

298 2728 351 2759 VI.
369 2727 463 2759 Circa
488 2727 641 2758 ultimum
665 2736 819 2763 errorem,
836 2727 1068 2768 praetermissis
1087 2727 1323 2768 multiplicibus

242 2773 419 2804 rationibus
441 2772 562 2813 quibus
585 2772 741 2813 probatur
764 2782 782 2802 a
805 2777 892 2803 recte
914 2772 1128 2803 sentientibus
1151 2771 1192 2803 de
1211 2778 1322 2804 mente

242 2818 423 2849 Aristotelis
439 2826 508 2848 esse
525 2822 557 2848 et
573 2816 851 2848 Commentatoris
874 2816 966 2857 quod
989 2816 1116 2848 caelum
1140 2817 1322 2849 secundum

242 2873 333 2894 suam
357 2862 570 2893 substantiam
593 2863 633 2892 sit
656 2872 674 2892 a
697 2862 802 2902 prima
825 2870 921 2892 causa
950 2861 1158 2901 productum,
1182 2863 1323 2894 occurrit

242 2918 301 2949 pro
325 2907 411 2939 illius
436 2907 552 2938 erroris
576 2905 826 2937 confirmatione
850 2905 987 2937 dubium
1015 2916 1054 2937 ex
1078 2907 1089 2937 I
1114 2906 1207 2938 Caeli
1222 2908 1248 2938 “.
1274 2907 1323 2939 Ex

242 2961 396 2994 processu
413 2952 500 2983 enim
517 2951 700 2982 Aristotelis
715 2951 837 2982 ibidem
857 2951 994 2982 habetur
1009 2951 1099 2992 quod
1116 2961 1216 2983 omne
1231 2953 1322 2993 geni-

242 3004 311 3029 tum
336 3003 384 3029 est
406 2996 618 3037 corruptibile
641 3001 674 3027 et
696 3001 806 3037 potest
830 3005 899 3026 non
916 3005 996 3027 esse.
1021 2996 1085 3027 Sed
1101 2996 1229 3027 nullum
1250 3007 1322 3038 per-

242 3049 379 3084 petuum
409 3047 441 3073 et
467 3041 711 3081 incorruptibile
739 3046 847 3082 potest
873 3043 941 3071 n'on
969 3050 1048 3072 esse.
1078 3041 1164 3082 Ergo
1193 3042 1322 3073 nullum

242 3093 437 3129 perpetuum
461 3092 492 3117 et
516 3086 761 3127 incorruptibile
786 3091 833 3116 est
856 3086 1013 3126 genitum.
1036 3085 1174 3117 Caelum
1194 3092 1242 3118 est
1262 3087 1323 3118 hu-

242 3131 393 3163 iusmodi.
418 3131 506 3172 Ergo
530 3136 591 3161 etc.

297 3177 331 3209 Si
354 3175 479 3208 dicatur
502 3175 594 3217 quod
617 3180 814 3216 perpetuum
844 3184 913 3206 non
943 3180 1051 3215 potest
1080 3185 1148 3207 non
1173 3185 1242 3207 esse
1265 3186 1322 3217 per

243 3222 423 3262 potentiam
447 3221 665 3256 intrinsecam,
689 3219 745 3251 sed
768 3220 852 3250 bene
876 3229 934 3261 per
956 3221 1138 3260 potentiam
1169 3222 1322 3252 extrinse-

244 3276 329 3297 cam:
348 3272 470 3297 contra.
485 3265 572 3304 Quia
587 3265 771 3306 propositio
783 3264 965 3296 Aristotelis
981 3270 1111 3306 sumpta
1126 3275 1186 3306 pro
1203 3266 1322 3297 minori

244 3316 291 3341 est
314 3310 400 3351 apud
423 3311 532 3351 ipsum
556 3309 778 3341 universaliter
800 3319 885 3340 vera.
910 3308 1011 3347 Quod
1035 3315 1160 3341 constat
1184 3320 1222 3341 ex
1247 3311 1321 3347 hoc,

245 3356 319 3395 quia
344 3356 437 3396 ponit
459 3364 585 3396 semper
608 3364 665 3385 ens
689 3360 720 3385 et
745 3363 810 3385 non
834 3363 961 3395 semper
983 3364 1042 3385 ens
1074 3354 1322 3387 contradictorie

245 3401 388 3440 opponi;
413 3406 444 3431 et
467 3409 536 3431 non
561 3408 656 3440 posse
688 3399 794 3431 eidem
825 3399 999 3430 convenire
1019 3400 1175 3440 possibile
1197 3409 1323 3441 semper

246 3453 313 3475 esse
336 3450 367 3475 et
385 3445 540 3485 possibile
557 3454 622 3475 non
639 3453 766 3485 semper
780 3453 857 3479 esse,
875 3444 942 3475 sive
957 3444 1113 3485 possibile
1127 3444 1323 3486 quandoque

248 3498 311 3519 non
340 3499 417 3525 esse,
442 3489 533 3530 quod
563 3489 650 3521 idem
681 3495 738 3520 est.
770 3488 834 3520 Sed
863 3494 1059 3530 perpetuum
1091 3495 1138 3520 est
1167 3490 1322 3530 possibile

247 3542 373 3573 semper
396 3543 474 3565 esse.
506 3534 592 3574 Ergo
617 3535 676 3565 sibi
700 3534 791 3565 nullo
816 3533 918 3565 modo
949 3539 1058 3575 potest
1088 3535 1262 3565 convenire
1286 3540 1322 3565 ut

248 3578 348 3616 possit
371 3578 544 3618 aliquando
568 3588 636 3610 non
660 3588 739 3610 esse.
772 3578 871 3610 Nullo
896 3588 974 3620 ergo
1004 3577 1116 3614 modo.
1141 3578 1321 3610 secundum

248 3621 463 3658 Aristotelem,
488 3623 613 3654 caelum
638 3629 685 3654 est
709 3624 855 3664 genitum
880 3629 934 3655 aut
958 3622 1090 3654 factum.

304 3665 533 3697 Confirmatur.
540 3667 626 3705 Quia
635 3667 894 3704 Commentator,
904 3667 1034 3704 ibidem,
1045 3673 1235 3699 commento
1250 3676 1259 3699 ι
1269 3678 1320 3707 24,

767 276 956 313 SUMMA
985 275 1208 313 CONTRA
1237 275 1514 321 GENTILES,
1544 276 1639 313 LIB.
1661 277 1702 322 ΙΙ,
1733 276 1845 314 CAP.
1867 278 1950 315 XV.

1387 354 1430 384 ait
1453 362 1522 385 esse
1538 363 1603 394 per
1623 364 1659 385 se
1689 360 1802 385 notum
1832 356 1921 397 quod
1950 357 2034 387 illud
2062 358 2150 398 quod
2176 364 2224 390 est
2246 360 2403 400 possibile
2425 362 2466 392 ab

1386 398 1582 434 extrinseco,
1606 404 1655 430 est
1670 400 1829 439 possibile
1851 410 1894 431 ex
1914 410 1960 432 se.
1983 401 2018 433 Si
2041 411 2120 443 ergo
2142 409 2339 443 perpetuum
2359 411 2467 445 potest

1386 452 1455 473 non
1479 452 1548 474 esse
1571 453 1631 484 per
1652 445 1834 484 potentiam
1861 446 2083 483 extrinsecam,
2107 448 2228 488 poterit
2250 457 2318 479 non
2342 458 2411 480 esse
2434 455 2466 480 et

1386 497 1444 528 per
1467 488 1648 528 potentiam
1671 489 1889 520 intrinsecam.
1914 489 2018 522 Cuius
2037 492 2228 532 oppositum
2243 491 2323 524 dicis
2342 493 2465 524 Aristo-

1385 532 1484 563 telem
1508 532 1686 564 intendere.

1442 576 1510 607 VII.
1535 578 1766 618 Respondetur
1788 579 1906 619 primo,
1923 579 2014 621 quod
2033 590 2205 621 processus
2221 581 2402 613 Aristotelis
2418 587 2466 613 est

1385 621 1426 652 ad
1448 622 1655 662 probandum
1679 629 1876 664 perpetuum
1898 633 1967 655 non
1990 634 2060 656 esse
2083 627 2231 666 genitum
2255 626 2288 657 in
2304 632 2464 667 tempore.

1385 666 1523 697 Sanctus
1542 666 1688 698 Thomas
1703 673 1814 699 autem
1840 669 1893 699 hic
1916 678 1985 700 non
2009 669 2087 701 dicit
2110 671 2238 702 caelum
2254 680 2323 702 esse
2342 671 2465 702 factum

1384 711 1419 742 in
1449 716 1613 752 tempore:
1639 711 1696 743 sed
1725 713 1874 744 absolute
1904 723 1975 745 esse
1998 714 2131 752 factum,
2155 716 2222 746 sive
2252 717 2286 747 in
2316 722 2464 757 tempore

1385 754 1507 787 factum
1530 756 1571 786 sit
1594 757 1661 788 sive
1684 757 1724 788 ab
1748 763 1892 788 aeterno.

1440 801 1566 832 Dicitur
1581 801 1737 838 secundo,
1755 802 1846 843 quod
1861 803 2031 843 responsio
2048 802 2131 841 data,
2147 810 2183 835 ut
2198 806 2282 836 bene
2297 806 2463 846 probatur,

1384 854 1452 876 non
1467 851 1516 876 est
1531 845 1571 877 ad
1586 852 1732 877 mentem
1753 847 1936 878 Aristotelis
1951 848 2134 879 secundum
2150 858 2208 880 eos
2223 851 2281 891 qui
2297 850 2338 881 de
2353 857 2463 882 mente

1383 890 1453 920 eius
1477 897 1607 931 ponunt
1630 901 1699 922 esse
1723 891 1815 932 quod
1838 892 1928 923 Deus
1951 892 1992 923 de
2014 894 2205 925 necessitate
2227 900 2361 926 naturae
2380 901 2462 936 agat.

1383 934 1477 971 Nam,
1494 945 1572 967 cum
1587 942 1690 976 ponat
1713 936 1822 967 Deum
1845 946 1940 977 agere
1956 937 1998 969 de
2016 939 2207 970 necessitate
2230 945 2374 977 naturae,
2390 950 2462 981 per-

1382 985 1481 1019 petua
1497 989 1581 1021 quae
1597 986 1673 1012 sunt
1696 991 1714 1012 a
1738 982 1810 1012 Deo
1834 982 1874 1012 ab
1898 987 2031 1013 aeterno
2054 982 2225 1023 producta,
2240 993 2310 1014 non
2325 990 2463 1025 possunt

1382 1023 1528 1056 desinere
1544 1034 1613 1056 esse
1629 1035 1688 1066 per
1702 1026 1958 1057 subtractionem
1981 1026 2124 1058 influxus
2147 1028 2263 1059 divini:
2287 1030 2366 1069 quia
2380 1030 2463 1060 sicut

1382 1069 1472 1100 Deus
1487 1079 1556 1100 non
1573 1071 1682 1111 potuit
1705 1080 1774 1102 non
1797 1071 1993 1112 producere,
2006 1072 2050 1102 ita
2065 1082 2134 1103 non
2149 1078 2259 1113 potest
2273 1082 2370 1104 suum
2386 1075 2462 1105 sub-

1381 1114 1506 1145 trahere
1534 1114 1705 1146 influxum.
1736 1115 1789 1146 Ad
1815 1117 1975 1147 maiorem
2006 1125 2083 1157 ergo
2115 1119 2297 1158 argumenti
2328 1127 2462 1159 respon-

1381 1157 1476 1190 detur
1497 1159 1590 1200 quod
1604 1169 1698 1190 mens
1714 1159 1896 1192 Aristotelis
1919 1166 1968 1192 est
1990 1170 2090 1193 omne
2113 1163 2261 1202 genitum
2285 1168 2317 1194 et
2341 1162 2462 1195 factum

1381 1204 1415 1234 in
1438 1208 1587 1244 tempore
1611 1214 1681 1235 esse
1705 1206 1915 1246 corruptibile
1937 1211 2005 1236 tam
2029 1216 2067 1237 ex
2092 1207 2272 1238 extrinseco
2299 1217 2400 1249 quam
2423 1218 2462 1239 ex

1379 1257 1428 1278 se:
1452 1248 1516 1279 hoc
1540 1250 1629 1280 enim
1653 1248 1780 1281 dicebat
1800 1255 1913 1281 contra
1929 1251 2100 1282 Platonem
2118 1258 2300 1292 ponentem
2323 1261 2462 1294 corpora

1380 1292 1530 1324 caelestia
1545 1303 1614 1325 esse
1630 1294 1813 1326 secundum
1834 1305 1868 1326 se
1892 1296 2115 1336 corruptibilia
2137 1296 2195 1328 sed
2217 1297 2258 1327 ab
2281 1298 2462 1329 extrinseco

1380 1346 1449 1368 esse
1469 1338 1727 1379 incorruptibilia
1739 1340 1770 1376 “;
1788 1346 1820 1370 et
1842 1340 2039 1381 loquebatur
2061 1340 2102 1372 de
2126 1340 2212 1372 facto
2229 1347 2262 1372 et
2276 1343 2387 1383 genito
2404 1352 2463 1384 per

1379 1384 1694 1415 transmutationem.
1719 1383 1826 1421 Unde,
1842 1385 1883 1416 ad
1898 1385 1988 1416 hunc
2003 1394 2136 1416 sensum
2159 1386 2299 1417 admissa
2322 1388 2460 1424 minore,

1378 1427 1501 1459 scilicet
1516 1428 1608 1468 quod
1628 1428 1757 1460 nullum
1780 1432 1978 1470 perpetuum
1993 1435 2102 1471 potest
2116 1439 2186 1462 non
2201 1440 2272 1462 esse
2287 1440 2346 1472 per
2359 1437 2462 1463 trans-

1379 1473 1605 1510 mutationem,
1630 1473 1823 1505 conceditur
1845 1473 1938 1515 quod
1959 1475 2089 1506 nullum
2115 1481 2313 1516 perpetuum
2340 1482 2387 1507 est
2414 1476 2461 1508 fa-

1379 1523 1469 1548 cturn
1484 1527 1542 1558 per
1562 1519 1877 1556 transmutationem,
1893 1528 2002 1560 neque
2027 1525 2075 1550 est
2097 1519 2220 1551 factum
2243 1521 2277 1552 in
2299 1526 2460 1563 tempore,

1379 1572 1487 1603 neque
1511 1563 1609 1596 etiam
1633 1564 1771 1595 caelum.
1803 1563 1866 1595 Sed
1898 1564 1978 1595 haec
2007 1564 2146 1596 intentio
2176 1565 2358 1597 Aristotelis
2380 1575 2462 1597 con-

1379 1607 1518 1638 clusioni
1542 1607 1651 1639 Sancti
1667 1608 1818 1640 Thomae
1842 1618 1910 1640 non
1934 1608 2130 1640 adversatur.
2153 1610 2230 1641 Non
2253 1611 2341 1642 enim
2364 1612 2461 1652 poni-

1378 1662 1452 1683 mus
1475 1653 1604 1684 caelum
1627 1662 1685 1694 per
1713 1654 2017 1685 transmutationem
2047 1654 2184 1686 alicuius
2213 1657 2368 1687 materiae
2391 1666 2462 1688 esse

1379 1697 1511 1734 factum,
1528 1697 1585 1729 sed
1601 1707 1659 1738 per
1681 1699 1865 1740 simplicem
1889 1700 2141 1730 emanationem.
2165 1699 2283 1741 Neque
2303 1701 2460 1733 hocloco

1379 1742 1516 1773 intendit
1539 1742 1676 1774 Sanctus
1692 1743 1840 1775 Thomas
1862 1744 2000 1784 probare
2024 1744 2116 1785 quod
2136 1746 2248 1777 omnia
2269 1746 2333 1776 sint
2353 1755 2371 1776 a
2386 1746 2460 1778 Deo

1378 1788 1411 1818 in
1428 1793 1591 1828 tempore:
1609 1788 1666 1819 sed
1682 1788 1829 1820 absolute
1845 1788 1937 1829 quod
1952 1789 2064 1820 omnia
2079 1789 2119 1820 ab
2135 1790 2208 1831 ipso
2224 1790 2363 1822 habeant
2378 1800 2458 1823 esse.

1433 1831 1485 1863 Ad
1509 1831 1795 1864 confirmationem
1825 1843 1864 1864 ex
1895 1833 1999 1864 verbis
2029 1833 2318 1872 Commentatoris‚
2342 1835 2460 1868 dicitur

1378 1876 1495 1908 eodem
1519 1877 1632 1908 modo.

1434 1921 1517 1952 Vlll.
1534 1921 1599 1952 Sed
1622 1921 1749 1952 videtur
1772 1921 1864 1963 quod
1886 1922 1967 1953 haec
1990 1923 2162 1963 responsio
2184 1933 2254 1955 non
2277 1923 2458 1956 satisfaciat.

1377 1966 1507 2006 Accipit
1522 1966 1611 1997 enim
1627 1966 1818 1998 Aristoteles
1833 1967 1982 2007 genitum
1998 1972 2030 1998 et
2046 1967 2257 2008 corruptibile
2277 1968 2459 2000 secundum

1377 2010 1469 2051 quod
1499 2017 1717 2051 opponuntur
1745 2011 1892 2051 ingenito
1923 2016 1955 2042 et
1984 2012 2234 2053 incorruptibili,
2266 2022 2352 2054 quae
2381 2013 2461 2046 dicit

1376 2055 1460 2086 inter
1482 2064 1517 2086 se
1541 2056 1699 2087 converti.
1723 2054 1863 2087 Constat
1888 2062 1999 2088 autem
2023 2056 2125 2097 quod,
2149 2057 2238 2098 apud
2266 2059 2386 2099 ipsum,
2409 2059 2460 2090 in-

1375 2101 1523 2140 genitum
1547 2100 1664 2132 dicitur
1688 2100 1781 2142 quod
1795 2100 1888 2132 nullo
1907 2101 2011 2132 modo
2027 2102 2173 2144 incoepit
2190 2112 2270 2140 esse,
2286 2109 2319 2134 et
2338 2102 2379 2134 de
2393 2113 2459 2145 quo

1377 2155 1443 2176 non
1463 2150 1573 2186 potest
1595 2145 1660 2176 dici
1682 2145 1772 2187 quod
1794 2155 1882 2176 nunc
1905 2151 1953 2177 est
1974 2151 2006 2178 et
2022 2147 2120 2188 prius
2147 2157 2214 2178 non
2235 2147 2329 2190 suit:
2351 2149 2459 2180 incor-

1377 2190 1529 2230 ruptibile
1553 2195 1662 2221 autem
1686 2190 1804 2222 dicitur
1826 2190 1918 2232 quod
1941 2191 2034 2222 nullo
2057 2190 2160 2223 modo
2183 2197 2292 2233 potest
2311 2192 2459 2225 desinere

1377 2244 1457 2271 esse,
1474 2240 1506 2266 et
1527 2234 1568 2266 de
1589 2245 1654 2276 quo
1679 2245 1745 2266 non
1763 2240 1873 2276 potest
1886 2235 1960 2272 dici.
1978 2245 2066 2267 nunc
2088 2241 2137 2268 est
2159 2241 2192 2268 et
2206 2238 2376 2278 posterius
2391 2247 2458 2269 non

1377 2280 1448 2311 erit.
1463 2279 1550 2320 Ergo
1567 2285 1599 2311 et
1609 2281 1768 2321 genitum,
1780 2280 1868 2321 apud
1884 2281 2003 2322 ipsum,
2016 2280 2134 2313 dicitur
2148 2282 2240 2323 quod
2252 2283 2365 2323 incipit
2377 2292 2457 2321 esse,

1377 2324 1696 2366 quomodocumque
1720 2325 1914 2366 incoeperit:
1938 2326 2149 2367 corruptibile
2167 2332 2277 2358 autem
2293 2327 2384 2368 quod
2399 2327 2458 2359 ali-

1377 2369 1511 2410 quando
1535 2370 1670 2406 desinet,
1695 2370 2014 2412 quomodocumque
2037 2371 2101 2402 hoc
2124 2371 2175 2402 sit.

1432 2414 1662 2455 Respondetur
1693 2414 1784 2455 quod
1815 2416 1930 2456 utique
1959 2416 2012 2447 isti
2041 2416 2172 2447 termini
2199 2417 2246 2447 sic
2275 2416 2458 2458 accipiendi

1376 2465 1452 2490 sunt
1467 2458 1508 2490 ad
1523 2465 1668 2491 mentem
1685 2460 1876 2491 Aristotelis.
1889 2459 1954 2492 Sed
1969 2466 2088 2498 tamen,
2106 2461 2183 2502 quia
2198 2461 2324 2502 antiqui
2339 2467 2458 2503 poetae

1376 2504 1643 2544 theologizantes,
1672 2510 1786 2536 contra
1815 2514 1900 2545 quos
1930 2505 2094 2546 arguebat,
2125 2511 2158 2537 et
2187 2505 2290 2543 Plato,
2321 2512 2359 2538 ut
2387 2507 2458 2538 eius

1377 2549 1474 2580 verba
1497 2549 1707 2589 praetendere
1730 2549 1923 2581 videbantur
1944 2551 1979 2581 in
2006 2550 2139 2582 Timaeo
2156 2551 2183 2587 “,
2200 2550 2280 2582 dum
2296 2551 2366 2582 vult
2384 2552 2458 2583 uni-

1376 2594 1459 2625 versi
1483 2593 1633 2625 ordinem
1656 2604 1695 2625 ex
1722 2594 1892 2625 elementis
1921 2594 2111 2626 inordinatis
2139 2594 2261 2627 factum
2284 2605 2365 2635 esse,
2388 2605 2458 2628 non

1375 2639 1543 2680 ponebant
1572 2639 1634 2670 nisi
1664 2638 1917 2679 productionem
1941 2645 1974 2671 et
1995 2639 2190 2671 desitionem
2213 2650 2299 2683 quae
2323 2646 2371 2672 est
2399 2650 2459 2682 per

1376 2684 1697 2720 transmutationem;
1721 2683 1797 2715 ideo
1821 2683 1909 2725 apud
1931 2685 2021 2725 ipsos
2045 2684 2132 2716 idem
2155 2691 2223 2717 erat
2245 2685 2338 2717 nullo
2354 2685 2457 2718 modo

1376 2729 1520 2769 incipere
1544 2738 1624 2765 esse,
1649 2734 1681 2760 et
1704 2738 1773 2760 non
1796 2729 1940 2770 incipere
1964 2739 2033 2760 esse
2056 2739 2116 2771 per
2137 2731 2456 2768 transmutationem;

1376 2779 1409 2804 et
1431 2773 1587 2810 similiter,
1611 2774 1757 2814 incipere
1787 2783 1856 2805 esse
1885 2774 2043 2811 absolute,
2067 2780 2100 2806 et
2128 2775 2273 2816 incipere
2303 2785 2373 2807 esse
2400 2785 2458 2817 per

1375 2818 1694 2854 transmutationem;
1719 2823 1752 2849 et
1775 2818 1894 2850 eodem
1916 2819 2019 2851 modo
2036 2819 2076 2851 de
2092 2818 2264 2852 desitione.
2288 2819 2366 2852 Ideo
2382 2820 2457 2852 Phi—

1377 2863 1535 2904 losophus
1559 2869 1671 2894 contra
1694 2864 1784 2904 ipsos
1807 2864 1911 2904 arguit
1934 2873 2003 2895 non
2030 2867 2126 2906 posse
2157 2874 2226 2896 esse
2257 2865 2380 2906 aliquid
2402 2874 2458 2906 ge-

1376 2909 1482 2939 nitum
1506 2914 1538 2939 et
1561 2908 1822 2949 incorruptibile:
1847 2909 1925 2950 quia
1948 2918 2048 2940 omne
2070 2910 2218 2950 genitum
2241 2915 2372 2951 oportet
2387 2919 2458 2942 esse

1377 2953 1587 2994 corruptibile
1611 2962 1669 2994 per
1691 2954 1996 2984 transmutationem
2019 2953 2202 2986 secundum
2229 2956 2349 2987 eorum'
2369 2955 2457 2996 posi-

1376 2998 1512 3034 tionem,
1536 2998 1619 3029 sicut
1642 3007 1702 3039 per
1724 2998 2027 3030 transmutationem
2051 2999 2165 3039 incipit
2188 3008 2274 3036 esse;
2300 3005 2332 3031 et
2346 3000 2456 3032 sinon

1376 3043 1501 3083 incipit.
1514 3051 1584 3074 esse
1614 3052 1673 3083 per
1701 3043 1958 3083 generationem,
1982 3044 2075 3075 nullo
2101 3043 2204 3076 modo
2232 3054 2312 3076 essev
2331 3045 2457 3085 incipit.

1377 3086 1567 3119 Secundum
1583 3088 1750 3119 veritatem
1766 3093 1887 3124 autem,
1901 3094 1933 3119 et
1947 3088 2131 3120 secundum
2146 3090 2340 3130 opinionem
2355 3090 2457 3131 ipsius

1377 3132 1568 3169 Aristotelis,
1585 3138 1694 3173 potest
1716 3132 1840 3173 aliquid
1864 3142 1934 3164 esse
1958 3132 2080 3165 factum
2097 3143 2155 3174 per
2168 3134 2351 3175 simplicem
2368 3142 2456 3166 ema-

1377 3178 1555 3213 nationem,
1580 3182 1612 3208 et
1642 3186 1711 3208 esse
1742 3178 1987 3219 incorruptibile
2018 3179 2057 3209 ab
2085 3179 2272 3215 intrinseco,
2300 3184 2455 3219 tanquam

1377 3221 1505 3253 nullum
1537 3222 1659 3253 habens
1687 3222 1720 3253 in
1747 3231 1782 3254 se
1809 3223 2007 3263 principium
2037 3223 2270 3264 corruptionis:
2301 3229 2338 3254 ut
2366 3229 2456 3263 patet

1378 3266 1418 3298 de
1442 3267 1550 3298 anima
1566 3266 1762 3298 intellectiva
1781 3273 1812 3298 et
1828 3267 2058 3308 intelligentiis,
2075 3268 2101 3298 si
2117 3272 2291 3309 ponantur,
2307 3267 2348 3299 ad
2363 3277 2456 3299 men·

1377 3317 1443 3343 tem
1468 3311 1659 3347 Aristotelis,
1682 3321 1752 3343 esse
1773 3311 1933 3353 producta
1953 3322 1973 3343 a
1993 3312 2066 3344 Deo
2087 3311 2243 3343 effective.
2263 3330 2286 3335 —-
2303 3312 2391 3344 Istud
2407 3318 2456 3344 est

1377 3362 1537 3397 quantum
1561 3356 1601 3387 ad
1625 3362 1770 3387 mentem
1799 3357 1991 3388 Aristotelis.
2015 3357 2065 3388 De
2092 3365 2160 3397 quo
2188 3357 2285 3388 etiam
2309 3356 2454 3394 inferius,

1377 3410 1448 3441 cap.
1466 3411 1569 3438 mxxxi,
1594 3410 1701 3432 sermo
1726 3400 1791 3432 fiet.

1434 3445 1486 3477 IX.
1512 3445 1682 3484 Quantum
1706 3451 1816 3478 autem
1838 3444 1880 3477 ad
1902 3445 1987 3486 ipsas
2011 3446 2253 3486 propositiones
2279 3447 2313 3477 in
2337 3456 2381 3483 se,
2407 3446 2455 3478 di-

1377 3491 1459 3521 citur
1482 3490 1522 3522 ad
1546 3491 1703 3522 maiorem
1731 3489 1832 3532 quod,
1857 3490 1884 3521 si
1906 3490 2037 3521 termini
2059 3490 2379 3531 proportionabiliter
2401 3500 2454 3523 su-

1376 3540 1515 3571 mantur,
1532 3545 1606 3566 vera
1630 3540 1688 3566 est.
1712 3535 1746 3567 Si
1770 3535 1858 3566 enim
1881 3534 2057 3575 accipiatur
2079 3535 2226 3575 genitum
2248 3536 2315 3567 sive
2332 3535 2453 3568 factum

1376 3585 1412 3610 ut
1435 3579 1522 3611 idem
1546 3585 1595 3611 est
1618 3579 1709 3621 quod
1727 3589 1791 3621 per
1813 3579 2119 3610 transmutationem
2137 3580 2347 3621 productum,
2365 3586 2397 3612 et
2412 3581 2454 3611 si-

1376 3623 1494 3656 militer
1510 3624 1718 3666 corruptibile
1735 3630 1767 3655 et
1783 3633 1879 3664 posse
1895 3633 1964 3655 non
1980 3634 2049 3655 esse
2060 3634 2124 3665 per
2138 3625 2453 3662 transmutationem,

1377 3678 1476 3700 omne
1493 3669 1614 3700 factum
1630 3674 1738 3710 potest
1761 3678 1829 3700 non
1853 3678 1933 3700 esse.
1958 3668 1991 3700 Si
2015 3670 2111 3700 etiam
2141 3670 2316 3711 accipiatur
2332 3669 2454 3701 factum

2489 1342 2498 1351 ·
2510 1341 2631 1368 Timaeus,
2641 1347 2668 1368 ⁴¹
2679 1346 2703 1367 a,

2488 1375 2516 1395 υς
2529 1366 2603 1390 Didot
2615 1373 2643 1396 p.
2653 1372 2703 1390 an.

2484 2555 2494 2565 ·
2513 2553 2551 2577 Cf.
2564 2559 2624 2584 μη
2643 2553 2697 2576 ΒΜ.

2485 2587 2509 2610 Ρ·
2524 2587 2575 2611 ²⁰⁵·
