2742 4152
19 2208 125 2256 {Cfgm
136 2213 232 2247 meaa-3

18 2262 194 2310 ssh‘ffipthlii
210 2268 230 2283 ⁵·

275 256 323 294 36
871 252 1060 290 SUMMA
1089 252 1311 290 CONTRA
1341 252 1618 302 GENTILES,
1649 254 1762 293 CAP.
1782 254 1877 293 XIII.

270 335 386 370 anima,
403 338 439 364 ut
454 337 528 363 sunt
543 331 766 366 intellectivae,
783 329 840 361 sed
860 340 988 372 semper
1002 331 1064 361 illis
1086 336 1134 362 est
1149 331 1338 368 coniuncta;

271 388 346 409 cum
362 387 428 408 non
444 386 502 417 per
517 376 679 406 actionem
698 374 840 405 mediam
855 375 1085 416 producantur,
1102 375 1159 407 sed
1175 385 1232 417 per
1247 381 1338 407 natu·

268 423 368 453 ralem
383 421 558 461 sequelam.
582 420 659 451 Non
677 421 866 451 inconvenit
889 426 998 452 autem
1014 420 1105 461 quod
1125 420 1213 452 idem
1229 427 1339 452 causet

269 465 391 506 aliquid
420 466 455 495 in
484 475 518 496 se
544 474 602 505 per
631 464 811 496 naturalem
841 466 1094 502 resultationem,
1124 472 1156 496 et
1183 466 1275 507 quod
1299 466 1339 496 sit

267 510 463 551 principium
486 510 571 540 illius
594 510 789 550 inquantum
804 510 901 541 habet
920 511 1043 552 aliquid
1061 511 1261 548 actualitatis,
1285 520 1338 541 su-

268 556 410 585 biectum
425 563 503 585 vero
526 555 722 595 inquantum
737 565 806 589 non
827 561 875 586 est
890 556 1026 597 simplex
1049 561 1139 586 actus
1162 555 1219 586 sed
1242 555 1339 586 habet

268 598 389 639 aliquid
403 599 661 639 potentialitan's:
686 602 769 633 sicut
785 601 892 632 anima
914 601 949 631 in
970 600 1084 631 ordine
1099 600 1140 631 ad
1155 610 1253 631 suum
1269 609 1338 631 esse

266 644 362 674 habet
384 644 543 675 rationem
566 646 741 684 potentiae.
766 646 830 679 Sed
853 646 936 676 bene
952 646 1152 686 impossibile
1176 651 1224 676 est
1247 643 1338 685 quod

266 687 388 728 aliquid
404 694 514 719 causet
528 689 562 719 in
579 698 612 720 se
628 689 771 731 aliquam
786 691 926 722 formam
941 699 999 731 per
1014 691 1178 721 actionem
1191 695 1222 721 et
1237 694 1338 720 trans—

266 733 481 764 mutationem
503 733 660 765 mediam:
689 737 766 776 quia
788 737 853 767 hoc
877 736 1034 776 supponit
1056 744 1126 765 rem
1148 734 1245 765 simul
1269 743 1338 764 esse

266 778 301 808 in
324 783 398 808 actu
422 784 454 808 et
476 778 509 808 in
533 779 680 819 potentia
702 786 828 812 remota
850 780 889 810 ab
913 785 998 810 actu.

322 821 566 853 Advertendum
595 829 715 862 tamen,
747 835 824 857 curn
854 824 991 855 dicimus
1021 823 1108 854 idem
1140 833 1209 854 non
1241 831 1338 863 posse

266 876 335 897 esse
351 876 488 898 movens
504 873 536 898 et
550 874 690 906 motum,
704 879 800 910 agens
816 875 848 900 et
863 869 997 909 patiens,
1014 873 1164 908 respectu
1180 867 1336 903 eiusdem,

265 911 358 952 quod
379 921 449 942 non
471 912 680 953 intelligimus
703 914 743 945 de
763 914 928 945 identitate
944 913 1120 953 suppositi:
1145 912 1233 943 idem
1249 912 1337 943 enim

266 957 473 996 suppositum
500 962 608 997 potest
637 967 706 989 esse
735 969 831 1002 agens
859 963 891 988 et
917 958 1051 997 patiens.
1083 956 1147 988 Sed
1170 957 1338 997 loquimur

265 1000 307 1031 de
322 1000 487 1032 identitate
511 1001 653 1033 formalis
668 1004 819 1044 principii
838 1001 954 1042 agendi
970 1007 1002 1032 et
1017 1000 1174 1042 patiendi:
1199 1001 1337 1032 dicimus

265 1045 354 1075 enim
382 1045 473 1086 quod
501 1055 570 1076 non
598 1052 705 1087 potest
734 1057 839 1079 unum
862 1052 894 1077 et
921 1046 1009 1077 idem
1040 1055 1110 1077 esse
1139 1046 1337 1087 principium

264 1089 381 1130 agendi
405 1095 437 1120 et
459 1090 602 1131 patiendi
625 1098 773 1132 respectu
797 1090 953 1123 eiusdem.

322 1134 374 1164 IX.
400 1133 494 1165 Circa
516 1136 654 1176 primam
676 1137 836 1168 rationem
857 1145 921 1177 qua
942 1135 1097 1176 probatur
1119 1144 1189 1166 non
1213 1144 1283 1166 esse
1303 1136 1337 1165 in

264 1179 472 1209 moventibus
488 1185 519 1210 et
534 1181 631 1211 motis
646 1190 836 1221 processum
851 1181 885 1211 in
900 1179 1075 1217 infinitum,
1092 1179 1265 1211 dubitatur.
1281 1180 1338 1210 vi-

265 1222 358 1254 detur
374 1224 461 1254 enim
479 1224 626 1255 inefficax
642 1235 721 1256 esse.
746 1226 823 1257 Non
839 1226 927 1256 enim
942 1226 1098 1266 sequitur,
1115 1225 1142 1255 si
1157 1224 1213 1255 fiat
1233 1234 1338 1256 unum

264 1268 458 1298 continuum
482 1278 520 1299 ex
542 1269 675 1301 infinitis
690 1280 829 1302 numero
852 1270 1039 1307 mobilibus,
1056 1269 1148 1311 quod
1167 1279 1254 1300 unus
1276 1279 1337 1300 nu-

263 1321 355 1342 mero
382 1318 492 1343 motus
515 1314 555 1344 sit
577 1314 723 1346 infinitus
746 1316 780 1346 in
803 1321 951 1356 tempore
974 1314 1078 1352 finito,
1102 1314 1272 1355 loquendo
1297 1313 1338 1345 de

263 1362 357 1387 motu
373 1356 500 1388 infinito
524 1359 706 1391 secundum
723 1360 814 1401 quod
833 1365 941 1391 totum
958 1369 1076 1400 corpus
1100 1359 1264 1391 infinitum
1281 1359 1338 1390 ali-

262 1401 354 1441 quod
370 1403 510 1442 spatium
525 1406 705 1444 pertransit,
721 1405 755 1436 in
772 1415 840 1446 quo
856 1414 954 1436 sensu
969 1404 1012 1435 Vl
1028 1404 1245 1446 Physicorum
1261 1413 1337 1445 pro-

263 1446 356 1476 batur
378 1447 500 1478 mobile
522 1447 686 1480 infinitum
709 1459 777 1480 non
798 1459 894 1490 posse
913 1450 1038 1480 moveri
1061 1455 1210 1490 tempore
1233 1448 1336 1480 finito.

263 1490 432 1522 Diceretur
443 1492 531 1523 enim
543 1493 644 1534 quod,
657 1495 684 1525 si
699 1495 762 1525 sint
777 1493 902 1525 infinita
913 1494 1078 1525 moventia
1093 1499 1126 1525 et
1140 1499 1231 1525 mota
1246 1503 1338 1535 sepa-

262 1540 329 1566 rata
345 1541 376 1566 et
392 1535 550 1574 distincta,
567 1538 686 1570 eodem
705 1544 854 1580 tempore
869 1538 963 1570 finito
980 1539 1091 1570 omnia
1106 1539 1336 1575 movebuntur,

263 1579 319 1610 sed
334 1589 404 1611 non
419 1583 674 1621 pertranseundo
695 1583 832 1615 eandem
848 1583 1106 1624 magnitudinem
1129 1582 1264 1620 finitam,
1281 1583 1338 1614 sed

263 1624 359 1655 aliam
382 1630 414 1655 et
437 1625 541 1657 aliam.
571 1627 711 1659 Tantam
738 1629 825 1659 enirn
852 1627 1111 1669 magnitudinem
1134 1628 1338 1669 pertransibit

264 1668 355 1709 quod
377 1669 494 1701 ultimo
518 1678 669 1703 movetur
691 1673 725 1704 in
746 1678 837 1704 tanto
855 1678 1020 1714 tempore;
1044 1678 1076 1703 et
1099 1673 1269 1713 aequalem
1291 1672 1338 1703 illi

263 1714 298 1744 in
318 1713 435 1744 eodem
458 1719 606 1756 tempore
621 1727 757 1748 movens
777 1718 963 1758 proximum
978 1718 1191 1758 pertransibit,
1215 1718 1242 1748 si
1264 1726 1338 1748 mo-

263 1767 342 1788 vens
369 1759 483 1790 mobili
505 1761 703 1802 applicatum
729 1761 810 1793 illud
832 1767 963 1793 moveat
989 1767 1084 1792 motu
1106 1767 1207 1798 recto,
1231 1762 1337 1804 sitque

264 1802 409 1834 eiusdem
421 1806 606 1844 quantitatis
622 1815 698 1837 cum
714 1806 781 1843 illo,
795 1812 827 1837 et
842 1806 883 1837 ad
898 1807 968 1837 eius
984 1807 1218 1838 extremitatem
1234 1806 1337 1847 appli-

264 1852 364 1884 cetur,
380 1848 463 1878 sicut
478 1849 504 1879 si
519 1850 653 1882 baculus
669 1851 766 1882 unius
785 1851 886 1882 cubiti
902 1851 1056 1882 baculum
1072 1851 1218 1882 eiusdem
1234 1860 1337 1892 quan-

262 1892 359 1922 titatis
374 1892 518 1932 pelleret.
535 1894 663 1926 Eodem
678 1895 780 1926 modo
797 1896 823 1926 si
838 1896 1088 1936 imaginaremur
1100 1905 1138 1926 ex
1154 1895 1216 1926 illis
1231 1905 1336 1926 unum

263 1937 457 1967 continuum
479 1937 559 1975 fieri,
584 1949 652 1971 non
671 1945 860 1981 sequeretur
882 1941 991 1980 ipsum
1014 1945 1122 1971 totum
1140 1939 1234 1971 finito
1254 1945 1336 1970 tem-

260 1990 342 2021 pore
354 1990 452 2012 unam
468 1985 659 2022 pertransire
670 1984 942 2025 magnitudinem:
959 1983 1017 2015 sed
1028 1985 1097 2015 eius
1113 1989 1218 2025 partes
1230 1983 1336 2015 finitas

260 2025 441 2056 secundum
460 2029 673 2067 quantitatem
696 2028 935 2069 magnitudines
951 2028 1090 2059 diversas
1110 2028 1216 2059 finitas
1232 2037 1336 2069 quan-

260 2070 359 2106 titate,
382 2079 521 2102 numero
545 2078 654 2104 autem
677 2073 828 2110 infinitas,
847 2072 941 2104 finito
964 2078 1113 2114 tempore
1133 2074 1335 2114 pertransire,

259 2114 303 2145 ita
322 2114 413 2155 quod
435 2125 653 2158 unaquaeque
667 2127 741 2158 pars
764 2118 834 2149 eius
857 2117 947 2149 finita
962 2117 1092 2149 finitum
1112 2117 1247 2158 aliquod
1263 2127 1335 2158 spa-

259 2159 342 2190 tium
360 2162 574 2200 pertransiret.
599 2162 700 2201 Quod
720 2162 853 2204 quidem
869 2163 944 2193 licet
967 2163 1006 2193 sit
1029 2162 1241 2203 impossibile,
1259 2171 1335 2193 cum

259 2204 415 2244 probetur
430 2205 469 2235 ab
485 2205 668 2244 Aristotele,
686 2207 727 2238 111
744 2207 873 2248 Physic.
886 2208 904 2224 ⁴*
924 2212 956 2238 et
973 2207 984 2238 1
1004 2207 1097 2238 Caeli
1108 2208 1153 2244 “,
1170 2206 1335 2238 infinitum

260 2249 385 2279 moveri
408 2258 477 2280 non
499 2259 614 2291 posse;
637 2258 746 2283 tamen
770 2252 822 2282 hic
850 2261 919 2283 non
942 2251 1069 2283 videtur
1095 2251 1134 2282 ab
1161 2251 1335 2283 Aristotele

260 2292 394 2330 intendi,
422 2303 498 2324 cum
527 2295 561 2326 in
584 2295 627 2326 Vl
651 2296 867 2338 Phys-icarum
898 2297 986 2327 hunc
1017 2305 1149 2327 sensum
1179 2305 1248 2327 nou
1279 2297 1335 2327 ha-

261 2339 375 2375 buerit,
400 2338 532 2378 quando
555 2341 705 2381 probavit
727 2340 892 2372 infinitum
915 2340 1009 2372 finito
1036 2346 1185 2382 tempore
1211 2341 1336 2372 moveri

261 2392 330 2414 non
353 2392 460 2423 posse.

317 2427 467 2458 Dicerem
500 2437 572 2468 ego,
605 2429 694 2460 salvo
725 2430 852 2461 meliori
882 2429 1015 2466 iudicio,
1046 2429 1137 2470 quod
1163 2430 1224 2460 ista
1253 2430 1334 2460 ratio

260 2472 441 2503 Aristotelis
471 2473 568 2504 habet
597 2474 710 2505 locum
737 2475 770 2505 in
801 2479 895 2505 motu
927 2474 1073 2505 circulari
1100 2480 1238 2511 tantum,
1266 2483 1335 2515 quo

261 2525 365 2547 unum
381 2526 500 2558 corpus
524 2518 677 2550 circulare
700 2519 740 2550 ab
764 2519 827 2550 alio
845 2524 1036 2550 contentum
1053 2519 1249 2550 circulariter
1264 2528 1335 2550 mo-

261 2566 364 2598 vetur,
380 2562 424 2592 ita
440 2562 531 2603 quod
547 2564 658 2594 omnia
673 2563 791 2595 eodem
807 2569 901 2595 motu
921 2563 1038 2594 diurno
1054 2569 1239 2600 moventur,
1251 2564 1336 2594 sicut

261 2605 377 2637 accidit
399 2607 432 2637 in
456 2607 598 2647 sphaeris
622 2608 822 2640 caelestibus.
851 2608 1076 2640 Consideravit
1099 2609 1188 2639 enim
1210 2609 1335 2639 Aristo-

260 2650 338 2681 teles
354 2652 494 2682 universi
510 2652 669 2690 ordinem,
682 2653 715 2684 in
732 2663 799 2695 quo
817 2653 976 2684 elementa
992 2653 1031 2683 ab
1048 2653 1126 2684 orbe
1142 2653 1239 2684 lunae
1255 2662 1335 2684 con-

260 2696 412 2732 tinentur,
429 2705 632 2738 corporaque
652 2698 799 2729 caelestia
822 2707 856 2729 se
880 2698 1059 2733 continent,
1081 2703 1113 2728 et
1137 2698 1247 2728 omnia
1270 2698 1335 2728 sin-

259 2740 342 2780 gulis
358 2740 470 2771 diebus
486 2742 526 2772 ab
550 2743 675 2773 oriente
697 2743 731 2774 in
751 2742 954 2774 occidentem
978 2748 1152 2774 moventur
1167 2742 1334 2774 redeundo

260 2784 300 2815 ad
316 2786 484 2822 orientem,
501 2787 544 2816 ita
560 2787 651 2827 quod
667 2788 793 2829 aequali
812 2793 961 2828 tempore
977 2793 1009 2818 et
1023 2787 1176 2818 inferiora
1192 2792 1223 2818 et
1239 2796 1335 2828 supe-

260 2830 344 2860 riora
370 2830 425 2861 tali
449 2836 542 2862 motu
569 2838 758 2863 moventur:
783 2833 817 2863 in
840 2832 979 2873 illisque,
1003 2837 1119 2873 utpote
1142 2832 1335 2863 habentibus

261 2875 462 2906 essentialem
485 2875 633 2907 ordinem
656 2877 690 2907 in
714 2876 891 2914 movendo,
908 2877 1056 2918 probavit
1078 2886 1147 2908 non
1172 2886 1240 2907 esse
1259 2886 1335 2917 pro-

260 2928 388 2950 cessum
406 2920 440 2950 in
459 2919 634 2952 infinitum.
659 2921 814 2963 Beneque
834 2922 989 2963 sequitur,
1006 2921 1032 2952 si
1049 2931 1087 2952 ex
1109 2920 1245 2952 infinitis
1263 2931 1335 2952 cor-

260 2964 394 3004 poribus
409 2964 512 2995 taliter
533 2965 630 2996 motis
649 2975 753 2997 unum
777 2967 972 2997 continuum
988 2975 1107 3006 corpus
1126 2965 1227 3002 fieret,
1244 2965 1335 3007 quod

261 3007 423 3039 infinitum
446 3014 594 3050 tempore
616 3009 710 3041 finito
734 3017 920 3042 moveretur
943 3010 1077 3052 aliquod
1100 3011 1240 3051 spatium
1264 3019 1336 3051 per-

260 3052 467 3084 transeundo.
501 3053 589 3085 Cum
621 3055 708 3086 enim
742 3065 857 3087 omnes
889 3065 978 3086 nunc
1011 3055 1166 3096 sphaerae
1195 3055 1335 3096 spatium

261 3097 353 3138 quod
369 3103 416 3128 est
438 3098 478 3128 ab
494 3099 619 3130 oriente
634 3099 675 3130 ad
691 3100 906 3137 occidentem,
923 3099 1091 3131 redeundo
1107 3099 1148 3130 ad
1164 3100 1334 3136 orientem,

261 3143 294 3173 in
322 3142 374 3173 die
400 3143 536 3174 naturali
559 3149 788 3184 pertranseant,
817 3154 885 3176 non
914 3145 1062 3175 obstante
1090 3143 1180 3185 quod
1207 3153 1273 3175 una
1297 3145 1336 3175 sit

261 3188 365 3218 maior
391 3187 462 3224 alia,
490 3193 522 3218 et
549 3189 696 3229 superior
719 3190 853 3230 sphaera
880 3190 984 3220 maius
1007 3189 1148 3230 spatium
1176 3194 1335 3229 pertrans·

262 3239 327 3268 eat;
351 3232 377 3262 si
397 3231 569 3263 undecima
592 3234 726 3274 sphaera
746 3239 839 3270 esset,
856 3243 953 3264 suum
972 3234 1112 3274 spatium
1133 3234 1336 3274 pertransiret

262 3275 379 3307 eodem
405 3282 570 3317 tempore;
598 3278 743 3309 similiter
766 3279 792 3310 si
819 3278 1024 3314 duodecima,
1052 3279 1079 3309 si
1106 3277 1335 3314 tertiadecima,

262 3326 294 3351 et
317 3321 361 3352 sic
385 3321 418 3351 in
442 3320 621 3359 infinitum;
646 3332 684 3353 ex
712 3323 766 3354 illa
795 3323 1023 3364 suppositione
1050 3322 1151 3363 quod,
1176 3323 1202 3353 si
1225 3323 1336 3353 omnia

262 3371 336 3395 sunt
363 3367 527 3397 moventia
554 3375 593 3397 ex
621 3376 661 3397 eo
691 3367 782 3408 quod
809 3372 993 3404 moventur,
1022 3373 1153 3408 oportet
1180 3372 1217 3398 ut
1239 3367 1336 3398 simul

262 3410 373 3440 omnia
388 3416 589 3442 moveantur.
614 3411 767 3452 Sequitur
783 3421 860 3453 ergo
884 3411 975 3453 quod
990 3410 1115 3443 infinita
1130 3411 1184 3443 illa
1199 3420 1337 3452 corpora

262 3453 354 3484 finito
377 3459 523 3495 tempore
551 3455 684 3496 aliquod
707 3457 847 3498 spatium
875 3457 1102 3497 pertransirent
1124 3465 1182 3487 sua
1207 3456 1337 3487 revolu-

263 3498 361 3529 tione.
385 3499 419 3529 Si
443 3509 518 3540 ergo
534 3501 749 3541 imaginemur
768 3511 806 3532 ex
829 3501 891 3532 illis
907 3500 1041 3532 infinitis
1063 3510 1202 3532 numero
1219 3510 1336 3542 corpo-

263 3542 350 3572 ribus
365 3552 468 3574 unum
492 3553 610 3585 corpus
629 3544 792 3576 infinitum
816 3545 895 3582 fieri,
912 3551 991 3576 tunc
1014 3544 1094 3577 illud
1117 3546 1257 3586 spatium
1281 3545 1336 3576 ali-

266 3586 356 3626 quod
371 3586 463 3618 finito
478 3593 626 3629 tempore
642 3590 860 3630 pertransibit:
887 3589 978 3631 quod
1001 3595 1049 3621 est
1064 3589 1107 3620 VI
1120 3590 1336 3632 Phssicorum

266 3630 492 3671 improbatum.

1449 332 1488 362 X.
1514 331 1608 363 Circa
1630 332 1808 364 secundam
1829 333 1990 364 rationem
2011 332 2051 364 ad
2071 332 2169 369 idem,
2186 332 2359 366 dumam
2384 334 2472 374 Quia

1393 382 1554 417 ponentes
1582 385 1651 407 esse
1678 386 1868 417 processum
1895 378 1930 408 in
1952 376 2118 408 infinitum
2146 378 2180 408 in
2207 380 2415 410 moventibus
2438 385 2471 411 et

1393 421 1501 458 motis,
1532 427 1688 461 negarent
1713 421 1795 454 illud
1822 427 2035 462 assumptum,
2064 422 2187 453 scilicet
2213 422 2315 463 quod,
2344 430 2470 455 remoto

1387 466 1499 506 primo
1529 471 1677 496 movente
1704 466 1756 497 vel
1777 471 1924 497 cessante
1945 476 1966 497 a
1990 467 2143 503 motione,
2169 467 2296 498 nullum
2326 469 2470 500 aliorum

1393 516 1589 541 moveretur.
1611 511 1676 542 Ubi
1691 511 1780 541 enim
1795 519 1864 541 non
1881 517 1928 542 est
1943 512 2097 552 primum,
2115 521 2211 542 causa
2225 513 2387 552 posterior
2401 523 2470 544 non

1393 554 1555 595 dependet
1571 565 1589 585 a
1604 556 1709 596 prima
1731 556 1766 586 in
1789 555 1964 593 causando,
1980 566 2041 587 nec
2058 556 2340 597 complementum
2359 567 2471 589 causa-

1392 599 1489 630 litatis
1511 599 1608 630 habet
1634 599 1886 641 dependentiam
1909 611 1927 631 a
1949 602 2063 642 prima.
2092 601 2184 632 Licet
2207 602 2295 632 enim
2314 611 2470 634 ascensus

1392 644 1538 675 infinitus
1565 650 1598 675 et
1623 644 1797 675 descensus
1828 654 1906 676 cum
1934 646 2092 686 temporis
2122 646 2330 677 successione
2360 647 2394 677 in
2420 647 2470 678 in-

1392 688 1522 719 finitum
1551 694 1711 729 repugnet
1740 689 2000 729 complemento,
2031 699 2183 721 ascensus
2212 689 2322 722 tamen
2353 696 2385 722 et
2414 691 2470 722 de-

1392 743 1524 764 scensus
1551 734 1744 764 causalitatis
1767 733 1913 764 infinitus
1939 744 2009 765 non
2032 741 2191 775 repugnat
2214 736 2468 776 complemento.

1392 778 1481 809 Talis
1509 783 1619 809 autem
1643 783 1690 808 est
1713 777 1855 808 infinitas
1881 779 2087 810 moventium
2110 785 2142 810 et
2165 781 2339 811 mobilium
2361 780 2471 812 infini-

1391 828 1518 854 torum:
1547 823 1624 863 quia
1647 823 1844 863 supponitur
1867 823 1979 854 omnia
2001 823 2099 854 simul
2121 833 2255 856 movere
2280 830 2312 856 et
2333 826 2468 857 moveri.

1448 867 1676 908 Respondemr
1703 867 1795 908 quod
1820 867 1904 898 ratio'
1924 868 2106 899 Aristotelis
2133 868 2244 900 efficax
2267 875 2315 900 est
2337 870 2364 900 si
2387 871 2470 902 bene

1392 912 1623 943 consideretur.
1657 911 1922 943 Fundamentum
1955 913 2043 943 enim
2075 913 2208 944 rationis
2237 919 2285 944 est
2315 914 2407 954 quod
2435 916 2470 947 in

1391 957 1599 987 moventibus
1623 962 1655 987 et
1675 958 1773 988 motis
1790 957 1999 988 essentialiter
2014 956 2168 988 ordinatis
2191 963 2322 999 oportet
2337 959 2471 1000 aliquod

1391 1001 1535 1042 primum
1563 1011 1642 1032 esse.
1675 1001 1763 1032 Istud
1790 1007 1900 1033 autem
1927 1001 2097 1042 diligenter
2127 1002 2344 1034 consideranti
2371 1010 2468 1044 patet.

1392 1045 1489 1084 Quia,
1513 1047 1540 1076 si
1563 1047 1627 1077 sint
1653 1046 1747 1086 plura
1774 1047 1940 1078 moventia
1963 1053 1995 1078 et
2017 1052 2108 1077 mota
2130 1047 2164 1077 in
2188 1048 2307 1088 quibus
2333 1057 2403 1080 non
2430 1050 2471 1080 sit

1391 1090 1535 1131 primum
1559 1090 1694 1131 aliquod
1716 1100 1786 1122 non
1808 1097 1949 1128 motum,
1973 1096 2043 1122 tota
2065 1092 2242 1124 multitudo
2265 1094 2471 1125 moventium

1392 1143 1426 1165 se
1449 1135 1580 1166 habebit
1603 1141 1640 1166 ut
1662 1145 1768 1167 unum
1789 1146 1927 1168 movens
1946 1142 2086 1168 motum.
2110 1137 2186 1168 Hoc
2209 1142 2319 1168 autem
2342 1143 2390 1169 est
2409 1139 2471 1170 im-

1391 1180 1562 1220 possibile:
1588 1181 1665 1221 quia
1679 1186 1760 1211 tunc
1775 1181 1898 1222 aliquid
1914 1187 1997 1213 esset
2011 1187 2142 1212 motum
2158 1187 2191 1213 et
2213 1192 2232 1213 a
2249 1182 2343 1214 nullo
2357 1193 2471 1215 move-

1391 1229 1489 1255 retur.
1513 1224 1589 1255 Non
1608 1225 1696 1256 enirn
1712 1231 1796 1257 esset
1818 1226 1873 1257 illa
1894 1226 2071 1258 multitudo
2087 1236 2106 1258 a
2121 1228 2227 1268 seipsa
2240 1228 2349 1268 primo
2363 1234 2469 1260 mota:

1393 1277 1469 1300 cum
1488 1269 1569 1300 nihil
1584 1270 1728 1310 seipsum
1750 1271 1858 1311 primo
1873 1277 2014 1303 moveat.
2038 1271 2108 1303 Nec
2132 1273 2210 1313 quia
2224 1281 2291 1303 una
2313 1281 2386 1314 pars
2400 1282 2471 1305 non

1391 1318 1483 1345 mota
1506 1314 1582 1345 alias
1605 1320 1711 1355 partes
1729 1322 1894 1348 moveret:
1919 1326 1996 1348 cum
2018 1325 2088 1348 non
2106 1323 2249 1358 ponatur
2270 1317 2316 1348 ibi
2335 1317 2471 1360 aliquod
2506 1336 2508 1338 v

1391 1367 1530 1390 movens
1547 1368 1617 1390 non
1639 1365 1779 1391 motum.
1804 1361 1873 1392 Nec
1897 1362 1974 1402 quia
1989 1371 2056 1393 una
2078 1371 2152 1403 pars
2166 1367 2257 1394 mota
2279 1362 2374 1393 aliam
2397 1372 2471 1394 mo-

1392 1409 1481 1435 veat:
1508 1413 1586 1435 cum
1612 1410 1820 1446 aggregatum
1844 1415 1883 1437 ex
1909 1406 1971 1437 illis
1994 1407 2112 1437 habeat
2137 1408 2297 1438 rationem
2320 1408 2412 1445 moti,
2437 1413 2471 1439 et

1392 1449 1438 1480 sic
1461 1448 1572 1490 aliquo
1596 1449 1661 1480 alio
1683 1449 1826 1491 indigeat
1848 1461 1867 1482 a
1890 1460 1958 1491 quo
1982 1457 2162 1482 moveatur.

1448 1492 1483 1525 Si
1506 1492 1631 1524 dicatur
1653 1493 1746 1535 quod
1767 1504 1837 1526 non
1857 1501 1989 1536 oportet
2003 1501 2107 1527 totam
2122 1497 2211 1527 illam
2225 1496 2470 1528 multitudinem

1392 1538 1598 1569 moventium
1621 1543 1653 1568 et
1667 1542 1844 1570 'motorum
1866 1549 1902 1571 se
1924 1541 2043 1572 habere
2068 1546 2106 1572 ut
2132 1549 2238 1572 unum
2264 1550 2402 1572 movens
2427 1543 2469 1572 ab

1392 1582 1456 1613 alio
1481 1582 1660 1613 extrinseco
1683 1588 1824 1620 motum,
1840 1583 1897 1615 sed
1920 1594 2036 1616 eorum
2059 1585 2206 1616 conditio
2229 1585 2370 1617 salvatur
2391 1587 2470 1627 quia

1391 1636 1497 1658 unum
1513 1632 1665 1658 movetur
1680 1627 1719 1658 ab
1736 1627 1811 1664 alio,
1828 1634 1860 1659 et
1875 1628 1955 1660 illud
1971 1630 2011 1660 ab
2027 1629 2102 1667 alio,
2119 1635 2152 1661 et
2166 1631 2212 1661 sic
2230 1630 2265 1661 in
2287 1630 2468 1663 infinitum:

1391 1672 1475 1702 sicut
1492 1672 1527 1702 in
1541 1670 1667 1702 infinita
1687 1672 1895 1704 multitudine
1916 1683 2130 1706 numerorum
2154 1674 2291 1716 quilibet
2312 1684 2469 1707 numerus

1392 1722 1440 1747 est
1455 1715 1614 1747 excedens
1637 1721 1670 1747 et
1693 1725 1852 1754 excessus,
1868 1727 1930 1749 nec
1945 1724 2055 1750 tamen
2078 1724 2209 1760 oportet
2230 1724 2335 1751 totam
2358 1720 2470 1751 multi-

1391 1760 1539 1792 tudinem
1565 1761 1605 1791 ab
1632 1761 1743 1801 aliquo
1774 1761 1903 1793 excedi:
1926 1781 1950 1786 —
1971 1764 2187 1805 respondetur
2217 1763 2309 1804 quod
2331 1773 2469 1796 movens

1392 1815 1491 1836 omne
1507 1808 1638 1846 oportet
1653 1805 1687 1836 in
1703 1811 1778 1837 actu
1793 1815 1878 1844 esse;
1894 1807 2040 1840 similiter
2052 1817 2152 1840 omne
2167 1808 2313 1840 localiter
2327 1814 2467 1840 motum.

1392 1849 1469 1881 Ideo
1499 1854 1569 1880 tota
1599 1849 1776 1881 multitudo
1809 1852 2014 1883 moventium
2045 1858 2077 1884 et
2110 1858 2278 1884 motorum
2312 1859 2469 1895 tanquam

1391 1903 1496 1926 unum
1512 1894 1615 1934 accipi
1630 1899 1752 1935 potest:
1776 1896 1963 1935 praesertim
1980 1898 2056 1938 quia
2078 1897 2207 1928 nullum
2225 1897 2357 1929 illorum
2371 1898 2470 1930 habet

1391 1938 1483 1980 quod
1509 1944 1642 1970 moveat
1664 1939 1726 1969 nisi
1752 1939 1949 1980 inquantum
1971 1946 2140 1978 movetur;
2165 1947 2197 1973 et
2212 1947 2353 1982 oportet,
2369 1943 2397 1974 si
2411 1942 2469 1974 ha-

1390 1984 1465 2014 beat
1486 1983 1646 2014 rationem
1669 1983 1761 2019 moti,
1785 1983 1876 2024 quod
1895 1985 1936 2015 ab
1951 1985 2064 2026 aliquo
2086 1991 2266 2018 moveatur.
2291 1986 2469 2019 Multitudo

1390 2033 1500 2059 autem
1523 2036 1737 2059 numerorum
1766 2027 1893 2059 infinita
1918 2038 1988 2061 non
2018 2031 2153 2071 ponitur
2181 2031 2216 2062 in
2245 2037 2330 2070 actu,
2353 2031 2411 2063 sed
2433 2032 2468 2064 in

1390 2072 1546 2113 potentia.
1579 2071 1658 2103 ldeo
1688 2081 1757 2103 non
1779 2078 1910 2113 oportet
1931 2079 1968 2105 ut
1990 2080 2059 2106 tota
2081 2075 2259 2108 multitudo
2289 2076 2328 2108 ab
2356 2076 2468 2118 aliquo

1391 2116 1574 2149 excedatur.

1457 2161 1546 2193 Cum
1576 2170 1653 2202 ergo
1677 2161 1712 2192 in
1735 2162 1946 2194 essentialiter
1971 2163 2127 2195 ordinatis
2155 2170 2306 2206 oporteat
2334 2164 2468 2206 aliquod

1390 2207 1534 2247 primum
1549 2215 1636 2242 esse;
1660 2210 1692 2237 et
1714 2206 1749 2237 in
1768 2205 1897 2238 infinito
1913 2217 1982 2239 non
1998 2209 2038 2239 sit
2053 2209 2213 2250 primum:
2237 2210 2384 2251 sequitur
2397 2219 2468 2242 non

1390 2260 1486 2292 posse
1509 2260 1580 2282 esse
1601 2248 1728 2282 infinita
1751 2251 1960 2284 essentialiter
1982 2252 2139 2285 ordinata.
2156 2254 2279 2286 —Vide
2294 2254 2335 2286 de
2350 2255 2389 2286 iis
2404 2253 2468 2286 Ca-

1390 2295 1551 2336 preolum,
1569 2295 1581 2326 1
1597 2294 1696 2329 Sent..
1713 2295 1745 2326 d.
1761 2305 1806 2332 m,
1823 2305 1856 2337 q.
1878 2305 1905 2327 ι.

1445 2339 1499 2371 Xl.
1531 2339 1681 2371 Secunda
1709 2340 1791 2371 ratio
1821 2341 2007 2382 principalis
2038 2347 2094 2373 est.
2128 2341 2163 2374 Si
2196 2352 2296 2374 omne
2330 2339 2468 2375 movens

1390 2390 1551 2421 movetur,
1581 2390 1637 2415 aut
1663 2384 1744 2415 haec
1772 2386 1956 2426 propositio
1986 2391 2034 2417 est
2060 2396 2136 2418 vera
2163 2397 2222 2428 per
2248 2396 2299 2425 se;
2329 2393 2384 2419 aut
2410 2397 2469 2430 per

1390 2429 1550 2460 accidens.
1573 2429 1607 2460 Si
1630 2437 1689 2469 per
1710 2428 1870 2467 accidens,
1900 2439 1977 2471 ergo
2000 2440 2070 2462 non
2096 2437 2145 2462 est
2166 2433 2355 2463 necessaria.
2380 2432 2468 2474 Ergo

1390 2475 1583 2514 contingens
1612 2479 1660 2504 est
1682 2473 1811 2505 nullum
1836 2483 1974 2506 movens
1996 2477 2132 2507 moveri.
2160 2476 2248 2518 Ergo
2275 2477 2468 2518 contingens

1390 2524 1438 2549 est
1469 2518 1550 2549 nihil
1582 2519 1724 2549 moveri:
1758 2519 1849 2559 quia,
1880 2520 1907 2550 si
1936 2529 2074 2551 movens
2104 2530 2173 2552 non
2203 2527 2370 2559 movetur,
2398 2530 2468 2554 non

1389 2568 1511 2599 movet,
1528 2568 1565 2594 ut
1585 2562 1784 2594 adversarius
1799 2564 1915 2604 inquit.
1939 2564 2015 2596 Hoc
2038 2570 2149 2598 autem
2167 2566 2264 2598 habet
2278 2566 2468 2598 Aristoteles

1390 2617 1450 2649 pro
1472 2607 1675 2649 impossibili.
1700 2607 1788 2649 Ergo
1811 2613 1873 2639 etc.

1446 2652 1538 2689 Item,
1561 2653 1589 2683 si
1611 2661 1748 2683 movens
1767 2658 1800 2683 et
1814 2658 1944 2684 motum
1967 2654 2213 2695 coniunguntur
2228 2655 2263 2687 in
2278 2655 2390 2696 aliquo
2409 2664 2469 2697 per

1389 2696 1549 2734 accidens,
1565 2697 1733 2738 probabile
1757 2702 1805 2728 est
1827 2697 1919 2738 quod
1933 2707 2072 2729 movens
2091 2699 2273 2731 inveniatur
2288 2700 2411 2742 absque
2425 2709 2468 2731 eo

1390 2741 1482 2783 quod
1507 2747 1688 2777 moveatur,
1717 2742 1794 2782 quia
1820 2748 1950 2773 motum
1979 2743 2143 2775 invenitur
2165 2744 2288 2786 absque
2310 2754 2352 2776 eo
2376 2743 2468 2786 quod

1389 2792 1530 2818 moveat.
1555 2786 1589 2818 Si
1611 2786 1700 2817 enim
1723 2785 1831 2827 aliqua
1857 2786 1925 2818 duo
1949 2793 2025 2819 sunt
2048 2788 2159 2820 iuncta
2181 2798 2240 2830 per
2261 2789 2411 2821 accidens
2433 2789 2468 2820 ln

1389 2831 1512 2872 aliquo,
1537 2836 1569 2862 et
1591 2839 1697 2862 unum
1723 2830 1856 2862 illorum
1884 2832 2047 2863 invenitur
2070 2833 2140 2864 sine
2163 2833 2275 2871 altero,
2299 2834 2467 2875 probabile

1390 2882 1438 2907 est
1453 2875 1544 2917 quod
1560 2875 1698 2906 alterum
1714 2875 1838 2916 absque
1860 2875 1917 2907 illo
1940 2876 2078 2908 inveniri
2093 2878 2206 2919 possit.
2229 2896 2254 2901 —
2275 2878 2345 2910 Nec
2361 2879 2469 2910 obstat

1390 2920 1430 2952 de
1460 2920 1591 2951 duobus
1621 2928 1764 2960 quorum
1791 2929 1897 2951 unum
1925 2921 1965 2952 ab
1993 2921 2094 2952 altero
2122 2921 2286 2964 dependet
2314 2922 2371 2955 sed
2397 2931 2468 2954 non

1390 2975 1408 2996 e
1432 2965 1604 3000 contrario,
1621 2970 1658 2995 ut
1673 2964 1713 2995 de
1737 2964 1913 2996 substantia
1929 2971 1961 2996 et
1976 2965 2153 2998 accidente.
2177 2967 2268 2998 Haec
2284 2968 2372 2999 enim
2387 2976 2468 2999 con-

1390 3010 1569 3050 iunguntur
1592 3018 1650 3049 per
1673 3018 1718 3045 se,
1741 3018 1810 3040 non
1833 3018 1892 3050 per
1914 3009 2065 3042 accidens
2079 3012 2108 3042 ⁰.

1446 3054 1480 3085 Si
1502 3059 1612 3085 autem
1635 3059 1683 3084 est
1705 3063 1780 3085 vera
1803 3063 1862 3094 per
1883 3063 1928 3091 se,
1945 3062 2001 3086 aut
2023 3064 2160 3087 movens
2179 3061 2330 3088 movetur
2352 3055 2467 3088 eadem

1390 3099 1498 3140 specie
1514 3104 1624 3130 motus
1647 3107 1713 3139 qua
1727 3104 1857 3135 movet;
1881 3104 1938 3130 aut
1952 3099 2023 3131 alia.
2047 3099 2081 3131 Si
2102 3099 2226 3138 eadem,
2242 3106 2321 3132 tunc
2336 3106 2468 3141 oportet

1390 3142 1482 3185 quod
1514 3143 1650 3174 alterans
1682 3143 1847 3179 alteretur,
1881 3149 1913 3174 et
1944 3143 2067 3176 docens
2098 3144 2254 3176 doceatm·
2285 3143 2466 3176 secundum

1390 3187 1528 3219 eandem
1543 3187 1725 3219 scientiam:
1743 3187 1835 3228 quod
1850 3193 1899 3219 est
1914 3188 2124 3229 impossibile.
2140 3207 2162 3212 -
2178 3189 2213 3221 Si
2227 3189 2298 3226 alia,
2311 3197 2388 3220 cum
2402 3189 2468 3221 sint

1390 3232 1480 3264 finita
1507 3242 1625 3273 genera
1648 3237 1680 3263 et
1702 3233 1827 3273 species
1854 3238 1975 3269 motus,
2004 3242 2073 3264 non
2100 3233 2199 3264 ibitur
2224 3233 2258 3264 in
2285 3232 2464 3264 infinitum:

1391 3283 1423 3308 et
1438 3278 1483 3309 sic
1507 3277 1566 3308 erit
1581 3277 1724 3317 primum
1747 3285 1884 3308 movens
1898 3286 1968 3309 non
1990 3283 2119 3309 motum
2134 3278 2174 3308 ab
2190 3277 2265 3309 alio.
2289 3276 2359 3309 Nisi
2382 3277 2466 3309 forte

1391 3321 1514 3353 dicatur
1529 3321 1599 3352 fieri
1614 3320 1824 3353 reflexionem
1839 3330 1897 3362 per
1911 3321 2106 3353 reditionem
2121 3320 2162 3353 ad
2176 3322 2329 3363 primum.
2346 3321 2411 3353 Sed
2426 3331 2466 3354 ex

1390 3367 1455 3397 hoc
1473 3371 1662 3408 sequeretur
1677 3375 1814 3397 movens
1835 3365 2018 3398 secundum
2033 3366 2174 3407 aliquam
2197 3366 2340 3407 speciem
2355 3372 2466 3398 motus

1391 3412 1515 3442 moveri
1542 3410 1724 3442 secundum
1751 3409 1898 3447 eandem.
1925 3419 1994 3442 non
2016 3410 2212 3447 immediate.
2235 3410 2293 3442 sed
2315 3410 2464 3443 mediate.

1449 3465 1478 3486 2.
1503 3455 1597 3487 Circa
1620 3454 1709 3486 illam
1731 3455 2001 3496 propositionem,
2026 3454 2063 3486 Sa·
2084 3455 2196 3496 aliqua
2219 3454 2285 3486 duo
2308 3460 2386 3487 sunt
2402 3465 2467 3497 per

1391 3500 1542 3531 accidens
1565 3500 1677 3531 iuncta
1693 3499 1726 3530 ἰη
1742 3499 1865 3540 aliquo,
1882 3503 1914 3530 et
1929 3508 2029 3530 unum
2053 3499 2187 3530 illorum
2211 3499 2377 3531 invenitur·
2394 3501 2466 3532 sine

1392 3545 1508 3580 altero,
1519 3544 1692 3585 probabile
1706 3549 1754 3575 est
1767 3543 1855 3585 quod
1869 3543 2010 3575 alterum
2024 3544 2095 3576 sine
2115 3543 2173 3575 5110
2189 3543 2332 3575 inveniri
2347 3545 2463 3586 possit,

1392 3589 1571 3625 sciendum,
1599 3587 1781 3620 secundum
1807 3587 2120 3625 Commentatorem‚
2144 3588 2216 3620 vm
2240 3589 2349 3630 Phys„
2374 3599 2465 3621 com-

1392 3639 1492 3665 ment.
1519 3633 1572 3674 37,
1599 3632 1690 3674 quod
1712 3631 1919 3673 intelligenda
1942 3638 1990 3664 est
2011 3633 2046 3664 in
2069 3633 2106 3664 iis
2129 3642 2269 3674 quorum
2293 3639 2466 3676 utrumque

2494 3019 2504 3029 ·
2519 3018 2558 3041 Cf.

2573 3025 2597 3041 ιι.
2610 3024 2623 3048 3
2638 3018 2707 3042 hala·

2494 3051 2574 3074 parag.
