2742 4152
58 864 68 873 ⁶
83 861 128 883 Cir.
138 867 189 889 sup.
201 867 223 883 n.
233 867 269 883 in.

51 2384 60 2393 ·
76 2382 146 2404 Num.
159 2389 190 2404 iv.

52 3232 61 3239 “
77 3230 137 3252 Diui.
147 3237 199 3258 vm,
215 3237 236 3259 q.
249 3238 264 3258 1,

52 3263 74 3279 a.
85 3262 107 3283 2,
121 3257 150 3278 nd
163 3263 183 3286 3.

302 252 352 299 48
888 248 1075 285 SUMMA
1106 247 1329 284 CONTRA
1358 245 1635 292 GENTILES,
1667 245 1779 282 CAP.
1801 245 1915 282 XVII.

301 331 437 361 alterum
460 330 542 360 sicut
564 329 604 359 ad
628 328 854 358 correlativum
876 326 1020 357 refertur.
1049 325 1126 356 Non
1149 325 1237 356 enim
1260 325 1371 355 album

302 381 349 406 est
363 375 541 410 relativum,
558 373 632 403 licet
647 371 794 404 albedine
816 372 856 402 sit
879 371 998 403 album.
1018 370 1115 410 Ergo,
1130 370 1206 400 licet
1221 368 1371 400 differens

302 420 411 459 aliquo
428 417 560 454 differat,
576 426 644 447 non
660 422 793 457 propter
804 417 868 447 hoc
884 421 931 446 est
946 415 1125 445 relativum.
1143 413 1247 444 Cuius
1263 423 1370 454 oppo-

300 464 397 493 situm
413 462 537 492 videtur
553 458 689 493 Sanctus
701 461 847 491 Thomas
862 461 914 491 hic
930 465 1050 495 tenere,
1065 458 1143 489 dum
1158 459 1264 499 inquit
1279 457 1371 499 quod

299 507 453 548 differens
476 505 519 536 ad
542 506 666 547 aliquid
689 505 819 536 dicitur.

355 551 537 581 Secundum
561 556 616 587 est,
642 551 718 591 quia
740 560 809 581 non
836 549 962 580 videtur
989 548 1141 587 distingui
1165 547 1328 577 diversum
1351 557 1370 577 a

298 596 462 636 differenti
485 605 526 626 eo
549 595 650 626 modo
675 604 741 635 quo
765 595 818 625 hic
840 594 982 634 ponitur.
1006 592 1091 622 Nam
1114 592 1197 622 sicut
1220 590 1369 622 differens

298 641 410 680 aliqua
433 640 618 682 differentia
642 638 790 670 differens
814 644 870 675 est,
894 639 937 668 ita
961 643 992 668 et
1015 636 1177 667 diversum
1193 637 1305 677 aliqua
1320 636 1369 667 di-

298 685 450 716 versitate
473 691 520 716 est
543 684 715 715 diversum.
740 684 782 714 Et
804 684 860 719 sic,
884 692 948 722 qua
971 682 1095 712 ratione
1118 690 1223 712 unum
1253 680 1370 712 dicitur

298 729 338 761 ad
360 729 492 770 aliquid,
517 729 630 760 eadem
653 729 776 759 ratione
801 733 832 758 et
854 727 1026 767 reliquum.

357 774 500 804 Tertium
524 779 580 805 est.
604 773 735 804 Materia
751 778 782 803 et
798 772 887 802 Deus
902 772 936 801 in
952 775 1024 801 ente
1047 771 1257 800 conveniunt.
1281 770 1368 810 Ergo

297 824 372 849 sunt
394 818 587 849 differentia:
613 818 699 858 quia,
723 822 759 847 ut
782 816 888 856 inquit
911 815 1140 855 Philosophus,
1163 815 1194 845 V
1213 815 1368 855 Metaph„

296 868 371 894 text.
395 864 430 894 15
444 864 472 899 ³,
496 862 681 904 differentia
703 866 780 892 sunt
802 869 1021 901 quaecumque
1037 859 1165 889 diversa
1185 864 1264 890 sunt
1285 859 1369 890 idem

296 907 422 948 aliquid
444 907 531 938 entia
549 912 608 937 aut
631 915 767 937 numero
791 910 850 935 aut
867 904 973 945 specie
995 908 1055 934 aut
1067 913 1190 945 genere
1212 909 1272 935 aut
1288 914 1369 945 pro·

290 952 456 993 portione.
481 951 522 982 Et
545 951 584 981 de
600 961 668 981 uno
685 950 898 991 proportione
914 948 967 979 dat
982 947 1104 979 ibidem
1124 948 1262 980 Sanctus
1278 948 1370 980 Tho·

296 1006 365 1027 mas
395 996 580 1036 exemplum
611 995 650 1026 de
673 994 853 1035 quantitate
876 998 907 1024 et
929 993 1087 1034 qualitate
1110 993 1143 1023 in
1168 999 1259 1039 ente3
1281 993 1368 1036 Ergo

296 1041 412 1072 falsum
436 1045 483 1071 est
505 1039 595 1080 quod
618 1040 724 1079 inquit
747 1038 882 1069 Sanctus
899 1037 1055 1074 Thomas,
1072 1047 1110 1068 ea
1125 1038 1159 1068 in
1175 1037 1267 1069 nullo
1289 1047 1368 1069 con-

295 1085 491 1116 venientiam
514 1085 630 1115 habere
654 1089 686 1114 et
708 1082 885 1113 differentia
907 1092 975 1113 non
999 1091 1079 1113 esse.

351 1129 390 1159 V.
414 1129 466 1160 Ad
489 1129 607 1159 horum
631 1127 825 1158 evidentiam
849 1126 1121 1158 considerandum
1145 1132 1193 1158 est
1216 1127 1308 1167 quod
1334 1128 1368 1158 in

296 1183 336 1204 eo
360 1173 451 1213 quod
474 1173 603 1204 relative
627 1172 753 1208 dicitur,
777 1177 903 1212 praeter
925 1172 1101 1202 terminum
1125 1171 1165 1202 ad
1195 1181 1295 1212 quem
1318 1181 1367 1203 re-

294 1218 403 1254 fertur,
419 1227 550 1248 necesse
567 1223 614 1248 est
630 1226 699 1247 esse
715 1216 836 1257 aliquid
852 1225 920 1257 quo
944 1216 984 1247 ad
1007 1217 1183 1247 terminum
1202 1216 1367 1253 referatur,

294 1263 404 1303 aliquo
421 1262 522 1293 modo
538 1262 578 1292 ab
594 1262 666 1301 ipso
683 1261 856 1292 diversum.
875 1261 910 1291 ln
927 1270 967 1292 eo
985 1261 1071 1292 enim
1085 1260 1177 1302 'quod
1189 1266 1236 1292 est
1250 1261 1366 1298 simile,

294 1312 424 1348 oportet
454 1316 522 1337 esse
554 1306 745 1337 relationem
774 1315 832 1347 per
863 1315 963 1346 quam
991 1306 1183 1337 assimiletur
1212 1306 1312 1343 alteri,
1337 1312 1368 1337 et

294 1352 435 1392 aliquam
464 1351 652 1392 qualitatem
682 1360 767 1391 quae
789 1351 830 1381 sit
857 1350 1074 1381 similitudinis
1097 1349 1366 1382 fundamentum:

293 1396 396 1427 simile
421 1397 508 1427 enim
539 1395 647 1436 aliqua
679 1394 888 1426 similitudine
915 1395 1019 1426 simile
1049 1401 1107 1432 est,
1131 1401 1163 1426 et
1186 1395 1378 1427 secundum-

293 1441 436 1481 aliquam
468 1440 666 1482 qualitatem.
700 1439 803 1478 Quod
832 1445 942 1470 autem
970 1440 1117 1480 negative
1147 1440 1274 1478 dicitur,
1298 1450 1367 1472 non

292 1485 415 1526 indiget
438 1485 549 1526 aliquo
574 1494 641 1526 quo
665 1485 812 1525 negative
836 1484 970 1521 dicatur,
994 1484 1051 1515 sed
1075 1494 1113 1515 ex
1137 1485 1244 1526 seipso
1260 1491 1368 1526 potest

293 1531 333 1560 ab
348 1530 457 1561 altero
480 1530 600 1570 negari.
628 1529 661 1560 Si
686 1539 762 1570 ergo
786 1529 941 1570 differens
970 1529 1141 1560 relativum
1163 1530 1214 1567 sit,
1237 1535 1369 1572 oportet

292 1576 327 1606 in
342 1575 415 1615 ipso
432 1584 502 1605 esse
517 1573 639 1615 aliquid
655 1583 723 1614 quo
739 1583 758 1604 a
772 1574 912 1604 termino
928 1573 1043 1605 differt.
1055 1574 1229 1605 Diversum
1247 1581 1367 1612 autem,

294 1619 371 1660 quia
394 1619 580 1650 absolutum
603 1624 661 1655 est,
684 1628 754 1649 non
776 1619 956 1659 importans
978 1618 1129 1650 videlicet
1151 1629 1190 1650 ex
1206 1629 1240 1651 se
1259 1629 1368 1661 respe-

294 1670 384 1695 ctum
407 1663 448 1694 ad
471 1664 617 1700 alterum,
641 1672 710 1694 non
739 1663 862 1704 indiget
891 1663 1002 1704 aliquo
1031 1673 1099 1704 quo
1130 1664 1171 1694 sit
1193 1664 1367 1702 diversum,

293 1708 350 1740 sed
373 1709 480 1749 seipso
506 1714 578 1739 toto
610 1708 720 1748 negari
749 1713 867 1748 potest.
898 1707 1034 1749 Propter
1056 1708 1132 1745 hoc,
1155 1709 1269 1740 volens
1292 1710 1368 1741 assi-

292 1763 391 1794 gnare
414 1753 551 1784 Sanctus
573 1753 719 1783 Thomas
742 1752 881 1783 modum
905 1762 972 1792 quo
1001 1752 1247 1794 distinguantur,
1269 1754 1368 1785 inter-

293 1798 404 1839 posuit
419 1807 457 1829 ex
473 1797 653 1828 Aristotelis
669 1797 858 1828 auctoritate
874 1806 978 1828 unum
994 1806 1063 1828 esse
1083 1798 1263 1835 relativum,
1281 1799 1368 1830 aliud

292 1842 494 1873 absolutum:
520 1852 558 1873 ex
582 1851 650 1882 quo
673 1842 820 1882 sequitur
841 1841 876 1871 in
899 1851 968 1872 uno
992 1851 1062 1872 esse
1085 1842 1207 1883 aliquid
1230 1852 1299 1884 quo
1319 1843 1367 1875 di-

293 1893 383 1918 catur
406 1887 479 1923 tale,
503 1887 537 1918 in
561 1887 662 1917 altero
685 1895 762 1917 vero
782 1895 862 1916 non.
887 1885 938 1916 Ad
952 1886 1078 1927 aliquid
1100 1896 1188 1927 ergo,
1205 1888 1271 1919 sive
1287 1888 1367 1919 rela-

292 1932 406 1968 tivum,
431 1931 472 1963 ad
502 1931 569 1962 duo
600 1930 732 1961 dieitur:
763 1930 804 1961 ad
833 1939 938 1961 unum
970 1930 1119 1962 videlicet
1148 1938 1304 1973 tanquam
1327 1932 1367 1964 ad

291 1977 467 2007 terminum
478 1981 604 2007 tantum
617 1980 649 2006 et
661 1975 898 2011 correlativum,
915 1973 956 2005 ad
973 1975 1110 2006 alterum
1122 1985 1199 2007 vero
1211 1983 1367 2018 tanquam

292 2021 332 2052 ad
355 2021 514 2052 rationem
537 2019 713 2056 referendi;
732 2024 832 2060 pater
854 2019 942 2050 enim
965 2019 1082 2051 dicitur
1105 2020 1145 2051 ad
1168 2020 1272 2052 filium
1296 2027 1367 2053 tan-

292 2075 392 2106 quam
416 2065 456 2096 ad
478 2065 665 2101 terminum,
689 2063 730 2095 ad
753 2064 977 2105 paternitatem
1007 2070 1117 2096 autem
1147 2071 1303 2107 tanquam
1327 2066 1367 2098 ad

291 2111 451 2141 rationem
474 2108 642 2146 referendi,
667 2114 758 2150 pater
780 2110 867 2140 enim
898 2110 1088 2150 paternitate
1118 2116 1166 2141 est
1187 2117 1279 2152 pater
1301 2111 1367 2143 for-

292 2155 428 2191 maliter,
452 2160 484 2185 et
507 2155 653 2195 potentia
682 2154 734 2184 vel
764 2159 839 2184 actu
868 2154 1043 2194 generandi
1073 2153 1365 2188 fundamentaliter.

292 2200 458 2242 Differens
474 2209 550 2240 ergo
567 2204 615 2230 est
637 2198 817 2234 relativum,
841 2198 918 2239 quia
934 2198 1050 2230 dicitur
1064 2199 1105 2230 ad
1125 2199 1158 2231 id
1173 2209 1242 2241 quo
1263 2200 1368 2232 differt

292 2251 446 2285 tanquam
463 2243 503 2275 ad
518 2244 677 2275 rationem
689 2242 858 2279 referendi,
871 2252 939 2274 non
951 2249 1106 2284 tanquam
1118 2244 1159 2275 ad
1174 2246 1365 2277 terminum:

293 2289 455 2320 diversum
479 2294 588 2320 autem
610 2298 679 2319 non
703 2287 820 2319 dicitur
847 2287 887 2318 ad
917 2288 1039 2329 aliquid
1068 2294 1224 2330 tanquam
1251 2290 1291 2321 ad
1318 2300 1367 2321 ra·-

292 2335 418 2365 tionem
440 2332 610 2364 referendi.

347 2379 402 2409 VI.
426 2378 479 2409 Ad
501 2378 644 2419 primum
655 2378 673 2394 θ
688 2378 798 2418 itaque
814 2382 922 2417 potest
937 2378 1043 2418 primo
1059 2378 1249 2420 responderi
1264 2380 1366 2421 quod,

292 2423 367 2454 licet
390 2422 512 2464 aliquid
534 2432 603 2454 non
627 2423 667 2453 sit
689 2422 858 2453 relativum
881 2422 958 2462 quia
981 2422 1092 2463 aliquo
1122 2424 1163 2454 sit
1192 2424 1255 2455 tale
1282 2434 1366 2466 quo-

291 2467 549 2508 modocumque,
570 2466 693 2508 aliquid
712 2472 820 2498 tamen
837 2465 877 2497 ad
893 2466 1015 2508 aliquid
1031 2467 1148 2500 dicitur
1162 2469 1239 2510 quia
1254 2469 1366 2511 aliquo

292 2518 340 2543 est
362 2513 425 2544 tale
449 2518 603 2553 tanquam
627 2512 757 2543 ratione
780 2511 955 2553 referendi.
975 2511 1081 2550 Quod
1104 2513 1179 2544 albo
1202 2523 1271 2545 non
1287 2524 1366 2546 con-

291 2558 389 2588 venit.
414 2558 506 2588 Licet
521 2558 608 2588 enim
623 2557 734 2588 album
749 2557 790 2587 sit
805 2556 915 2587 album
931 2556 1090 2594 albedine,
1106 2558 1241 2590 nomine
1256 2564 1366 2591 tamen

292 2602 358 2633 albi
380 2612 448 2633 non
471 2602 663 2643 importatur
687 2600 802 2632 albedo
825 2606 980 2642 tanquam
1004 2602 1085 2633 ratio
1109 2602 1149 2634 ad
1165 2603 1301 2635 alterum
1317 2614 1366 2635 re-

291 2647 424 2678 ferendi.

346 2691 457 2723 Potest
477 2690 622 2722 secundo
638 2689 827 2732 responderi
842 2690 934 2731 quod
949 2691 1118 2722 relativum
1134 2697 1166 2723 et
1182 2692 1226 2723 ad
1241 2693 1366 2735 aliquid

290 2742 399 2777 potest
420 2736 591 2777 dupliciter
613 2736 727 2776 accipi,
750 2735 834 2766 sicut
857 2740 888 2766 et
911 2735 1107 2767 absolutum.
1133 2737 1258 2768 Dicitur
1278 2739 1366 2769 enim

291 2781 412 2822 aliquid
439 2781 625 2812 absolutum
653 2786 709 2811 aut
740 2780 817 2820 quia
847 2780 1028 2811 absolvitur
1057 2790 1078 2812 a
1109 2782 1258 2819 termino,
1283 2783 1367 2814 sicut

290 2831 458 2867 quantum,
482 2834 551 2856 non
574 2826 663 2856 enim
686 2830 857 2866 quantum,
881 2830 918 2856 ut
941 2825 998 2862 sic,
1021 2825 1062 2856 ad
1092 2826 1180 2857 aliud
1209 2833 1366 2868 tanquam

291 2870 331 2901 ad
353 2871 530 2901 terminum
553 2868 684 2901 dicitur:
709 2874 765 2900 aut
793 2869 870 2909 quia
901 2869 1084 2901 absolvitur
1105 2881 1126 2901 a
1149 2871 1291 2903 subiecto
1316 2873 1367 2903 vel

291 2925 311 2946 a
318 2915 438 2957 forma
455 2915 506 2946 vel
520 2923 722 2955 quocumque
737 2913 805 2944 alio
822 2914 919 2944 modo
935 2914 976 2945 ab
991 2914 1070 2951 alio,
1087 2916 1171 2947 sicut
1190 2916 1366 2948 substantia

291 2965 339 2990 est
354 2959 502 2990 absoluta
513 2968 531 2990 a
543 2959 701 2995 subiecto,
714 2963 745 2989 et
757 2957 907 2990 accidens
922 2968 940 2989 a
955 2958 1060 2990 forma
1076 2969 1141 3000 qua
1156 2961 1196 2991 sit
1211 2961 1284 2997 tale,
1296 2971 1366 2993 non

291 3004 379 3035 enim
401 3003 551 3035 accidens
573 3003 682 3044 aliqua
704 3002 809 3034 forma
832 3003 891 3034 sibi
915 3002 1021 3034 addita
1052 3009 1100 3035 est
1127 3004 1286 3042 accidens,
1310 3006 1366 3037 sed

291 3049 409 3090 seipso.
434 3047 586 3080 Similiter
609 3057 686 3089 ergo
709 3047 753 3078 ad
775 3047 901 3088 aliquid
923 3047 1040 3079 dicitur
1063 3054 1118 3080 aut
1139 3054 1295 3091 tanquam
1326 3050 1366 3082 ad

290 3093 467 3125 terminum
482 3098 622 3124 tantum:
648 3097 703 3124 aut
721 3098 879 3133 tanquam
895 3092 935 3123 ad
946 3093 1133 3124 subiectum
1148 3094 1199 3125 vel
1215 3094 1365 3132 formam,

291 3143 347 3169 aut
370 3146 583 3179 quocumque
607 3137 671 3168 alio
694 3136 796 3168 modo
821 3146 920 3178 quam
952 3137 992 3168 ad
1021 3139 1198 3170 terminum
1227 3145 1364 3171 tantum.

292 3181 379 3214 Cum
403 3192 479 3223 ergo
503 3182 619 3214 dicitur
641 3181 798 3224 differens
821 3191 893 3213 esse
906 3181 946 3213 ad
961 3182 1094 3223 aliquid,
1110 3184 1177 3214 sive
1193 3184 1365 3215 relativum

291 3232 328 3257 ut
351 3226 466 3258 dicitur
489 3227 605 3258 ISent.
618 3227 646 3263 ⁵,
670 3227 827 3268 accipitur
850 3227 894 3258 ad
915 3227 1041 3269 aliquid
1062 3236 1132 3258 non
1154 3233 1310 3270 tanquam
1326 3229 1366 3260 ad

292 3272 477 3308 terminum,
502 3271 593 3313 quod
616 3277 664 3303 est
686 3271 818 3312 proprie
841 3270 881 3302 ad
905 3271 1036 3312 aliquid,
1061 3272 1118 3303 sed
1146 3278 1302 3314 tanquam
1326 3273 1366 3305 ad

293 3314 441 3352 formam,
466 3317 556 3357 quod
576 3316 665 3357 largo
681 3315 783 3347 modo
800 3315 864 3347 dici
879 3322 987 3358 potest
1003 3316 1043 3347 ad
1063 3316 1199 3358 aliquid:
1217 3317 1366 3350 differens

294 3360 380 3390 enim
403 3361 544 3401 aliquam
567 3361 706 3392 formam
729 3362 884 3402 importat
913 3370 972 3402 per
1003 3371 1102 3402 quam
1135 3362 1284 3394 differens
1308 3369 1364 3394 est.

293 3404 466 3435 Diversum
490 3412 599 3437 autem
622 3415 690 3438 non
713 3407 868 3447 importat
890 3405 1030 3437 formam
1053 3416 1111 3447 per
1134 3417 1233 3448 quam
1256 3408 1295 3439 sit
1319 3408 1366 3439 di·

294 3457 432 3486 versum,
449 3449 505 3481 sed
521 3456 628 3491 potest
643 3451 752 3491 seipso
768 3461 837 3483 esse
853 3450 1025 3483 diversum.
1047 3451 1125 3483 Ideo
1142 3451 1258 3483 dicitur
1273 3453 1366 3484 abso-

1427 325 1531 354 lutum
1548 332 1569 354 a
1575 324 1706 365 forma.
1723 342 1746 346 -
1762 321 1838 354 Hoc
1860 323 1963 354 modo
1987 323 2178 355 conceditur
2199 324 2311 356 album
2325 324 2366 356 ad
2381 325 2504 366 aliquid

1427 368 1491 399 dici
1510 373 1669 409 tanquam
1693 367 1733 399 ad
1755 367 1907 405 formam,
1931 377 2031 399 omne
2047 368 2136 399 enim
2155 368 2266 401 album
2284 369 2433 401 albedine
2456 376 2504 401 est

1426 413 1555 449 album;
1579 413 1655 444 licet
1686 421 1755 444 non
1787 413 1828 444 sit
1857 412 1898 444 ad
1927 412 2051 454 aliquid
2080 419 2236 454 tanquam
2264 413 2305 444 ad
2326 414 2503 446 terminum

1426 458 1652 488 extrinsecum.

1482 502 1576 533 Hanc
1599 501 1842 534 distinctionem
1865 512 1904 533 ex
1919 502 2039 534 Sancto
2056 502 2196 539 Thoma,
2212 502 2242 533 V
2258 502 2413 544 Metaph„
2431 512 2501 544 cap.

1426 545 1466 577 de
1489 546 1533 577 ad
1555 546 1723 588 aliquid‘,
1748 547 1863 578 elicere
1885 556 2071 588 possumus,
2094 548 2150 578 ubi
2171 547 2279 588 inquit
2302 546 2394 588 quod
2417 552 2503 579 recte

1426 591 1514 622 visus
1529 596 1640 631 potest
1661 591 1727 622 dici
1749 591 1896 628 videntis,
1922 602 1988 623 non
2013 592 2205 633 inquantum
2229 592 2318 623 visus
2344 596 2401 629 est,
2426 593 2502 633 quia

1425 636 1470 666 sic
1494 635 1611 666 dicitur
1638 635 1782 672 visibilis,
1804 636 1862 667 sed
1884 637 2077 678 inquantum
2104 636 2255 668 accidens
2281 637 2333 668 vel
2350 637 2502 678 potentia

1425 679 1581 713 videntis:
1604 680 1722 711 relatio
1746 681 1832 711 enim
1856 681 1987 722 respicit
2008 681 2135 723 aliquid
2163 687 2269 718 extra,
2294 691 2360 712 non
2392 687 2501 713 autem

1425 725 1557 766 respicit
1578 725 1755 756 subiectum
1776 725 1840 756 nisi
1862 725 2054 766 inquantum
2070 731 2119 757 est
2132 726 2292 757 accidens.
2317 726 2408 758 Sicut
2423 736 2500 768 ergo

1424 770 1511 800 visus
1535 775 1567 800 et
1590 769 1630 800 ad
1653 769 1777 800 visibile
1800 775 1986 811 respectum
2007 770 2106 801 habet
2121 775 2153 802 et
2168 770 2208 802 ad
2223 770 2398 808 videntem,
2414 770 2500 808 licet,

1424 815 1620 855 inquantum
1631 814 1763 855 proprie
1774 815 1955 851 relativum,
1968 814 2093 846 dicatur
2107 814 2148 846 ad
2157 815 2294 852 visibile,
2305 817 2502 857 inquantum

1425 865 1535 890 autem
1557 859 1707 890 accidens
1731 859 1781 890 vel
1809 860 1956 900 potentia
1986 858 2026 890 ad
2049 859 2242 897 subiectum,
2265 865 2303 891 ut
2329 861 2376 892 sic
2404 861 2502 892 etiam

1424 903 1514 944 largo
1537 903 1640 935 modo
1664 903 1728 935 dici
1750 904 1854 944 possit
1875 904 2056 940 relativum,
2073 904 2151 944 quia
2172 903 2214 936 ad
2236 904 2374 936 alterum
2393 915 2501 947 respe-

1425 954 1515 979 ctum
1530 949 1694 989 importat,
1710 948 1833 980 scilicet
1847 948 1888 980 ad
1903 949 2105 986 subiectum;
2124 949 2168 979 ita
2183 947 2334 980 differens
2347 950 2502 992 importat

1424 998 1608 1035 respectum
1632 992 1672 1024 ad
1695 992 1728 1024 id
1752 1003 1770 1023 a
1793 1003 1861 1035 quo
1885 992 1990 1024 differt
2013 998 2170 1034 tanquam
2193 992 2233 1024 ad
2255 994 2432 1026 terminum
2447 1004 2501 1026 ex-

1423 1034 1610 1075 trinsecum,
1627 1043 1659 1069 et
1674 1043 1711 1069 ut
1725 1038 1771 1069 sic
1794 1038 1926 1079 proprie
1949 1043 1997 1069 est
2019 1037 2204 1075 relativum;
2227 1038 2383 1079 importat
2405 1039 2502 1071 etiam

1423 1088 1608 1123 respectum
1631 1082 1672 1114 ad
1695 1081 1908 1114 differentiam
1930 1087 2087 1124 tanquam
2111 1082 2152 1113 ad
2174 1082 2314 1114 formam
2329 1092 2389 1125 per
2398 1087 2509 1125 quam

1424 1132 1472 1158 est
1495 1126 1659 1165 differens;
1684 1132 1716 1158 et
1745 1127 1791 1158 sic
1820 1127 1911 1168 largo
1934 1127 2037 1158 modo
2063 1132 2173 1168 potest
2199 1126 2265 1159 dici
2295 1127 2336 1159 ad
2367 1128 2505 1169 aliquid,

1423 1177 1522 1213 prout
1545 1181 1645 1203 omne
1669 1171 1986 1213 quomodocumque
2009 1172 2050 1203 ad
2073 1172 2211 1203 alterum
2233 1178 2419 1213 respectum
2441 1173 2506 1204 im-

1422 1222 1556 1258 portans
1579 1221 1688 1258 potest
1710 1216 1751 1248 ad
1774 1216 1898 1258 aliquid
1920 1216 1994 1248 dici.

1478 1260 1616 1293 Videtur
1637 1261 1718 1292 haec
1740 1262 1912 1302 responsio
1936 1271 2005 1292 esse
2027 1262 2131 1302 magis
2160 1261 2202 1292 ad
2231 1267 2377 1292 mentem
2400 1262 2505 1293 sancti

1423 1306 1585 1337 Doctoris.
1610 1306 1695 1337 Nam
1718 1306 1835 1343 Prima,
1860 1315 1892 1347 q.
1909 1316 1954 1343 111,
1978 1316 2007 1337 a.
2025 1306 2056 1343 8,
2073 1305 2113 1336 ad
2130 1305 2161 1342 3,
2185 1306 2309 1348 inquit:
2338 1306 2431 1337 Unde
2452 1316 2505 1338 se-

1423 1350 1566 1382 cundum
1588 1351 1830 1392 Philosophum,
1854 1351 1885 1382 X
1907 1351 2062 1392 Metaph„
2086 1350 2250 1382 diversum
2278 1351 2426 1382 absolute
2453 1351 2507 1385 di—

1423 1395 1520 1433 citur,
1536 1395 1593 1427 sed
1616 1405 1712 1427 omne
1733 1395 1890 1437 differens
1912 1396 2023 1437 aliquo
2040 1395 2161 1437 differt.
2186 1395 2235 1426 Ex
2250 1404 2319 1437 quo
2335 1395 2390 1426 dat
2408 1396 2504 1427 intel·

1422 1440 1520 1481 ligere
1536 1440 1628 1482 quod
1642 1450 1702 1482 pro
1719 1439 1837 1472 eodem
1853 1441 1971 1482 accipit
1982 1440 2176 1477 absolutum,
2190 1445 2223 1471 et
2238 1450 2304 1471 non
2322 1440 2506 1482 importans

1413 1485 1567 1527 sormam
1583 1495 1603 1515 a
1619 1494 1654 1516 se
1669 1485 1854 1516 distinctam
1870 1494 1936 1527 qua
1950 1485 1994 1516 sit
2007 1485 2091 1522 tale;
2110 1490 2142 1516 et
2157 1485 2303 1516 similiter
2317 1485 2362 1516 ad
2376 1485 2506 1528 aliquid

1422 1539 1483 1571 pro
1508 1530 1704 1571 importante
1724 1530 1878 1572 somnam
1907 1539 1973 1571 qua
2002 1530 2046 1561 sit
2073 1530 2140 1561 tale
2161 1539 2182 1561 a
2205 1539 2241 1561 se
2267 1530 2380 1572 aliquo
2403 1530 2501 1562 modo

1423 1575 1618 1606 distinctam.
1642 1575 1752 1606 Primo
1777 1575 1874 1606 etiam
1897 1574 1997 1611 Sent.,
2021 1574 2053 1605 d.
2069 1583 2136 1612 vm,
2153 1583 2184 1616 q.
2201 1584 2223 1612 1,
2239 1584 2269 1606 a.
2286 1583 2317 1612 2,
2333 1574 2375 1606 ad
2390 1575 2422 1612 3,
2445 1574 2504 1607 de-

1423 1619 1546 1651 clarans
1569 1619 1742 1661 demente
1765 1619 1957 1660 Philosophi
1979 1618 2152 1660 quomodo
2173 1618 2337 1651 diversum
2351 1620 2393 1651 sit
2407 1620 2502 1652 abso—

1422 1664 1529 1696 lutum
1561 1670 1592 1695 et
1622 1664 1772 1695 differens
1804 1664 1985 1701 relativum,
2009 1664 2149 1704 assignat
2175 1673 2237 1705 pro
2266 1665 2391 1696 ratione
2423 1665 2508 1706 quia-

1424 1719 1519 1740 omne
1550 1709 1706 1751 differens
1735 1709 1848 1750 aliquo
1881 1708 2001 1751 differt,
2029 1708 2094 1740 sed'
2114 1718 2180 1740 non
2212 1718 2308 1740 omne
2336 1709 2500 1741 diversum

1423 1754 1535 1795 aliquo
1559 1759 1607 1785 est
1629 1754 1802 1785 diversum.
2387 1772 2389 1774 -

1478 1798 1546 1829 Vll.
1571 1798 1624 1829 Ad
1646 1797 1828 1830 secundum
1844 1799 1862 1816 ⁶
1885 1797 2002 1829 dicitur
2025 1797 2117 1838 quod
2139 1797 2303 1829 diversum
2331 1803 2364 1830 et
2392 1798 2501 1831 diver-

1422 1843 1503 1874 sitas
1524 1843 1673 1884 negative
1696 1843 1858 1880 dicuntur,
1882 1843 1966 1874 sicut
1989 1852 2055 1873 non
2081 1842 2164 1873 idem
2188 1848 2221 1873 et
2244 1851 2311 1873 non
2335 1843 2498 1876 identitas.

1422 1887 1518 1919 Unde
1541 1887 1704 1918 diversum
1726 1897 1796 1919 non
1820 1892 1868 1918 est
1890 1887 1999 1928 aliqua
2025 1886 2208 1918 diversitate
2237 1886 2402 1919 diversum
2430 1893 2514 1920 tan—-

1423 1941 1523 1974 quam
1545 1931 1661 1969 forma,
1685 1931 1742 1963 sed
1764 1937 1920 1972 tanquam
1943 1931 2118 1972 negatione
2139 1930 2274 1962 formae.

1477 1976 1722 2008 Advertendum
1753 1985 1888 2018 quoque
1921 1975 2022 2017 quod,
2053 1976 2130 2007 licet
2159 1975 2323 2007 diversum
2354 1975 2502 2009 videatur

1422 2021 1553 2053 relative
1575 2027 1608 2053 et
1631 2021 1671 2052 ad
1694 2021 1817 2062 aliquid
1839 2020 1914 2058 dici,
1938 2020 2102 2052 diversum
2125 2021 2213 2052 enim
2239 2021 2280 2052 ab
2309 2021 2421 2064 aliquo
2452 2027 2501 2054 est

1422 2066 1603 2103 diversum
1619 2072 1728 2097 tamen
1743 2066 1798 2097 illa
1813 2066 2013 2107 praepositio
2025 2065 2066 2097 ab
2076 2075 2146 2097 non
2158 2066 2313 2107 importat
2323 2067 2500 2099 terminum

1422 2111 1596 2148 relationis,
1621 2110 1678 2142 sed
1700 2111 1898 2152 negationis:
1922 2111 2077 2152 importat
2099 2111 2187 2142 enim
2209 2110 2291 2142 illud
2307 2111 2361 2142 cui
2376 2111 2515 2153 aliquid<

1422 2165 1491 2187 non
1515 2161 1563 2187 est
1588 2155 1691 2193 idem;
1716 2156 1809 2192 sicut,
1834 2164 1911 2187 cum
1933 2154 2060 2192 dicitur,
2084 2155 2237 2187 Socrates
2260 2165 2326 2186 non
2357 2156 2501 2188 existens

1422 2201 1638 2244 distinguitur
1653 2211 1675 2232 a
1689 2201 1828 2232 Platone
1844 2210 1910 2231 non
1932 2200 2099 2237 existente,
2115 2209 2185 2231 non
2207 2200 2402 2242 importatur
2417 2201 2499 2233 ordo

1423 2246 1520 2277 unius
1543 2245 1583 2276 ad
1606 2245 1754 2282 alterum,
1779 2244 1835 2276 sed
1858 2245 1988 2286 negatio
2012 2245 2110 2276 unius
2132 2245 2172 2276 ab
2196 2245 2307 2276 altero.
2332 2245 2428 2278 Unde
2451 2245 2499 2278 di-

1422 2299 1551 2321 versum
1574 2300 1643 2321 non
1667 2296 1715 2321 est
1737 2290 1917 2327 relativum,
1941 2289 1998 2321 sed
2020 2289 2216 2321 absolutum.

1478 2335 1560 2366 Vlll.
1584 2335 1637 2366 Ad
1659 2335 1790 2367 tertium
1806 2336 1824 2352 ’
1846 2334 1965 2366 dicitur
1987 2334 2078 2376 quod
2101 2333 2293 2372 differentia,
2318 2335 2344 2366 si
2366 2336 2499 2377 proprie

1422 2385 1578 2417 sumatur,
1602 2379 1719 2411 dicitur
1741 2380 1824 2411 inter
1845 2379 1900 2411 illa
1923 2388 2008 2420 quae
2030 2388 2149 2420 genere
2172 2384 2228 2411 aut
2250 2380 2359 2421 specie
2387 2379 2498 2415 distin-

1421 2430 1575 2466 guuntur,
1592 2431 1629 2456 ut
1645 2424 1759 2456 dicitur
1775 2425 1805 2455 X
1818 2425 1972 2466 Metaph„
1989 2429 2064 2455 text.
2083 2432 2121 2455 12
2134 2425 2161 2456 *.
2187 2423 2281 2456 Unde
2297 2434 2366 2456 non
2381 2424 2500 2457 suffieit

1422 2469 1463 2501 ad
1486 2469 1698 2501 differentiam
1722 2470 1852 2511 proprie
1875 2469 1994 2500 dictam
2010 2475 2047 2500 ut
2063 2469 2171 2511 aliqua
2186 2469 2221 2500 in
2236 2479 2305 2501 uno
2329 2471 2499 2502 communi

1421 2514 1561 2555 analogo
1574 2519 1607 2546 et
1615 2514 1851 2556 proportionali
1863 2515 2070 2550 conveniant,
2079 2514 2135 2546 sed
2146 2515 2320 2555 requiritur
2330 2519 2367 2546 ut
2378 2524 2499 2547 unum-

1422 2559 1580 2600 quodque
1601 2559 1733 2591 illorum
1757 2560 1797 2590 sit
1819 2559 1853 2590 in
1883 2568 2001 2600 genere
2034 2559 2144 2600 aliquo
2175 2565 2231 2591 aut
2260 2560 2378 2601 specie.
2403 2559 2498 2592 Unde

1422 2604 1528 2645 inquit
1555 2603 1677 2635 ibidem
1707 2604 1936 2645 Philosophus,
1960 2605 1989 2635 X
2013 2604 2169 2645 Metaph„
2193 2603 2286 2646 quod
2309 2609 2438 2646 oportet
2464 2610 2503 2637 ut

1422 2649 1505 2680 illud
1527 2658 1592 2690 quo
1616 2649 1728 2690 aliqua
1752 2649 1919 2691 differunt,
1942 2649 1986 2680 sit
2012 2649 2139 2690 aliquid
2167 2649 2250 2680 idem
2275 2649 2323 2690 (in
2347 2649 2389 2681 iis
2415 2659 2500 2692 quae

1421 2702 1488 2725 non
1512 2694 1560 2724 sic
1582 2693 1740 2736 differunt
1754 2693 1800 2734 ’):
1824 2693 1887 2725 hoc
1909 2699 2018 2726 autem
2041 2699 2089 2725 est
2109 2703 2216 2736 genus
2238 2699 2298 2726 aut
2318 2694 2449 2736 species.

1477 2737 1579 2777 Quod
1593 2748 1672 2770 vero
1695 2739 1802 2780 inquit
1817 2738 1954 2770 Sanctus
1970 2738 2126 2775 Th0mas‚
2143 2743 2177 2770 et
2190 2738 2391 2776 Aristoteles,
2406 2738 2509 2783 quod'

1422 2783 1518 2814 etiam
1543 2792 1628 2824 quae
1651 2789 1727 2814 sunt
1749 2792 1854 2814 unum
1877 2784 2093 2825 proportione
2108 2789 2185 2815 sunt
2199 2782 2389 2821 differentia,
2404 2784 2498 2816 intel·

1421 2827 1588 2868 ligendum
1612 2833 1671 2865 est,
1695 2828 1867 2869 supposito
1891 2828 1983 2869 quod
2005 2827 2270 2870 unumquodque
2297 2828 2429 2860 illorum
2458 2828 2500 2860 sit

1421 2873 1454 2904 in
1470 2882 1599 2913 genere.
1622 2872 1665 2904 Et
1689 2872 1780 2914 quod
1803 2872 2019 2914 exemplificat
2037 2873 2078 2905 de
2099 2873 2281 2915 quantitate
2295 2878 2327 2905 et
2341 2873 2500 2916 qualitate

1421 2927 1505 2959 quae
1528 2917 1690 2949 uniuntur
1712 2918 1746 2948 in
1770 2922 1851 2954 ente,
1875 2927 1944 2949 non
1968 2918 2085 2959 accipit
2103 2917 2159 2949 ina
2173 2927 2234 2959 pro
2256 2918 2429 2959 generibus
2443 2928 2499 2960 ge·

1421 2962 1637 2999 neralissimis,
1661 2962 1719 2994 sed
1741 2971 1802 3004 pro
1826 2962 1996 3004 speciebus
2021 2971 2190 3004 generum,
2214 2967 2294 3004 puta
2322 2972 2383 3005 pro
2413 2963 2499 2996 linea

1422 3012 1454 3038 et
1477 3006 1638 3038 albedine:
1663 3007 1722 3038 ista
1746 3007 1834 3038 enim
1865 3006 2018 3039 differunt
2046 3015 2176 3048 genere,
2198 3007 2233 3039 in
2256 3007 2349 3039 nullo
2378 3016 2498 3040 conve-

1421 3051 1542 3083 nientia
1557 3057 1684 3092 praeter
1694 3060 1794 3093 quam
1808 3051 1842 3083 in
1859 3057 1934 3083 ente
1950 3051 1991 3083 de
2005 3052 2084 3094 ipsis
2099 3051 2386 3094 proportionaliter
2397 3051 2496 3084 dieto.

1477 3095 1603 3127 Dicitur
1626 3105 1704 3137 ergo
1727 3095 1768 3127 ad
1791 3101 2019 3137 argumentum
2042 3096 2144 3138 quod,
2167 3096 2245 3128 lieet
2265 3096 2355 3128 Deua
2377 3101 2412 3128 et
2428 3105 2498 3128 ma-

1421 3141 1499 3172 teria
1514 3141 1547 3172 in
1564 3146 1638 3172 ente
1654 3141 1851 3172 conveniant
1866 3140 1907 3173 de
1921 3141 2000 3182 ipsis
2014 3140 2303 3183 proportionaliter
2317 3140 2416 3178 dicto,
2426 3147 2496 3173 non

1421 3191 1530 3216 tamen
1555 3186 1756 3217 conveniunt
1778 3185 1862 3217 sicut
1884 3185 1992 3227 aliqua
2021 3185 2223 3218 diversorum
2251 3192 2410 3226 generum
2441 3191 2499 3217 aut

1422 3229 1619 3261 diversarum
1634 3231 1828 3272 specierum,
1843 3236 1882 3262 ut
1900 3230 2050 3271 intelligit
2064 3229 2201 3262 Sanctus
2216 3228 2373 3267 Thomas,
2389 3229 2448 3271 qui
2462 3239 2498 3262 se

1422 3274 1461 3305 ad
1477 3275 1685 3306 Aristotelem
1707 3274 1814 3312 refert,
1830 3275 1859 3306 X
1872 3274 2128 3316 Metaplysicae.
2144 3292 2167 3298 -
2181 3273 2335 3306 Similiter
2350 3273 2391 3306 de
2406 3273 2498 3306 diffe-

1421 3320 1531 3350 rentiis
1563 3320 1723 3360 oppositis
1755 3325 1803 3351 est
1833 3319 2019 3351 dicendum.
2052 3318 2210 3358 Quamvis
2240 3319 2329 3351 enim
2357 3318 2392 3351 in
2422 3325 2497 3351 ente

1422 3364 1628 3400 conveniant,
1656 3373 1725 3395 non
1748 3369 1825 3395 sunt
1846 3369 1956 3395 tamen
1977 3363 2012 3395 in
2037 3370 2155 3404 genere
2178 3363 2290 3405 aliquo
2314 3369 2370 3395 aut
2388 3364 2497 3406 specie

1423 3418 1506 3450 quae
1529 3407 1570 3440 de
1592 3409 1670 3450 ipsis
1693 3408 1871 3440 formaliter
1892 3407 2128 3450 praedicentur.
2153 3407 2230 3440 ideo
2254 3409 2367 3451 seipsis
2386 3408 2499 3441 distin-

1421 3458 1575 3494 guuntur,
1599 3463 1669 3484 non
1692 3458 1802 3485 autem
1825 3452 1895 3484 aliis
1917 3451 2115 3484 differentiis.

1124 3567 1661 3609 wem—-

2529 547 2539 556 '
2554 546 2618 569 Lect.
2639 553 2663 574 ¹7
2682 547 2742 573 (Did.

2529 572 2570 599 1v.
2580 579 2619 601 xv,
2629 573 2658 600 8).

2527 1798 2536 1808 “
2552 1797 2624 1821 Num.
2634 1804 2669 1822 ιν.

2527 2338 2535 2348 ·
2550 2337 2612 2360 ibid.

2525 2425 2742 2452 ‘Ut-lama

2524 2458 2599 2476 mm.

2525 2700 2535 2710 ·
2549 2697 2633 2722 8.·ΙῚΙ.
2647 2698 2714 2723 luds
