2768 4134
71 705 144 753 left:
151 709 264 752 '5232ti
274 710 279 727 ³

64 1293 73 1301 “
86 1291 134 1319 Cap
152 1297 213 1318 tv,n.
224 1297 244 1319 3,
256 1297 275 1318 5.

304 1337 352 1373 de
372 1335 563 1372 intellectu
582 1332 754 1383 possibili
775 1332 931 1378 dixerat,
952 1331 1092 1368 scilicet
1111 1332 1220 1381 quod
1239 1332 1285 1369 sit
1309 1334 1377 1369 im·
1433 1333 1465 1370 si
1484 1334 1561 1371 hoc
1580 1332 1671 1370 dicit
1686 1332 1734 1370 de
1754 1332 1948 1370 intellectu
1967 1331 2158 1382 possibili:
2187 1333 2280 1383 quia
2298 1334 2375 1371 hoc
2393 1334 2511 1372 etiam

304 1391 441 1426 mixtus
456 1396 492 1425 et
507 1387 614 1437 quod
630 1387 676 1424 sit
689 1392 894 1436 separatus.
911 1384 1101 1430 Tertium,
1113 1385 1254 1423 scilicet
1268 1386 1377 1435 quod
1392 1406 1419 1421 ιο
1433 1399 1552 1436 supra
1570 1386 1591 1408 ’¹‘
1619 1386 1767 1423 dixerat
1793 1386 1843 1423 de
1877 1398 1995 1423 sensu
2023 1394 2060 1423 et
2092 1386 2262 1424 sensibili
2291 1388 2511 1426 secundum
2538 1395 2622 1445 {xc-v-
2638 1402 2716 1446 &nuh
2727 1405 2752 1446 3-

63 1451 141 1474 ‘1bid-
158 1458 180 1473 n·
190 1458 254 1480 5,11.
304 1443 350 1479 sit
369 1441 613 1492 impassibilis,
634 1440 707 1477 sub
727 1438 971 1477 distinetione
991 1437 1187 1476 dixerat*:
1212 1439 1378 1477 ostendit
1433 1448 1577 1478 actum.
1598 1440 1746 1478 Sensus
1769 1439 1877 1477 enim
1899 1439 1944 1477 fit
1971 1447 2060 1478 actu
2084 1451 2155 1489 per
2182 1440 2353 1490 speciem
2382 1453 2511 1479 sensa·
2571 1428 2633 1452 ἀφ’
2686 1440 2693 1452 ’
2718 1440 2724 1446 '
2745 1439 2752 1446 '

303 1495 409 1533 enim
428 1494 556 1544 primo
576 1494 684 1543 quod
713 1505 794 1530 non
814 1500 870 1530 est
892 1491 1082 1542 passibilis
1101 1492 1200 1529 sicut
1223 1504 1375 1540 sensus3
1432 1502 1513 1531 tam
1543 1493 1583 1531 in
1611 1500 1716 1539 actu3
1747 1500 1783 1530 et
1811 1492 1984 1530 similiter
2010 1493 2224 1530 intellectus
2247 1493 2441 1543 possibilis
2467 1494 2512 1532 fit

303 1557 339 1586 et
366 1547 622 1598 postmodum
651 1546 817 1584 ostendit
845 1545 965 1596 quod,
986 1546 1248 1583 communiter
1275 1546 1372 1584 acci·
1433 1555 1522 1585 actu
1550 1559 1621 1597 per
1649 1546 1821 1596 speciem
1849 1546 2123 1595 intelligibilem
2154 1553 2259 1594 actu;
2285 1555 2322 1584 et
2349 1548 2424 1585 hac
2451 1560 2510 1586 ra-

302 1602 446 1652 piendo
470 1603 563 1651 pati,
592 1600 781 1650 passibilis
810 1607 877 1647 est,
898 1599 1133 1648 inquantum
1162 1599 1303 1637 scilicet
1322 1607 1379 1637 est
1433 1600 1538 1638 tione
1568 1599 1781 1638 intellectus
1801 1599 1841 1637 in
1861 1608 1950 1638 actu
1968 1599 2109 1637 dicitur
2127 1599 2257 1650 ipsum
2279 1600 2511 1650 intelligibile

303 1656 343 1693 in
362 1654 533 1705 potentia
547 1654 598 1691 ad
617 1653 873 1702 intelligibilia.
891 1652 1087 1699 Quartum
1102 1665 1197 1690 vero
1213 1653 1377 1691 omnino
1392 1673 1417 1694 ,ς
1434 1654 1474 1691 in
1509 1662 1609 1691 actu.
1630 1675 1656 1680 -
1676 1653 1745 1691 Est
1772 1652 1886 1702 igitur
1913 1652 2127 1691 dicendum
2154 1654 2276 1703 quod,
2299 1662 2511 1704 postquam

303 1715 509 1757 negaverat
542 1707 590 1744 de
626 1707 818 1744 intellectu
850 1705 1034 1756 possibili,
1069 1705 1236 1743 dicendo
1269 1707 1376 1756 quod
1433 1708 1657 1745 Aristoteles
1676 1706 1948 1744 determinavit
1974 1707 2024 1744 de
2053 1707 2245 1745 intellectu
2273 1707 2447 1756 possibili
2474 1715 2511 1746 et

304 1770 384 1799 erat
399 1764 435 1799 in
450 1762 616 1811 potentia
636 1761 687 1797 ad
704 1760 959 1810 intelligibilia,
976 1765 1009 1796 et
1033 1760 1125 1796 nihil
1142 1761 1278 1797 horum
1297 1766 1379 1797 erat
1434 1769 1581 1810 agente,
1615 1759 1677 1797 hic
1705 1759 1838 1810 incipit
1870 1760 2129 1798 determinare
2162 1760 2211 1797 de
2243 1759 2437 1798 intellectu
2469 1761 2510 1799 in

65 1830 73 1838 ·
87 1828 146 1850 und.
161 1834 218 1850 mu
304 1822 388 1853 actu
409 1820 495 1853 ante
514 1814 720 1864 intelligere
733 1814 764 1850 ³⁸.
792 1813 855 1851 Sic
873 1813 986 1862 igitur
1005 1812 1045 1850 in
1064 1813 1222 1850 duobus
1241 1813 1377 1863 primis
1434 1822 1533 1862 actu,
1562 1813 1695 1852 dicens
1723 1813 1833 1863 quod
1864 1815 2018 1852 scientia
2050 1815 2089 1851 in
2122 1819 2207 1851 actu
2241 1820 2292 1852 est
2323 1814 2422 1865 idem
2454 1817 2513 1853 rei

364 386 448 422 Nec
477 390 606 419 tamen
635 378 923 426 intelligendum
948 383 1003 412 est
1031 375 1140 424 quod
1168 374 1380 411 intellectus

312 449 427 486 agens
457 435 501 471 sit
529 432 682 470 habitus
701 443 771 481 per
790 430 956 467 modum
976 441 1056 477 quo
1077 427 1231 465 habitus
1261 434 1317 463 est
1340 426 1380 463 in

311 487 480 527 secunda
508 485 635 535 specie
664 483 865 534 qualitatis,
903 481 1121 519 secundum
1154 480 1263 529 quod
1296 479 1380 529 qui-

310 543 402 580 dam
430 540 608 578 dixerunt
636 538 871 575 intellectum
899 542 1077 583 agentem
1102 546 1185 571 esse
1214 535 1379 570 habitum

304 595 590 645 principiorum.
616 590 720 638 Quia
746 589 898 626 habitus
924 589 985 625 ille
1014 586 1296 637 principiorum
1324 594 1380 622 est

309 654 488 696 acceptus
516 658 539 682 a
567 643 822 689 sensibilibus,
853 650 895 678 ut
923 641 1061 691 probat
1091 640 1310 676 Aristoteles
1338 639 1378 676 in

309 702 338 738 Il
366 697 673 737 Posteriorum*:
700 704 736 732 et
759 696 813 732 sic
837 702 988 744 oportet
1007 693 1114 743 quod
1144 693 1190 729 sit
1219 692 1379 728 effectus

308 753 520 790 intellectus
553 749 710 799 agentis,
743 749 854 786 cuius
883 755 938 784 est
965 747 1246 796 phantasmata,
1277 757 1378 794 quae

309 814 397 843 sunt
411 805 600 842 intellecta
614 803 653 840 in
673 801 856 852 potentia,
871 801 994 838 facere
1010 799 1197 836 intellecta
1217 798 1256 835 in
1276 806 1376 836 actu.

309 859 386 897 Sed
415 857 599 907 accipitur
627 855 781 893 habitus
809 854 1025 891 secundum
1056 852 1164 900 quod
1194 851 1380 889 dividitur

308 920 441 950 contra
451 912 701 961 privationem
717 914 749 945 et
758 909 983 957 potentiam:
997 905 1094 941 sicut
1109 904 1238 941 omnis
1252 904 1379 942 forma

308 973 344 1002 et
372 972 478 1003 actus
497 971 622 1014 potest
642 961 715 999 dici
742 960 906 997 habitus.
928 959 977 996 Et
996 959 1072 996 hoc
1094 965 1264 1007 apparet,
1286 958 1379 1008 quia

307 1018 397 1056 dicit
416 1019 492 1055 hoc
511 1016 632 1054 modo
648 1015 881 1051 intellectum
901 1018 1078 1060 agentern
1098 1023 1181 1048 esse
1201 1011 1378 1049 habitum

306 1075 397 1109 sicut
425 1072 547 1108 lumen
573 1070 717 1106 habitus
745 1073 806 1103 est.

360 1123 510 1161 Deinde
537 1120 742 1168 subiungit,
771 1119 880 1168 quod
907 1120 967 1155 hic
995 1118 1208 1164 intellectus,
1238 1117 1379 1156 scilicet

306 1189 433 1225 agenS,
455 1181 505 1212 est
531 1179 725 1224 separatus
745 1179 778 1209 et
806 1173 997 1209 immixtus
1025 1177 1058 1208 et
1086 1173 1319 1221 impassibilis
1345 1178 1378 1209 et

303 1231 504 1267 substantia
533 1233 617 1265 actu
646 1237 721 1263 ens.
751 1226 908 1262 Horum
928 1231 1059 1262 autem
1079 1232 1248 1274 quatuor
1275 1237 1376 1274 quae

304 1281 472 1320 attribuit
500 1280 706 1318 intellectui
735 1279 870 1328 agenti,
900 1278 980 1315 duo
1010 1278 1162 1327 supra*
1198 1290 1377 1328 expresse

304 1869 516 1906 intellectus
531 1867 722 1917 possibilis
737 1866 920 1904 convenit
933 1879 1026 1904 cum
1041 1874 1194 1915 agente;
1211 1866 1251 1903 in
1266 1866 1376 1904 tertio

303 1921 444 1971 partim
472 1920 654 1958 convenit
682 1928 719 1957 et
745 1919 886 1969 partim
906 1919 1049 1964 differt;
1079 1919 1119 1956 in
1147 1927 1286 1968 quarto
1309 1932 1376 1957 au·
1392 1939 1418 1959 ,ο

303 1983 383 2012 tem
412 1973 576 2021 omnino
604 1973 731 2010 differt
749 1985 867 2021 agens
886 1985 909 2010 a
928 1971 1112 2022 possibili.
1129 1994 1156 1999 -
1170 1973 1253 2010 Has
1280 1985 1376 2022 qua-

303 2036 393 2065 tuor
420 2026 661 2064 conditiones
684 2026 829 2074 agentis
848 2026 987 2075 probat
1014 2037 1085 2075 per
1112 2037 1234 2063 unam
1262 2026 1375 2064 ratio-

162 2100 184 2120 v,
199 2100 213 2114 n
232 2100 252 2115 2.
303 2093 407 2128 nem,
437 2078 675 2128 subiungens
689 2079 724 2116 *ε
753 2081 908 2129 Semper
926 2080 1026 2116 enim
1049 2079 1307 2117 honorabilius
1325 2086 1377 2118 est

304 2146 423 2185 agens
436 2134 612 2184 patiente,
630 2139 663 2170 et
676 2135 920 2183 principium,
937 2131 1078 2170 scilicet
1095 2131 1279 2180 activum,
1295 2145 1376 2171 ma·

759 300 947 338 SUMMA
976 297 1198 335 CONTRA
1227 295 1503 340 GENTILES,
1531 295 1627 332 LIB.
1647 295 1689 340 ΙΙ,
1721 294 1832 331 CAP.
1852 295 2056 332 LXXVIII.

1437 374 1545 422 quod
1574 372 1700 410 differt
1729 372 1941 409 intellectus
1960 384 2077 421 agens
2097 386 2119 411 a
2138 375 2327 423 possibili:
2357 376 2398 413 in
2417 389 2511 415 narn

1436 426 1628 463 intellectu
1662 433 1796 474 agente
1830 425 1935 462 idem
1965 433 2021 463 est
2055 426 2268 476 intelligens
2296 436 2333 466 et
2367 429 2511 468 intelle-

1436 487 1559 525 ctum;
1589 491 1670 516 non
1698 486 1830 516 autem
1849 479 1889 516 in
1908 478 2093 528 possibili.
2114 502 2140 507 —
2155 480 2244 518 Hoc
2269 489 2401 520 autem
2428 495 2510 521 ma-

1435 532 1568 569 nifeste
1605 539 1660 569 est
1695 540 1830 569 contra
1863 531 2119 570 intentionem
2147 533 2371 572 Aristotelis.
2404 535 2511 574 Nam

1402 599 1411 619 ς
1435 598 1554 635 supra
1572 585 1592 607 '¹‘
1621 585 1760 622 eadem
1778 585 1900 623 verba
1918 586 2065 623 dixerat
2092 586 2141 623 de
2169 586 2362 625 intellectu
2389 589 2511 638 possi-

1434 638 1513 685 bili,
1534 638 1603 675 ubi
1631 638 1724 675 dixit
1743 639 1792 675 de
1813 639 2006 676 intellectu
2029 639 2203 689 possibili
2222 641 2331 690 quod
2360 643 2438 692 ipse
2456 644 2511 679 in·

1434 692 1634 742 telligibilis
1661 698 1713 729 est
1739 693 1832 729 sicut
1860 692 2126 744 intelligibilia:
2144 694 2182 730 in
2203 695 2259 731 his
2287 696 2386 731 enim
2417 707 2513 745 quae

1433 747 1514 782 sine
1542 747 1701 783 materia
1719 751 1815 791 sunt,
1846 746 1944 783 idem
1964 752 2016 783 est
2037 740 2239 784 intellectus
2267 753 2301 785 et
2329 748 2431 798 quod
2456 750 2510 786 in-

1434 799 1635 849 telligitur‚·
1652 800 1806 836 scientia
1826 812 1990 848 namque
2003 799 2242 849 speculativa,
2262 807 2296 838 et
2315 801 2417 851 quod
2431 814 2512 852 spe-

1394 872 1420 886 m
1434 853 1599 889 culatum
1619 859 1682 898 est,
1699 853 1796 889 idem
1812 858 1874 889 est.
1891 852 2094 890 Manifeste
2109 852 2213 890 enim
2226 866 2298 903 per
2311 855 2389 892 hoc
2402 855 2511 904 quod

1434 905 1647 943 intellectus
1684 904 1888 954 possibilis,
1922 913 2040 955 prout
2068 913 2125 942 est
2161 912 2250 943 actu
2287 907 2511 957 intelligens,

1434 958 1540 996 idem
1564 966 1620 996 est
1647 971 1739 996 cum
1759 970 1807 995 eo
1828 959 1937 1008 quod
1956 958 2186 1007 intelligitur,
2205 961 2290 997 vult
2307 962 2512 999 ostendere

1435 1013 1543 1062 quod
1567 1012 1779 1050 intellectus
1797 1011 1990 1062 possibilis
2009 1011 2229 1061 intelligitur
2247 1012 2345 1051 sicut
2363 1014 2436 1052 alia
2454 1014 2511 1052 in-

1433 1065 1650 1115 telligibilia.
1676 1066 1725 1103 Et
1742 1077 1885 1115 parum
1904 1078 2023 1116 supra
2035 1065 2056 1087 ’¹‘
2075 1065 2222 1103 dixerat
2240 1067 2350 1116 quod
2367 1066 2511 1106 intelle-

1394 1128 1519 1161 15ctus
1537 1118 1731 1169 possibilis
1758 1124 1814 1156 est
1837 1121 2002 1169 potentia
2031 1119 2310 1169 quodammodo
2339 1121 2511 1172 intelligi-

1435 1173 1535 1219 bilia,
1569 1173 1635 1210 sed
1666 1173 1758 1210 nihil
1794 1179 1878 1209 actu
1907 1179 1958 1210 est
1986 1178 2188 1222 antequam
2217 1174 2416 1224 intelligat.-
2441 1175 2511 1212 ubi

1434 1238 1613 1276 expresse
1642 1226 1708 1263 dat
1739 1225 1947 1274 intelligere
1980 1226 2089 1275 quod
2117 1238 2188 1276 per
2215 1227 2292 1264 hoc
2317 1227 2427 1277 quod
2454 1228 2510 1265 in-

1432 1279 1563 1328 telligit
1581 1287 1680 1326 actu,
1700 1278 1744 1316 fit
1771 1278 1855 1329 ipsa
1880 1278 2137 1328 intelligibilia.
2167 1280 2253 1317 Nec
2281 1288 2338 1318 est
2365 1280 2512 1319 mirum

1431 1870 1546 1906 scitae
1573 1869 1611 1904 in
1639 1872 1736 1904 actu.
2440 1899 2443 1902 ,

1432 1973 1600 2024 tempore
1623 1974 1734 2023 prior
1762 1974 1799 2010 in
1829 1984 1905 2010 uno
1934 1978 2003 2010 est:
2037 1974 2192 2011 omnino
2225 1979 2362 2022 autem,
2391 1985 2511 2025 neque

1433 2029 1470 2064 in
1500 2033 1678 2076 tempore.
1701 2026 1792 2073 Qua
1811 2025 1973 2076 quidem
1992 2025 2237 2064 distinctione
2255 2025 2355 2064 inter
2370 2027 2509 2077 poten·

1431 2080 1526 2118 tiam
1554 2087 1592 2117 et
1618 2087 1751 2117 actum
1786 2078 1827 2117 in
1861 2078 2040 2129 pluribus
2074 2079 2169 2117 locis
2203 2078 2338 2118 utitur:
2368 2079 2510 2121 scilieet

1432 2134 1542 2184 quod
1560 2141 1669 2171 actus
1683 2132 1903 2170 secundum
1922 2139 2105 2171 naturam
2124 2141 2182 2170 est
2193 2132 2301 2183 prior
2317 2133 2507 2184 potenti&

303 2190 408 2226 teria.
439 2188 566 2236 Supra
595 2186 700 2224 enim
728 2186 874 2224 dixerat
893 2185 1002 2235 quod
1021 2185 1234 2224 intellectus
1258 2198 1375 2235 agens
1392 2203 1414 2223 ις
1432 2195 1610 2237 tempore
1637 2198 1745 2233 vero,
1774 2185 1815 2224 in
1842 2198 1925 2224 uno
1953 2194 1990 2224 et
2018 2186 2160 2224 eodem
2192 2186 2302 2236 quod
2334 2194 2509 2236 mutatur

303 2249 359 2278 est
378 2241 475 2278 sicut
493 2252 611 2277 causa
625 2239 808 2286 efficiens,
823 2247 860 2277 et
874 2238 1066 2289 possibilis
1086 2239 1183 2277 sicut
1201 2240 1373 2278 materia.

302 2295 377 2332 Per
395 2295 472 2331 hoc
491 2301 622 2331 autem
637 2293 814 2330 medium
829 2292 1117 2330 concluduntur
1134 2293 1216 2330 duo
1235 2293 1374 2343 prima,

302 2347 372 2385 sic:
395 2361 414 2381 «
433 2348 561 2395 Agens
581 2354 637 2383 est
664 2345 932 2384 honorabilius
951 2345 1118 2396 patiente
1139 2353 1175 2383 et
1201 2346 1372 2384 materia.

1431 2241 1481 2278 de
1515 2240 1689 2290 potentia
1723 2239 1764 2277 in
1797 2247 1942 2287 actum,
1978 2247 2034 2277 est
2067 2239 2176 2290 prior
2200 2240 2374 2290 potentia
2398 2248 2506 2290 actu3

1431 2294 1655 2344 simpliciter
1673 2305 1768 2331 vero
1788 2293 1999 2343 loquendo,
2018 2305 2100 2331 non
2123 2300 2180 2331 est
2196 2293 2370 2344 potentia
2389 2293 2507 2335 etiam

1430 2355 1607 2398 tempore
1636 2346 1743 2397 prior
1770 2354 1870 2393 actu,
1890 2345 1984 2396 quia
2002 2346 2175 2396 potentia
2198 2358 2281 2385 non
2309 2347 2508 2386 reducitur

2539 601 2548 610 ·
2564 600 2622 628 Cap.
2638 607 2669 628 iv,
2684 607 2698 623 n
2720 607 2744 623 ια

2539 1080 2549 1089 ‘
2563 1078 2634 1101 Num.
2648 1087 2681 1102 ιι.

1487 1919 1639 1958 Deinde
1668 1919 1760 1957 dicit
1777 1919 1813 1957 *z
1840 1921 1915 1962 Qui
1941 1931 2032 1957 vero
2059 1920 2264 1958 secundum
2286 1921 2508 1970 potentiam,
2537 1930 2547 1939 ·
2562 1929 2620 1958 σιν·
2641 1935 2664 1956 v.
2684 1935 2708 1952 n·
2729 1936 2750 1952 ²-

302 2401 380 2439 Sed
408 2399 611 2450 possibilis,
642 2399 709 2449 qui
738 2408 794 2437 est
822 2399 919 2436 sicut
946 2399 1096 2449 patiens
1131 2407 1168 2436 et
1199 2399 1372 2447 materia,
1430 2401 1471 2439 in
1499 2408 1630 2439 actum
1660 2399 1733 2438 nisi
1760 2412 1832 2450 per
1859 2407 2002 2438 actum.
2031 2399 2134 2438 Dicit
2153 2411 2244 2450 ergo
2263 2400 2373 2450 quod
2400 2402 2505 2440 intel-

301 2462 357 2491 est
385 2461 583 2503 separatus
618 2461 654 2490 et
689 2452 900 2499 immixtus,
935 2461 978 2490 ut
1010 2464 1128 2502 supra
1162 2453 1374 2502 probatum
1387 2469 1415 2489 40
1428 2455 1542 2492 lectus
1570 2455 1634 2504 qui
1660 2460 1711 2491 est
1737 2453 1942 2492 secundum
1969 2455 2185 2504 potentiam,
2214 2453 2356 2493 scilicet
2380 2454 2505 2504 pos-'si-

299 2515 368 2545 est.
389 2507 492 2555 Ergo
511 2507 635 2544 multo
654 2506 776 2555 magis
796 2518 912 2555 agens
930 2522 964 2543 ».
985 2506 1071 2544 Alia
1093 2518 1188 2544 vero
1207 2518 1279 2556 per
1296 2507 1373 2546 hoc
1428 2507 1526 2553 bilis,
1546 2515 1665 2557 prout
1683 2515 1740 2544 est
1758 2507 1798 2544 in
1813 2506 1995 2557 potentia,
2005 2508 2119 2557 prior
2131 2512 2183 2545 est
2200 2512 2370 2558 tempore
2382 2519 2504 2558 quam

299 2560 476 2598 medium
496 2560 549 2597 sic
564 2560 869 2598 concluduntur:
894 2575 914 2594 «ι
932 2561 1061 2609 Agens
1079 2559 1118 2597 in
1134 2560 1211 2598 hoc
1225 2568 1282 2598 est
1301 2561 1371 2598 ho·
1429 2561 1642 2600 intellectus
1670 2560 1710 2598 in
1728 2568 1834 2598 actu:
1857 2568 1894 2598 et
1921 2560 1999 2599 hoc
2017 2560 2106 2598 dico
2125 2562 2164 2598 in
2193 2573 2270 2599 uno
2298 2566 2332 2599 et
2359 2561 2502 2611 eodem,-

298 2613 511 2652 norabilius
534 2613 700 2663 patiente
730 2621 766 2651 et
794 2612 965 2660 materia,
985 2613 1093 2663 quod
1122 2621 1372 2663 comparatur
1426 2616 1519 2653 Non
1548 2620 1673 2652 tamen
1702 2615 1870 2660 omnino,
1891 2613 1988 2651 idest
2011 2613 2294 2652 universaliter:
2324 2613 2418 2664 quia
2444 2613 2503 2657 in-

298 2668 348 2705 ad
376 2667 507 2717 ipsum
534 2666 631 2704 sicut
659 2679 775 2716 agens
804 2674 840 2704 et
868 2675 956 2705 actu
985 2679 1054 2704 ens
1078 2667 1127 2704 ad
1155 2666 1306 2716 patiens
1334 2675 1371 2705 et
1425 2669 1598 2706 tellectus
1624 2667 1816 2718 possibilis
1844 2663 2042 2705 reduc'itur
2069 2666 2111 2706 in
2137 2675 2270 2706 actum
2297 2680 2369 2718 per
2395 2667 2504 2714 intel·

298 2733 366 2758 ens
394 2720 434 2758 in
464 2720 647 2770 potentia.
683 2721 898 2758 Intellectus
926 2728 1059 2758 autem
1093 2720 1286 2770 possibilis
1314 2729 1370 2759 est
1384 2736 1408 2756 ις
1425 2723 1571 2760 lectum
1589 2729 1781 2770 agentem,
1809 2720 1878 2770 qui
1896 2728 1953 2761 est
1981 2728 2082 2766 actu,
2102 2727 2145 2759 ut
2172 2721 2277 2768 dixit,
2297 2729 2334 2759 et
2361 2720 2503 2766 iterum

296 2774 444 2824 patiens
463 2774 762 2823 quodammodo
789 2782 826 2811 et
853 2774 1024 2824 potentia
1043 2786 1124 2811 ens.
1154 2775 1369 2813 Intellectus
1424 2788 1496 2826 per
1522 2775 1694 2825 aliquem
1713 2774 1950 2812 intellectum
1974 2773 2201 2824 possibilem
2227 2775 2374 2813 factum
2392 2782 2500 2823 amm

296 2827 409 2876 igitur
422 2839 539 2876 agens
553 2835 610 2865 est
623 2839 741 2876 agens
760 2839 842 2865 non
857 2827 1018 2877 patiens,
1039 2835 1076 2865 et
1095 2835 1183 2865 actu
1203 2840 1273 2866 ens
1291 2843 1324 2866 ιι.
1342 2850 1367 2856 -
1424 2829 1531 2867 unde
1545 2828 1640 2866 dixit
1654 2827 1694 2866 in
1714 2828 1759 2866 111
1778 2829 1929 2878 Pnysic.
1945 2827 1978 2875 ⁴⁸,
1993 2828 2104 2878 quod
2117 2835 2206 2866 ante
2225 2828 2426 2867 addiscere
2444 2827 2501 2867 in-
2529 2835 2662 2892 ‘mol'gm'
2681 2843 2706 2867 ³:
2723 2844 2742 2860 ³-

296 2881 402 2918 Patet
430 2889 562 2918 autem
591 2881 699 2930 quod
727 2893 799 2918 nec
833 2893 879 2919 ex
909 2881 970 2918 his
1001 2880 1131 2918 verbis
1154 2881 1367 2920 Aristotelis
1423 2882 1526 2932 diget
1544 2881 1684 2932 aliquis
1703 2881 1880 2928 docente,
1900 2888 1943 2919 ut
1971 2881 2180 2919 reducatur
2199 2881 2248 2919 de
2266 2880 2440 2931 potentia
2458 2881 2501 2920 in
2597 2879 2604 2886 '
2629 2879 2636 2886 “

296 2933 427 2971 haberi
447 2942 573 2984 potest
591 2935 699 2984 quod
719 2934 931 2972 intellectus
950 2946 1068 2983 agens
1097 2934 1143 2972 sit
1170 2935 1366 2984 quaedam
1422 2944 1566 2974 actum.
1587 2958 1612 2962 —
1638 2934 1701 2974 Sic
1729 2934 1843 2984 igitur
1870 2934 1911 2972 in
1938 2933 2068 2972 verbis
2094 2933 2175 2972 istis
2203 2933 2371 2974 ostendit
2398 2934 2500 2975 ordi·

297 2987 507 3025 substantia
534 2995 724 3038 separata:
754 2988 822 3026 sed
851 2988 959 3038 quod
987 2987 1035 3026 sit
1067 2994 1262 3038 separatus
1290 2989 1367 3027 hoc
1382 3004 1408 3025 so
1422 3002 1516 3027 nem
1544 2989 1758 3026 intellectus
1786 2987 1992 3038 possibilis,
2020 2995 2139 3038 prout
2162 2995 2220 3026 est
2247 2988 2288 3026 in
2314 2987 2498 3038 potentia,

295 3041 417 3078 modo
436 3053 517 3090 quo
537 3053 654 3090 supra
673 3041 767 3079 dixit
785 3042 834 3079 de
858 3041 1043 3091 possibili,
1067 3041 1208 3079 scilicet
1231 3048 1270 3080 ut
1289 3055 1364 3081 non
1421 3043 1471 3081 ad
1500 3042 1738 3080 intellectum
1766 3041 1806 3079 in
1834 3049 1934 3079 actu.

295 3095 427 3131 habeat
442 3106 643 3144 organum.
655 3116 681 3122 -
693 3095 812 3142 Quod
829 3102 960 3132 autem
979 3094 1071 3132 dicit
1089 3095 1196 3144 quod
1212 3103 1269 3133 est
1281 3098 1365 3134 sub·
1476 3095 1628 3134 Deinde
1644 3095 1735 3133 dicit
1747 3094 1785 3133 ¹⁸:
1802 3095 1877 3133 Sed
1895 3107 1970 3133 non
1985 3095 2192 3146 aliquando
2205 3095 2354 3144 quidem
2367 3093 2498 3133 intelli-
2526 3100 2536 3110 ·
2549 3098 2608 3127 0⁸¹²·
2623 3106 2645 3128 vv
2659 3106 2683 3123 ¹¹·
2693 3106 2714 3124 ²·

293 3149 429 3184 stantia
457 3154 541 3186 actu
561 3160 637 3194 ens,
659 3160 740 3185 non
759 3155 949 3198 repugnat
968 3148 1003 3186 ei
1024 3148 1132 3198 quod
1153 3148 1365 3187 substantia
1420 3151 1487 3200 git,
1503 3155 1538 3187 et
1550 3149 1754 3199 aliquando
1770 3161 1845 3187 non
1861 3148 2042 3199 intelligit.
2058 3149 2102 3186 In
2116 3159 2198 3198 quo
2208 3146 2379 3186 ostendit
2388 3145 2498 3187 diffe-

58 3213 67 3222 ·
84 3212 130 3240 Qu.
295 3200 447 3237 animae
471 3209 526 3238 est
555 3200 594 3238 in
622 3201 804 3251 potentia,
824 3209 867 3240 ut
886 3213 1005 3252 supra
1017 3201 1039 3224 *
1067 3209 1267 3240 ostensum
1295 3210 1362 3240 est.
1421 3202 1587 3241 rentiam
1605 3202 1819 3241 intellectus
1838 3200 1878 3240 in
1897 3209 1986 3239 actu
2005 3209 2042 3239 et
2060 3201 2275 3240 intellectus
2291 3199 2495 3250 possibilis.

59 3266 68 3274 ·
83 3265 130 3293 Cap
347 3253 498 3291 Deinde
527 3254 722 3303 subiungit
735 3255 773 3292 *z
804 3256 910 3293 Idem
939 3261 1063 3293 autem
1083 3261 1134 3292 est
1161 3257 1364 3294 secundum
1381 3272 1403 3293 ss
1422 3257 1551 3306 Supra
1563 3255 1584 3278 '¹‘
1599 3255 1705 3294 enim
1720 3255 1814 3293 dixit
1826 3255 1875 3293 de
1895 3254 2089 3293 intellectu
2103 3253 2276 3304 possibili
2289 3252 2400 3302 quod
2414 3265 2496 3291 non
2525 3266 2534 3275 ·
2550 3264 2608 3294 eno.
2619 3271 2652 3292 n.
2666 3271 2690 3288 a.
2706 3273 2744 3290 η.

58 3305 67 3314 ·
87 3304 220 3328 comment.
240 3307 267 3328 ad

57 3332 266 3359 iext.¹9.s01.¹62v.

295 3312 417 3344 actum
453 3309 604 3345 scientia
634 3310 698 3345 rei.
728 3310 770 3345 In
799 3321 880 3358 quo
910 3308 1207 3346 Commentator
1233 3309 1323 3347 dicit
1345 3309 1366 3332 '⁸‘
1421 3321 1577 3359 semper
1611 3308 1792 3357 intelligit,
1831 3309 1900 3346 sed
1928 3308 2168 3358 quandoque
2201 3318 2282 3344 non
2314 3305 2495 3356 intelligit,

349 3439 380 3464 16
400 3440 574 3473 impassibilis}
596 3442 667 3473 quod
686 3441 853 3474 impassibilis
873 3441 929 3467 EG.
1011 3449 1044 3475 ²7
1064 3449 1111 3466 ens
1132 3442 1174 3467 lta
1192 3441 1264 3472 W1>;
1283 3447 1324 3467 est
1340 3443 1431 3468 ceteri.
1518 3441 1550 3476 37
1570 3441 1698 3476 medium]
1718 3442 1856 3468 manifecte
1874 3441 1955 3467 addit
1972 3439 2002 3467 Ζ.
2084 3438 2117 3465 38
2137 3438 2174 3464 nic
2194 3439 2236 3464 Ita
2255 3438 2370 3470 ῦΝὸΡσῖ
2389 3439 2428 3465 ⁸10
2445 3439 2496 3465 td-

295 3475 352 3499 licet
370 3475 412 3504 W,
432 3475 528 3500 scilicet
546 3477 636 3501 ceteri.
718 3485 751 3508 42
772 3478 962 3502 concluduntur
983 3478 1024 3503 Ita
1043 3477 1125 3507 DNZ;
1145 3477 1255 3502 excludit
1275 3477 1325 3510 pY.
1345 3478 1476 3504 concludit
1494 3478 1540 3509 ΒΥ,
1561 3478 1731 3504 excluduntur
1748 3477 1839 3504 ceteri.
1917 3484 1952 3509 47
1971 3480 2013 3500 “t
2030 3482 2110 3507 ⁸80¹!ss
2129 3482 2172 3499 om
2189 3483 2213 3506 αι
2233 3480 2274 3499 est
2294 3475 2336 3504 ΡΟ,
2357 3480 2398 3500 0³¹
2416 3483 2495 3508 ¹80⁰!

296 3515 321 3534 et
339 3510 370 3537 Z:
388 3518 440 3542 pro
459 3517 525 3542 netu,
545 3513 658 3544 potentia
678 3513 734 3542 NZ;
753 3513 788 3536 W
806 3514 886 3545 legit:
906 3513 983 3546 igitur
1002 3521 1082 3546 agens
1103 3520 1154 3537 non
1176 3514 1275 3545 patiens
1295 3518 1335 3538 est
1349 3514 1396 3539 sed
1415 3521 1495 3547 agens
1522 3518 1548 3539 et
1572 3518 1639 3540 actu.
1732 3513 1764 3538 55
1785 3513 1902 3538 Idem...
1920 3511 1957 3536 rei
1980 3510 2063 3543 (idest
2086 3514 2192 3535 textum
2211 3511 2378 3543 Aristotelis)
2397 3518 2440 3536 οηι
2460 3511 2494 3542 Ε;

297 3545 334 3569 ita
371 3546 386 3569 b
408 3546 439 3570 30
460 3546 556 3576 Qui...
574 3551 702 3579 tempore,
723 3547 754 3572 52
775 3549 870 3574 Sed...
891 3556 944 3573 non
963 3549 1090 3581 intelligit,
1110 3553 1136 3573 et
1153 3547 1205 3581 495
1225 3556 1239 3572 a
1258 3548 1275 3574 6
1294 3549 1494 3581 Separatum...
1513 3557 1575 3574 vere
1599 3555 1652 3580 ean
1671 3548 1695 3574 G
1710 3548 1805 3580 prima
1823 3547 1879 3573 tria
1897 3547 1958 3572 loca
1975 3546 2112 3580 expungit
2125 3553 2179 3579 per
2195 3553 2228 3570 va
2248 3550 2298 3572 cnt-

349 3588 364 3612 7
384 3581 558 3615 intelligibilia]
578 3583 627 3607 ana
645 3583 723 3608 addit
742 3583 773 3614 ι),
789 3584 947 3616 praefigunt
966 3584 1018 3609 ΝΖ.
1091 3583 1108 3609 8
1127 3584 1282 3617 intellectus]
1303 3584 1451 3617 intelligens
1470 3585 1514 3611 pc.
1589 3591 1621 3610 ω
1641 3589 1683 3609 m
1701 3583 1771 3617 eum}
1794 3590 1854 3609 cum
1873 3582 1922 3607 «x.
1996 3587 2030 3612 ¹4
2050 3587 2141 3613 parum
2167 3589 2246 3615 supra
2272 3582 2371 3607 dixer-t
2387 3581 2495 3613 (nempe

297 3617 351 3639 tres
369 3616 453 3640 lineas
477 3618 560 3648 apra
585 3618 665 3643 verba
690 3619 745 3650 ipse
770 3618 938 3651 intelligibilis
962 3625 1015 3650 esu
1040 3620 1076 3654 cs.
1101 3620 1148 3645 Ar.
1165 3618 1219 3651 430
1238 3627 1252 3644 a
1273 3627 1297 3650 2,
1316 3627 1370 3653 4²9
1389 3620 1405 3644 b
1427 3619 1471 3655 30)
1493 3621 1535 3646 Ita
1554 3627 1604 3646 ’¹⁰⁸
1627 3619 1693 3650 8011'5
1717 3619 1832 3653 Primum
1857 3624 1937 3651 ⁸¹¹P¹³¹
1955 3616 2053 3642 dlxfflt
2070 3623 2171 3642 omne&
2264 3616 2296 3643 ¹5
2316 3617 2431 3650 poten&
2449 3624 2493 3642 οὓ

297 3649 441 3676 ιΒΨΧΡε.
528 3659 558 3684 ¹7
579 3653 649 3685 quod
664 3661 708 3685 pr.
728 3654 784 3679 loco
803 3661 845 3679 om
867 3655 916 3679 αΧ.
1004 3654 1035 3680 52
1057 3654 1156 3679 Deinde
1175 3653 1244 3687 dicit]
1264 3654 1363 3680 Deinde
1382 3663 1442 3680 cum
1462 3655 1522 3681 dicit
1541 3655 1597 3681 DG.
1679 3653 1741 3688 Sedl
1761 3654 1783 3679 ni
1802 3653 1855 3679 DZ.
1939 3651 2056 3686 quidem]
2076 3653 2148 3685 quod
2167 3652 2241 3679 aDX.
2325 3651 2358 3678 53
2377 3659 2432 3679 non
2448 3658 2493 3678 om

297 3684 376 3715 GNY,
396 3687 465 3717 quod
485 3694 536 3711 non
556 3687 585 3712 D.
678 3688 708 3713 55
729 3690 799 3721 quod
820 3690 860 3714 lta
880 3690 927 3719 bP:
945 3690 988 3722 qui
1006 3690 1098 3716 ceteri.
