2768 4134
749 283 940 322 SUMMA
969 283 1192 321 CONTRA
1220 283 1496 331 GENTILES,
1524 288 1619 325 LIB.
1640 289 1681 333 11,
1711 289 1822 326 CAP.
1844 291 1926 327 XC.

234 363 277 395 de
300 363 417 394 habere
434 362 572 393 eandem
595 361 735 393 formam
759 367 791 393 et
814 363 957 403 speciem
978 362 1085 402 primo
1109 360 1227 397 modo;
1244 371 1312 391 non

235 414 346 440 autem
369 407 515 439 secundo
539 407 672 445 modo„

292 453 344 484 111.
369 452 530 483 Secundo.
547 452 604 483 Illa
616 451 796 483 substantia
811 460 880 482 non
899 451 1032 482 haberet
1054 449 1164 481 solum
1186 449 1311 480 intelle-

234 503 336 529 ctum.
360 497 447 535 Quia
463 496 579 528 frustra
601 492 748 527 uniretur
763 495 911 536 corpori:
929 504 969 525 eo
986 493 1077 535 quod
1092 494 1216 525 nullam
1232 503 1312 534 ope-

234 543 395 574 rationem
418 542 550 573 haberet
571 551 630 582 per
649 549 786 581 corpus;
810 549 882 577 nec,
898 540 1044 580 inquam,
1061 539 1239 580 intelligere
1256 544 1312 569 aut

233 587 327 624 velle,
344 587 421 628 quia
435 596 494 627 per
509 594 670 626 organum
685 585 832 625 eorporis
846 593 916 615 non
932 589 1138 620 exercentur;
1161 593 1222 615 nec
1238 592 1311 613 mo-

233 642 319 669 vere,
336 633 413 673 quia
436 631 597 662 elementa
611 639 680 660 non
699 634 834 660 movent
849 629 965 669 seipsa,
981 628 1039 659 sed
1061 637 1177 660 eorum
1200 633 1311 660 motus

232 683 309 708 sunt
327 686 347 707 a
360 675 600 717 generantibus,
617 679 649 704 et
663 683 722 714 per
737 683 944 714 consequens
955 682 1024 704 non
1037 679 1112 704 sunt
1125 674 1275 704 animata.
1288 690 1311 694 -

233 721 310 752 Non
333 721 431 752 etiam
454 719 587 750 haberet
616 718 693 749 alias
720 719 846 749 animae
874 723 989 759 partes.
1015 717 1111 756 Quia,
1136 727 1212 749 cum
1236 717 1310 749 illae

232 766 298 797 sint
319 765 506 805 aliquorum
533 771 732 804 organorum
754 767 871 803 partes,
896 767 1062 803 oporteret
1083 763 1118 793 in
1145 762 1309 793 elemento

232 819 303 841 esse
324 809 542 840 diversitatem
569 817 785 849 organorum:
810 806 902 848 quod
929 812 1087 848 repugnat
1113 807 1310 848 simplicitati

231 855 344 896 ipsius.
360 872 384 876 —
399 853 487 894 Ergo
511 858 574 884 etc.
748 849 753 853 ’

289 908 320 930 2.
340 899 462 930 Tertio.
479 898 651 936 Elementa
664 902 742 928 sunt
757 906 896 938 corpora
914 896 1110 938 ignobiliora
1126 895 1309 927 secundum

229 953 324 983 suam
346 944 490 985 speciem
514 942 707 985 corporibus
727 942 851 973 mixtis:
876 942 954 982 quia
976 947 1052 973 sunt
1074 941 1310 982 propinquiora

230 990 384 1021 materiae
405 989 541 1030 primae,
557 993 592 1018 et
611 997 671 1029 per
694 996 901 1028 consequens
923 987 1026 1028 magis
1049 986 1083 1016 in
1105 986 1254 1027 potentia
1278 991 1309 1016 et

230 1034 340 1066 minus
367 1034 402 1064 in
424 1038 498 1064 actu
529 1032 706 1073 completo.
730 1031 773 1062 Et
793 1031 901 1062 anima
924 1031 1119 1062 intellectiva
1143 1036 1191 1062 est
1213 1030 1308 1061 nobi-

230 1079 352 1111 lissima
368 1077 482 1109 forma.
498 1077 586 1118 Ergo
602 1082 665 1108 etc.
680 1095 703 1099 -
718 1076 877 1107 Probatur
887 1076 1133 1117 consequentia.
1145 1075 1232 1114 Quia
1247 1084 1308 1106 no-

231 1123 354 1156 bilior'ss
377 1122 525 1164 corporis
548 1127 597 1154 est
617 1121 761 1153 nobilior
784 1121 899 1152 forma.

235 1200 237 1204 ,
285 1167 428 1200 Adverte
457 1166 560 1208 quod,
590 1165 671 1198 dum
701 1165 781 1198 dixit
807 1166 944 1198 Sanctus
971 1166 1117 1197 Thomas
1147 1165 1308 1196 elementa

228 1221 300 1251 ease
321 1212 518 1254 ignobiliora
539 1211 733 1252 corporibus
750 1212 869 1248 mixtis,
889 1210 1013 1242 addidit
1037 1210 1214 1242 secundum
1236 1218 1308 1251 spe-

229 1257 329 1299 ciem:
351 1257 429 1298 quia
450 1266 520 1288 non
543 1261 619 1298 sunt
642 1255 796 1287 omnibus
810 1255 919 1287 modis
934 1255 1139 1297 ignobiliora.
1156 1254 1199 1286 Ut
1219 1254 1307 1285 enim

229 1292 415 1343 dicitjzrjv
427 1301 530 1337 Sent.,
554 1297 585 1332 d.
602 1310 696 1338 nvn,
719 1310 750 1342 q.
767 1311 800 1338 n,
817 1311 845 1331 a.
868 1309 894 1337 1,
911 1301 971 1341 qu·
991 1309 1018 1338 1,
1037 1300 1077 1332 ad
1094 1300 1124 1338 3,
1148 1303 1306 1341 quantum

73 1345 78 1358 ¹
111 1344 134 1383 ,¹2
228 1339 281 1379 eff
294 1346 534 1390 perfectionem
562 1345 690 1387 speciei,
718 1346 856 1377 mixtum
885 1350 933 1376 est
963 1346 1104 1376 nobilius
1129 1345 1308 1375 elemento:

170 1406 183 1411 ν’
228 1397 388 1434 μαι-ειη
410 1400 489 1422 rer-o
515 1390 561 1422 ad
585 1391 834 1431 perpetuitatem
861 1389 1059 1426 durationis,
1091 1400 1109 1421 e
1135 1389 1305 1421 contrario

227 1446 350 1478 corpus
372 1436 511 1476 simplex
534 1440 582 1467 est
604 1435 746 1467 nobilius
769 1436 883 1466 mixto.

244 1481 317 1523 „33-
337 1481 477 1518 Quarto.
498 1479 672 1522 Oporteret
689 1480 781 1521 quod
800 1489 948 1521 corpora,
964 1485 1089 1520 quanto
1105 1484 1212 1511 essent
1227 1479 1306 1509 vici-

226 1523 322 1565 niora
343 1525 522 1562 elementis,
540 1530 632 1555 tanto
656 1530 763 1556 essent
784 1525 1022 1566 propinquiora
1045 1524 1085 1555 ad
1108 1524 1218 1554 vitam.
1241 1523 1306 1555 Sed

227 1569 428 1602 contrarium
454 1574 603 1610 apparet:
631 1569 707 1609 quia
733 1569 862 1610 plantae
889 1568 998 1599 minus
1027 1569 1148 1599 habent
1173 1567 1215 1599 de
1241 1569 1305 1599 vita

227 1615 329 1657 q'ulim
343 1614 505 1650 animalia,
521 1619 554 1644 et
569 1618 679 1644 tamen
694 1619 770 1645 sunt
789 1614 1042 1654 propinquiores
1059 1619 1180 1649 terrae;
1197 1618 1230 1643 et
1243 1614 1305 1644 mi-

225 1659 358 1696 naalia,
381 1667 467 1700 quae
489 1657 597 1689 adhuc
619 1663 723 1689 terrae
746 1664 823 1689 sunt
843 1658 1092 1699 propinquiora,
1115 1658 1226 1689 minus
1248 1658 1304 1689 ha-

226 1703 309 1741 biat
327 1703 369 1736 de
390 1703 468 1734 vita.
492 1702 581 1743 Ergo
604 1707 666 1733 etc.

186 1762 190 1766 ·
231 1778 234 1782 .
254 1747 425 1788 „attende
446 1746 541 1788 quod
566 1745 820 1778 fundamentum
847 1745 944 1777 huius
973 1746 1107 1778 rationis
1134 1751 1183 1778 est
1213 1745 1304 1788 quod

225 1790 352 1839 quanto
368 1790 492 1834 aliquid
507 1791 751 1832 appropinquat
764 1789 1012 1831 perfectissimo,
1029 1796 1120 1822 tanto
1136 1797 1184 1822 est
1198 1790 1304 1832 perfe-

225 1831 321 1872 citus:
331 1835 376 1869 Et
389 1834 476 1873 ideo,
489 1845 567 1867 cum
582 1834 793 1871 elementum,
806 1834 831 1865 si
842 1840 985 1876 ponatur
1000 1835 1180 1866 animatum
1196 1836 1305 1867 anima

226 1880 433 1919 intellectiva,
449 1880 683 1923 perieetissime
698 1880 782 1910 inter
800 1880 942 1911 animata
958 1879 1112 1911 inferiora
1126 1881 1243 1911 habeat
1258 1881 1304 1911 vi-

226 1934 305 1966 tu,
321 1927 447 1968 optime
469 1926 617 1967 sequitur
630 1924 733 1966 quod,
754 1930 879 1964 quanto
903 1924 1038 1965 aliquod
1060 1934 1181 1965 corpus
1201 1925 1304 1965 magis

226 1971 538 2016 appopinquaverit
561 1970 737 2007 elemento,
753 1975 843 2000 tanto
870 1968 1046 2010 perfectius
1060 1969 1159 2000 vitam
1177 1969 1302 2000 habeat.

231 2051 234 2053 Α
265 2027 315 2059 «4.
330 2016 466 2055 Quinto.
483 2015 521 2049 In
531 2015 701 2049 elementis
716 2020 792 2046 sunt
807 2014 1017 2046 excellentiae
1033 2013 1128 2045 calidi
1140 2019 1173 2045 et
1187 2012 1303 2054 frigidi,

227 2060 354 2098 humidi
378 2065 410 2092 et
429 2060 519 2091 sicci.
544 2058 632 2101 Ergo
656 2065 718 2090 etc.
733 2077 757 2081 -
772 2059 930 2090 Probatur
953 2058 1198 2100 consequentia.
1218 2057 1304 2097 Quia

225 2103 379 2140 omnium
405 2105 584 2136 viventium
612 2103 871 2145 corruptibilium
899 2103 965 2133 vita
993 2112 1053 2143 per
1081 2102 1304 2134 excellentiam

226 2150 462 2185 contrarietatis
482 2149 713 2190 corrumpitur.
733 2149 775 2179 Et
798 2158 855 2189 per
875 2157 1081 2188 consequens
1104 2148 1304 2189 impossibile

227 2203 278 2230 est
299 2198 334 2228 in
357 2196 404 2226 eis
427 2204 496 2226 esse
516 2195 626 2225 vitam.

247 2242 249 2247 ⁴
281 2241 338 2275 IV.
355 2240 466 2272 Sexto.
483 2239 518 2271 Si
533 2239 661 2280 aliquae
677 2243 782 2279 partes
798 2237 952 2269 elementi
967 2237 1106 2268 habeant
1120 2237 1182 2268 sibi
1198 2238 1303 2269 unitas

224 2285 421 2322 substantias
445 2289 692 2325 cognoscentes,
715 2284 855 2314 maxime
882 2282 1094 2323 assignabitur
1117 2283 1163 2313 eis
1188 2288 1303 2319 tactus,

229 2327 288 2375 qui
310 2336 360 2363 est
383 2328 572 2361 discretivus
596 2327 691 2359 calidi
715 2333 746 2358 et
777 2326 881 2368 frigidi
906 2332 938 2357 et
967 2327 1102 2358 aliarum
1130 2327 1304 2358 contrarie-

226 2380 335 2408 tatum
363 2373 656 2414 corrumpentium,
681 2377 712 2402 et
736 2373 794 2412 qui
820 2373 903 2402 inest
930 2371 1085 2403 omnibus
1111 2372 1303 2403 animalibus

230 2420 271 2452 ad
296 2419 590 2462 praeservationem
618 2426 637 2447 a
667 2416 969 2457 corrumpentibus:
998 2417 1077 2457 quia
1104 2422 1210 2457 partes
1239 2417 1304 2449 ele-

167 2468 170 2476 “
190 2467 194 2470 ”
227 2465 333 2497 menti
355 2469 432 2494 sunt
455 2461 690 2503 corruptibiles,
714 2467 831 2502 utpote
857 2461 1116 2493 contrarietatem
1139 2462 1304 2499 habentes,

229 2511 306 2543 licet
316 2507 502 2541 secundum
518 2508 627 2547 ipsum
645 2511 754 2538 totum
769 2506 969 2538 elementum
990 2507 1032 2538 sit
1047 2507 1303 2548 incorruptibile.

229 2554 296 2588 Sed
317 2553 372 2584 hic
394 2562 508 2584 sensus
530 2561 601 2583 non
622 2556 731 2592 potest
758 2551 863 2582 inesse
893 2552 1025 2592 corpori
1047 2552 1203 2592 simplici:
1229 2552 1305 2593 quia

231 2607 392 2640 organum
407 2602 512 2628 tactus
528 2601 659 2637 oportet
672 2605 743 2627 non
757 2595 876 2626 habere
891 2601 966 2626 actu
982 2596 1232 2633 contrarietates,
1248 2595 1305 2627 sed

227 2643 394 2686 potentia;
412 2640 503 2683 quod
518 2641 627 2672 solum
643 2641 797 2672 convenit
812 2641 920 2672 mixtis
934 2641 1130 2681 temperatis.
1143 2641 1230 2681 Ergo
1243 2646 1304 2672 etc.

288 2687 383 2719 Circa
404 2687 489 2717 hanc
504 2685 777 2728 propositionem,
792 2685 963 2716 Elementa
979 2685 1039 2716 etsi
1055 2685 1232 2716 secundum
1257 2690 1306 2715 to-

229 2738 300 2764 tum
322 2732 390 2763 sint
411 2731 683 2771 incorruptibilia,
700 2735 807 2761 tamen
829 2729 984 2772 singulae
1000 2735 1116 2771 partes
1136 2735 1214 2761 sunt
1231 2739 1305 2761 cor-

230 2777 411 2818 ruptibiles,
426 2781 538 2817 utpote
551 2775 817 2816 contrarietatem
833 2775 994 2810 habentes,
1018 2774 1201 2806 notandum
1215 2774 1307 2816 quod

231 2823 298 2855 hoc
312 2831 382 2853 non
404 2820 482 2853 dicit
497 2821 634 2852 Sanctus
649 2820 796 2852 Thomas
812 2820 904 2860 quasi
927 2825 1033 2860 partes
1057 2819 1209 2852 elementi
1227 2829 1306 2852 con-

231 2867 428 2899 trarietatem
450 2866 600 2902 habeant,
629 2874 699 2896 non
727 2869 837 2895 autem
867 2869 974 2896 totum
1004 2863 1217 2902 elementum3
1241 2865 1306 2896 hoc

234 2911 323 2944 enim
346 2916 394 2942 est
417 2910 546 2947 falsum,
571 2919 647 2941 cum
670 2909 840 2950 qualitates
864 2909 1101 2940 elementorum
1124 2908 1306 2940 secundum

231 2966 316 2998 quas
338 2955 515 2987 attenditur
540 2955 758 2990 contrarietas,
789 2955 878 2995 prius
902 2954 965 2984 sint
987 2954 1090 2984 totius
1113 2963 1212 2994 quam
1235 2963 1307 2994 par-

232 3003 328 3038 tium,
351 3005 467 3041 utpote
496 2999 637 3031 formam
662 2999 819 3030 elementi
849 3003 1104 3039 consequentes:
1133 2998 1190 3029 sed
1221 2999 1307 3039 quia,

231 3055 313 3079 ,cum
336 3045 536 3077 elementum
559 3045 820 3076 contrarietatem
841 3044 968 3080 habeat,
992 3049 1125 3084 propter
1148 3043 1239 3084 quod
1262 3048 1309 3075 est

233 3101 254 3123 a
275 3100 338 3122 suo
362 3090 525 3121 contrario
549 3089 774 3130 corruptibile;
791 3098 868 3120 cum
883 3098 952 3119 non
975 3089 1016 3119 sit
1034 3088 1244 3129 corruptibile
1258 3097 1308 3119 se-

235 3135 382 3168 cundum
405 3140 524 3171 totum,
548 3143 589 3165 eo
613 3133 714 3175 quod,
738 3139 775 3164 ut
798 3133 914 3164 dicitur
937 3132 964 3164 11
981 3132 1079 3170 Sent.,
1105 3132 1134 3163 d.
1151 3143 1214 3170 xxx,
1231 3142 1259 3163 a.
1278 3142 1307 3170 2,

235 3180 277 3212 ad
301 3190 330 3217 2,
355 3185 387 3210 et
409 3180 449 3210 de
469 3179 572 3215 Malo,
597 3188 629 3219 q.
646 3188 677 3215 v,
693 3188 722 3209 a.
741 3178 770 3215 5,
788 3177 827 3208 ad
844 3178 874 3214 6,
899 3177 1056 3208 elementa
1070 3187 1135 3219 per
1158 3178 1307 3209 virtutem

235 3225 387 3267 corporis
409 3224 557 3256 caelestis
574 3223 808 3265 gubernentur,
833 3232 853 3253 a
877 3218 940 3262 q‘uo
961 3222 1106 3253 actiones
1128 3231 1242 3253 eorum
1258 3232 1309 3253 re-

234 3271 408 3312 gulantur,
434 3275 481 3300 est
504 3268 686 3300 secundum
708 3273 816 3308 partes
839 3267 1060 3307 corruptibile.

283 3315 401 3346 Potest
424 3315 521 3346 etiam
545 3313 608 3346 dici
624 3312 715 3354 quod
736 3318 843 3353 partes
867 3312 1019 3344 elementi
1041 3312 1163 3342 habent
1181 3317 1309 3343 contra-

235 3359 395 3396 rietatem,
410 3369 480 3391 non
496 3364 606 3390 autem
620 3364 728 3389 totum
744 3357 954 3393 elementum,
974 3361 1133 3397 quantum
1157 3355 1198 3387 ad
1220 3365 1309 3386 exer-

237 3404 351 3435 citium
378 3404 621 3435 contrarietatis.
653 3403 745 3434 Licet
776 3402 863 3433 enim
894 3410 998 3432 unum
1029 3401 1228 3432 elementum
1259 3401 1309 3436 sit,

2361 294 2431 329 551

1367 363 1513 394 absolute
1543 366 1730 406 loquendo,
1762 370 1959 400 contrarium
1989 370 2078 401 alteri
2104 372 2228 403 ratione
2260 373 2438 412 primarum

1367 408 1574 447 qualitatum;
1588 420 1692 442 unum
1708 417 1816 443 tamen
1829 423 1897 444 non
1910 420 2035 445 exercet
2051 417 2309 447 contrarietatem
2325 423 2438 448 contra

1366 452 1504 502 alterum
1526 454 1708 486 secundum
1730 462 1836 488 totum
1860 458 1997 498 agendo,
2015 459 2136 490 scilicet
2158 460 2198 491 ad
2222 462 2290 492 eius
2314 461 2437 493 destru-

1366 501 1528 532 ctionem;
1553 497 1609 528 sed
1624 505 1750 530 tantum
1773 502 1953 532 secundum
1977 509 2081 543 partes
2104 505 2237 545 aliquas,
2256 506 2436 537 secundum

1366 549 1447 580 quas
1471 541 1631 572 elementa
1653 544 1793 575 invicem
1816 551 2077 578 transmutantur.

1422 584 1461 614 V.
1478 585 1632 625 Septimo.
1650 587 1685 618 ln
1702 588 1868 620 elementis
1883 600 1952 621 non
1968 597 2100 632 apparet
2122 592 2237 633 aliquis
2255 599 2364 625 motus
2387 595 2436 625 lo-

1365 628 1441 659 calis
1453 630 1511 669 qui
1523 631 1563 660 sit
1575 631 1614 661 ab
1631 632 1748 669 anima,
1761 633 1816 663 sed
1828 634 1934 665 solum
1946 642 2054 666 motus
2070 637 2231 668 naturalis.
2245 638 2330 678 Ergo
2348 644 2437 669 etc.-

1364 672 1522 704 Probatur
1546 677 1788 716 consequentia.
1813 677 1899 715 Quia
1922 689 2020 710 omne
2048 690 2166 722 corpus
2188 682 2298 712 vivens
2326 683 2436 723 aliquo

1365 716 1468 748 modo
1492 719 1673 750 secundum
1696 722 1837 752 animam
1865 722 2008 754 localiter
2034 720 2197 755 movetur:
2229 732 2264 756 ut
2287 733 2374 766 patet
2402 728 2435 758 in

1365 763 1558 802 corporibus
1582 764 1783 801 caelestibus,
1807 766 1832 796 si
1856 772 1931 796 sunt
1950 768 2105 804 animata;
2133 775 2164 799 et
2186 771 2219 800 in
2246 771 2435 802 animalibus

1365 811 1432 837 tam
1447 807 1598 847 perfectis
1621 818 1720 849 quam
1740 809 1951 850 imperfectis;
1969 818 2000 842 et
2015 813 2140 852 plantis,
2157 823 2240 853 quae
2263 822 2436 847 moventur

1365 857 1459 882 motu
1482 854 1647 892 augmenti
1672 859 1703 885 et
1725 853 1932 891 decrementi,
1957 857 2014 896 qui
2036 862 2112 887 sunt
2133 857 2243 897 aliquo
2262 859 2363 890 modo
2387 869 2435 891 se-

1365 895 1511 927 cundum
1534 897 1657 928 locum.

1420 939 1598 972 Sciendum
1622 942 1712 983 quod
1728 948 1837 974 motus
1853 945 2017 984 augmenti
2037 950 2068 976 et
2091 945 2297 983 decrementi,
2322 958 2435 979 secun-

1365 983 1444 1016 dum
1467 995 1502 1017 se
1533 992 1565 1017 et
1586 988 1705 1027 primo,
1737 997 1805 1019 non
1833 994 1908 1019 sunt
1931 995 2040 1020 motus
2063 990 2193 1021 locales.
2218 990 2304 1029 Quia
2326 998 2435 1023 motus

1364 1029 1476 1060 localis
1499 1036 1548 1062 est
1570 1030 1611 1062 ad
1633 1031 1756 1072 aliquid
1775 1034 1988 1065 extrinsecum
2012 1045 2029 1064 a
2051 1035 2176 1071 mobili,
2192 1035 2313 1066 scilicet
2333 1035 2373 1067 ad
2388 1036 2436 1067 lo-

1365 1083 1452 1111 cum,
1476 1076 1534 1116 qui
1557 1082 1605 1106 est
1627 1076 1661 1107 in
1685 1077 1823 1114 locante,
1840 1087 1908 1109 non
1931 1079 1964 1110 in
1980 1079 2103 1110 locato:
2128 1085 2193 1116 aut,
2210 1081 2236 1110 si
2259 1086 2307 1111 est
2321 1080 2363 1111 ad
2383 1082 2437 1112 ubi

1363 1119 1585 1157 intrinsecum,
1609 1121 1667 1161 qui
1689 1122 1730 1152 sit
1751 1129 1915 1162 respectus
1946 1123 2078 1164 quidam
2106 1134 2310 1165 consequens
2333 1126 2436 1157 conti-

1363 1165 1509 1196 nentiam
1530 1165 1630 1196 locati
1651 1176 1671 1196 a
1693 1166 1780 1203 loco,
1804 1167 1884 1199 illud
1899 1174 2008 1199 tamen
2032 1169 2085 1200 ubi
2108 1179 2176 1200 non
2194 1175 2241 1200 est
2264 1171 2433 1211 quantitas.

1364 1208 1475 1240 Motus
1497 1215 1608 1241 autem
1630 1213 1797 1252 augmenti
1820 1218 1868 1242 est
1890 1211 1931 1244 ad
1953 1215 2164 1254 quantitatem
2184 1215 2387 1246 intrinsecam
2405 1216 2434 1246 ei

1363 1253 1455 1294 quod
1477 1260 1614 1295 augetur
1636 1260 1692 1287 aut
1715 1255 1914 1288 diminuitur.
1931 1276 1952 1279 —
1973 1257 2189 1289 Consecutive
2212 1264 2322 1291 tamen
2338 1265 2433 1291 etse-

1363 1298 1519 1330 cundario
1543 1305 1619 1331 sunt
1640 1305 1751 1331 motus
1773 1301 1909 1332 locales:
1933 1303 2126 1342 inquantum
2150 1303 2241 1344 quod
2269 1314 2327 1344 per
2356 1314 2433 1345 aug-

1361 1349 1512 1375 mentum
1534 1345 1652 1385 accipit
1677 1346 1835 1377 maiorem
1865 1348 2086 1387 quantitatem,
2114 1354 2255 1389 occupat
2275 1349 2432 1380 maiorem

1361 1388 1474 1420 locum
1488 1398 1589 1429 quam
1604 1390 1694 1431 prius
1710 1397 1902 1431 occuparet;
1927 1397 1959 1422 et
1973 1393 2134 1423 minorem
2150 1394 2361 1433 quantitatem
2376 1403 2433 1434 per

1361 1432 1607 1466 decrementum
1637 1435 1809 1476 accipiens,
1840 1442 1980 1477 occupat
2006 1438 2167 1468 minorem
2196 1438 2307 1469 locum
2334 1448 2433 1479 quam

1360 1479 1460 1519 prius.
1484 1478 1621 1520 Propter
1650 1480 1725 1516 hoc,
1755 1490 1824 1512 non
1855 1481 1933 1512 dixit
1956 1482 2102 1513 absolute
2129 1482 2264 1514 Sanctus
2288 1483 2432 1515 Thomas

1361 1532 1457 1554 omne
1480 1523 1591 1555 vivens
1613 1525 1739 1555 moveri
1761 1525 1912 1556 localiter
1934 1526 1974 1556 ab
1998 1527 2121 1563 anima;
2139 1537 2200 1558 nec
2220 1533 2326 1558 motus
2349 1538 2431 1570 aug-

1360 1568 1461 1598 menti
1483 1573 1515 1599 et
1537 1568 1734 1600 decrementi
1763 1579 1832 1601 esse
1865 1571 2040 1602 secundum
2072 1572 2196 1602 Iocum:
2219 1572 2274 1603 sed
2303 1574 2431 1613 utrique

1359 1613 1579 1653 propositioni
1601 1613 1723 1645 addidit
1745 1615 1856 1656 aliquo
1880 1615 1989 1646 modo.

1416 1657 1470 1688 VI.
1495 1658 1609 1690 Posset
1624 1664 1734 1690 autem
1757 1659 1799 1690 ad
1821 1669 1936 1691 omnes
1963 1667 2036 1693 ante
2062 1662 2183 1701 positas
2205 1662 2345 1692 rationes
2369 1661 2432 1693 dici

1359 1701 1452 1743 quod
1463 1703 1577 1743 utique
1587 1704 1765 1735 substantia
1774 1704 1998 1736 intellectualis
2006 1715 2074 1736 non
2084 1707 2195 1737 unitur
2205 1706 2366 1737 elemento
2378 1712 2433 1737 aut

1359 1747 1442 1788 parti
1457 1747 1527 1779 eius
1539 1753 1695 1789 tanquam
1707 1747 1821 1785 forma,
1835 1755 1871 1780 ut
1887 1756 2074 1791 argumenta
2086 1750 2238 1791 probant:
2256 1749 2313 1781 sed
2324 1756 2432 1782 tamen

1360 1791 1471 1822 unitur
1487 1792 1516 1823 ei
1531 1797 1568 1824 ut
1583 1799 1702 1824 motor.
1716 1793 1793 1824 Ideo
1807 1799 1919 1825 contra
1929 1795 1994 1825 hoc
2011 1796 2114 1836 arguit
2126 1795 2260 1826 Sanctus
2276 1795 2431 1826 Thomas.

1415 1836 1537 1873 Primo,
1562 1836 1602 1868 de
1626 1847 1708 1869 aere.
1732 1838 1824 1869 Aeris
1847 1848 1920 1879 pars
1936 1849 2003 1870 non
2024 1845 2071 1870 est
2094 1849 2151 1880 per
2169 1840 2308 1880 seipsam
2323 1840 2431 1870 termi-

1359 1881 1484 1911 nabilis.
1508 1881 1595 1922 Ergo
1613 1891 1681 1913 non
1705 1888 1813 1922 potest
1828 1883 1935 1924 aliqua
1951 1885 2020 1914 eius
2043 1893 2115 1924 pars
2131 1883 2340 1914 determinata
2355 1894 2431 1924 pro-

1359 1925 1468 1966 prium
1497 1931 1627 1957 motum
1655 1927 1784 1963 habere,
1815 1933 1949 1968 propter
1976 1937 2076 1968 quem
2104 1929 2280 1960 substantia
2306 1929 2430 1960 intelle-

1359 1969 1474 2001 ctualis
1497 1970 1557 2001 sibi
1581 1971 1720 2002 uniatur.

1415 2013 1659 2046 Advertendum
1683 2021 1730 2046 est
1753 2015 1844 2056 quod
1868 2017 1948 2049 aeris
1963 2026 2035 2057 pars
2059 2016 2175 2049 dicitur
2197 2027 2266 2049 non
2290 2026 2358 2048 esse
2373 2026 2430 2058 per

1359 2059 1498 2099 seipsam
1521 2060 1739 2096 terminabilis,
1764 2060 1851 2101 quia,
1868 2070 1943 2091 cum
1959 2062 1999 2092 sit
2022 2071 2140 2102 corpus
2155 2061 2338 2099 humidum,
2359 2060 2430 2092 fluit

1360 2112 1535 2144 quousque
1559 2103 1598 2134 ad
1622 2103 1744 2145 aliquid
1760 2105 1974 2136 extrinsecum
1989 2107 2193 2142 terminetur:
2213 2111 2244 2137 et
2267 2107 2293 2136 si
2317 2116 2334 2136 a
2357 2106 2428 2136 toto

1359 2153 1534 2188 separetur,
1558 2158 1626 2179 non
1642 2154 1690 2179 est
1713 2149 1894 2180 secundum
1912 2159 1946 2180 se
1970 2149 2154 2191 figurabilis,
2174 2155 2211 2181 ut
2233 2150 2375 2191 aliquam
2391 2160 2429 2181 ex

1359 2194 1463 2233 seipsa
1486 2192 1623 2233 figuram
1644 2193 1790 2230 retineat,
1805 2193 1863 2225 sed
1885 2195 2002 2234 accipit
2016 2194 2155 2226 diversas
2173 2195 2291 2236 figuras
2314 2205 2429 2227 secun-

1359 2237 1438 2269 dum
1455 2237 1546 2278 quod
1569 2237 1610 2269 ad
1624 2237 1748 2270 diversa
1763 2248 1901 2280 corpora
1916 2240 2114 2271 terminatur.
2139 2240 2187 2271 Ex
2202 2249 2269 2280 quo
2284 2241 2429 2280 sequitur

1360 2282 1451 2324 quod
1474 2293 1493 2313 a
1515 2283 1742 2314 circumstante
1757 2293 1829 2314 aere
1853 2283 2005 2324 distingui
2021 2294 2088 2316 non
2111 2290 2229 2325 potest,
2252 2285 2279 2314 si
2300 2285 2361 2315 sibi
2381 2294 2430 2315 re-

1359 2328 1534 2368 linquatur,
1558 2328 1752 2369 nullumque
1776 2327 1999 2369 interponatur
2022 2339 2151 2370 corpus.
2168 2329 2210 2360 Et
2233 2329 2309 2369 quia
2331 2338 2429 2360 omne

1359 2372 1450 2414 quod
1472 2377 1566 2403 motu
1590 2372 1723 2413 proprio
1747 2379 1906 2408 movetur,
1923 2373 2019 2404 habet
2042 2375 2192 2414 proprios
2216 2374 2380 2410 terminos,
2399 2378 2430 2404 et

1359 2418 1524 2458 propriam
1540 2416 1676 2458 figuram
1700 2417 1740 2447 ab
1755 2418 1847 2461 omni
1862 2418 1926 2448 alio
1949 2417 2142 2455 distinctam,
2164 2417 2238 2449 ideo
2262 2427 2334 2458 pars
2351 2418 2430 2448 aeris

1356 2472 1427 2494 non
1443 2468 1551 2503 potest
1566 2462 1684 2493 habere
1699 2463 1869 2503 proprium
1885 2463 2026 2503 aliquem
2043 2468 2074 2494 et
2089 2464 2283 2504 singularem
2301 2468 2430 2494 motum

1358 2508 1420 2538 sibi
1431 2507 1616 2538 naturaliter
1628 2509 1887 2544 convenientem,
1903 2517 1944 2538 eo
1956 2507 2058 2539 modo
2071 2517 2139 2548 quo
2155 2508 2292 2539 dicimus
2304 2507 2429 2538 caelum

1358 2552 1546 2583 naturaliter
1568 2561 1619 2582 εκ..
1629 2552 1838 2583 inclinatione
1860 2561 1938 2583 suae
1961 2551 2084 2583 formae
2104 2553 2229 2584 moveri
2251 2553 2290 2582 ab
2312 2552 2429 2584 intelli-

1360 2598 1468 2638 gentia
1496 2597 1555 2626 sibi
1584 2597 1803 2637 appropriata:
1830 2595 1906 2626 licet
1932 2597 2036 2636 possit
2059 2597 2098 2627 ab
2121 2597 2330 2637 intelligentia
2357 2607 2429 2638 pars

1360 2643 1441 2674 aeris
1463 2641 1588 2672 moveri
1610 2646 1765 2681 tanquam
1782 2641 1820 2670 ab
1844 2645 1958 2680 agente
1975 2642 2110 2672 omnino
2128 2642 2305 2672 extrinseco
2330 2647 2361 2672 et
2381 2651 2429 2673 se-

1359 2692 1483 2728 parato,
1506 2687 1609 2727 ipsam
1633 2695 1651 2716 a
1670 2685 1800 2726 reliquo
1823 2694 1896 2716 aere
1919 2691 2086 2726 separante
2109 2691 2141 2716 et
2163 2685 2334 2716 dividente.

1415 2730 1577 2762 Secundo.
1602 2730 1798 2770 Sequeretur
1813 2729 1904 2770 quod
1919 2731 2095 2761 substantia
2117 2730 2341 2761 intellectualis
2360 2740 2429 2761 non

1361 2776 1531 2807 excederet
1552 2776 1587 2807 in
1609 2774 1774 2807 movendo
1799 2775 1941 2815 aliquam
1964 2774 2208 2806 determinatam
2231 2780 2355 2815 partem
2372 2776 2429 2806 ali›

1362 2822 1456 2852 cuius
1471 2820 1636 2852 elementi:
1654 2820 1731 2860 quia
1746 2825 1876 2860 oportet
1894 2820 2045 2851 virtutem
2059 2820 2254 2852 substantiae
2268 2821 2429 2851 moventis

1361 2866 1491 2897 limitari
1513 2864 1554 2896 ad
1577 2874 1696 2905 corpus
1719 2864 1842 2895 mobile
1865 2864 1918 2895 cui
1936 2863 2121 2895 naturaliter
2143 2865 2254 2895 unitur
2276 2870 2429 2905 tanquam

1361 2911 1495 2952 proprio
1519 2909 1643 2940 mobili.
1660 2908 1723 2940 Sed
1739 2908 1912 2940 ridiculum
1929 2914 1976 2939 est
1998 2909 2072 2940 hoc.
2087 2909 2130 2940 Et
2145 2910 2242 2940 etiam
2258 2908 2347 2949 quod
2362 2919 2430 2940 non

1362 2954 1494 2986 excedat
1513 2955 1547 2985 in
1561 2953 1728 2985 movendo
1752 2953 1885 2994 aliquod
1908 2963 2026 2994 corpus
2049 2954 2200 2984 mixtum:
2216 2954 2347 2990 scilicet,
2362 2963 2430 2984 non

1360 3001 1500 3031 existens
1523 2999 1625 3039 ipsius
1648 2998 1763 3030 forma.
1787 2998 1874 3039 Ergo
1899 3003 1959 3029 etc.

1423 3044 1545 3075 Tertio.
1569 3044 1666 3082 Quia,
1689 3053 1765 3075 cum
1787 3049 1898 3074 motus
1921 3043 2130 3075 elementares
2154 3044 2278 3083 possint
2300 3052 2340 3074 ex
2363 3043 2431 3076 aliis

1361 3089 1528 3131 principiis
1542 3089 1676 3125 causari,
1692 3087 1893 3128 superfluum
1909 3093 1991 3119 esset
2006 3093 2139 3128 propter
2153 3087 2341 3118 huiusmodi
2359 3096 2431 3118 mo-

1361 3139 1413 3165 tus
1436 3133 1622 3165 naturaliter
1644 3132 1836 3164 substantias
1855 3132 2087 3163 intellectuales
2110 3132 2276 3165 elementis
2292 3132 2386 3162 uniri.

1417 3177 1486 3209 VII.
1506 3177 1555 3209 Ex
1581 3178 1620 3208 iis
1651 3176 1830 3208 excluditur
1857 3186 1944 3207 error
1970 3176 2102 3218 Apuleii
2129 3182 2160 3207 et
2189 3176 2431 3207 Platonicorum

1362 3222 1570 3264 quorundam
1598 3221 1775 3253 dicentium
1806 3221 1976 3252 daemonia
2007 3230 2074 3252 esse
2106 3221 2263 3251 animalia
2294 3229 2433 3261 corpore

1360 3277 1473 3303 aerea,
1497 3272 1557 3298 etc.
1576 3285 1600 3289 -
1622 3267 1703 3298 ltem
1730 3276 1818 3297 error
1847 3266 2017 3306 gentilium
2047 3266 2240 3305 ponentium
2273 3265 2432 3296 elementa

1363 3321 1433 3343 esse
1456 3313 1604 3343 animata.
1620 3330 1643 3335 -
1659 3311 1739 3342 Item
1755 3311 1852 3342 etiam
1867 3320 1956 3341 error
1971 3310 2148 3341 dicentium
2163 3310 2296 3350 angelos
2311 3316 2343 3341 et
2358 3309 2433 3341 dae-

1362 3366 1479 3388 mones
1508 3357 1626 3388 habere
1653 3365 1791 3396 corpora
1819 3355 1879 3386 sibi
1909 3354 2093 3386 naturaliter
2125 3355 2224 3391 unita,
2248 3354 2288 3386 de
2320 3359 2434 3387 natura

1363 3402 1568 3442 superiorum
1592 3407 1624 3432 et
1645 3400 1835 3432 inferiorum
1859 3399 2095 3430 elementorum

1288 3550 1367 3593 Q.
1491 3558 1495 3562 ,
