2768 4134
774 283 963 320 SUMMA
992 284 1214 322 CONTRA
1243 284 1517 331 GENTILES,
1546 286 1640 322 LIB.
1662 286 1703 331 II,
1733 286 1844 323 CAP.
1866 287 1986 323 XXX.
2402 288 2478 336 339

286 370 352 407 est,
382 370 419 399 et
446 361 543 410 ignis
572 361 664 410 quia
692 361 774 399 eius
803 362 962 399 materia
990 371 1046 399 est
1074 363 1355 400 contrariorum

286 414 515 464 susceptiva.
543 437 569 441 -
597 415 743 451 Forma
770 422 913 461 autem,
934 416 1151 453 secundum
1180 416 1218 453 id
1247 417 1356 465 quod

285 475 352 513 est,
373 475 480 505 actus
505 475 576 504 est:
606 475 644 505 et
661 479 732 517 per
750 479 839 504 eam
858 479 918 504 res
937 476 1025 505 actu
1045 468 1221 506 existunt.
1243 469 1356 507 Unde

285 531 332 557 ex
351 520 435 571 ipsa
453 520 634 570 provenit
651 520 857 557 necessitas
877 521 926 557 ad
946 533 1028 558 esse
1048 521 1087 558 in
1107 521 1354 571 quibusdam.

286 573 407 620 Quod
427 572 612 621 contingit
629 574 692 610 vel
707 573 798 622 quia
818 585 878 610 res
896 573 981 611 illae
1001 582 1090 611 sunt
1108 575 1256 612 formae
1276 586 1357 612 non

285 626 325 663 in
351 626 526 664 materia:
556 634 593 662 et
621 626 674 663 sic
701 638 783 663 non
812 625 909 663 inest
937 626 990 663 eis
1018 627 1189 676 potentia
1207 628 1258 665 ad
1276 639 1357 665 non

286 691 381 726 esse,
397 680 464 717 sed
478 690 550 728 per
568 691 682 716 suam
699 679 868 716 formam
887 692 1042 729 semper
1056 688 1146 717 sunt
1164 680 1204 717 in
1218 680 1357 717 virtute

286 732 456 776 essendi;
477 732 575 769 sicut
593 739 649 769 est
667 732 708 769 in
727 732 948 770 substantiis
966 733 1160 782 separatis.
1176 734 1248 770 Vel
1267 733 1359 782 quia

285 784 433 823 formae
462 797 598 823 earum
626 797 697 822 sua
723 785 956 834 perfectione
985 786 1204 835 adaequant
1237 793 1359 824 totam

285 838 500 888 potentiam
519 838 713 884 materiae,
733 846 776 875 ut
794 839 849 876 sic
867 851 948 876 non
967 846 1164 876 remaneat
1188 839 1359 889 potentia

286 892 337 929 ad
365 891 480 929 aliam
508 892 687 938 formam,
715 903 788 929 nec
823 904 895 941 per
928 903 1174 941 consequens
1201 893 1251 930 ad
1279 904 1359 930 non

287 957 386 982 esse:
417 945 514 982 sicut
533 953 590 982 est
609 944 648 982 in
668 944 897 995 corporibus
916 944 1153 982 caelestibus.
1169 967 1194 972 -
1213 946 1256 982 In
1276 945 1359 994 qui-

286 998 361 1035 bus
389 1010 484 1035 vero
512 999 637 1035 forma
673 1010 754 1035 non
792 999 962 1047 complet
997 1005 1119 1035 totam
1146 998 1359 1048 potentiam

279 1051 481 1098 materiae,
501 1059 676 1089 remanet
703 1051 834 1088 adhuc
861 1051 902 1087 in
929 1051 1090 1095 materia
1111 1051 1283 1101 potentia
1311 1052 1360 1089 ad

287 1103 402 1142 aliam
421 1105 600 1142 formam.
631 1105 680 1141 Et
707 1104 797 1141 ideo
826 1116 908 1141 non
935 1111 992 1141 est
1019 1103 1060 1141 in
1083 1104 1138 1142 eis
1156 1104 1360 1142 necessitas

288 1156 452 1204 essendi,
467 1158 536 1194 sed
550 1157 672 1194 virtus
687 1157 840 1194 essendi
853 1157 1106 1206 consequitur
1119 1158 1159 1195 in
1174 1158 1228 1195 eis
1241 1157 1360 1195 victo-

287 1210 385 1248 riam
404 1211 552 1248 formae
571 1222 690 1260 super
707 1210 882 1247 materia:
912 1218 955 1247 ut
982 1218 1086 1259 patet
1104 1211 1144 1248 in
1163 1211 1361 1248 elementis

288 1271 325 1300 et
350 1263 600 1300 elementatis.
630 1264 775 1300 Forma
794 1263 899 1300 enim
919 1263 1099 1300 elementi
1118 1276 1197 1301 non
1218 1263 1362 1312 attingit

284 1316 501 1359 materiam>
519 1317 737 1354 secundum
757 1323 883 1353 totum
903 1316 985 1353 eius
1004 1328 1134 1365 posse:
1156 1329 1237 1354 non
1256 1316 1361 1354 enirn

287 1369 332 1407 fit
350 1369 568 1418 susceptiva
596 1369 744 1407 formae
772 1369 952 1406 elementi
971 1369 1088 1406 unius
1107 1370 1179 1407 nisi
1197 1381 1268 1419 per
1286 1370 1363 1407 hoc

288 1423 397 1472 quod
426 1422 626 1459 subiicitur
652 1422 759 1459 alteri
786 1421 885 1471 parti
910 1422 1196 1460 contrarietatis.
1218 1423 1363 1459 Forma

287 1487 383 1512 vero
421 1475 529 1512 mixti
567 1474 713 1523 attingit
752 1474 956 1511 materiam
998 1476 1217 1512 secundum
1254 1475 1362 1524 quod

287 1527 506 1578 disponitur
533 1540 604 1576 per
630 1526 931 1564 determinatum
960 1528 1126 1565 modum
1155 1527 1361 1564 mixtionis.

286 1581 396 1619 Idem
415 1588 547 1618 autem
566 1580 786 1617 subiectum
805 1586 957 1628 oportet
976 1592 1059 1617 esse
1080 1580 1364 1617 contrariorum

287 1641 325 1671 et
342 1633 567 1671 mediorum
582 1632 775 1679 omniurn,
790 1644 892 1681 quae
912 1640 1001 1669 sunt
1020 1644 1066 1670 ex
1085 1632 1363 1670 commixtione

286 1694 564 1725 extremorum.
594 1686 708 1723 Unde
738 1685 986 1722 manifestum
1016 1694 1071 1722 est
1094 1686 1203 1735 quod
1231 1685 1365 1722 omnia

287 1751 389 1790 quae
424 1740 488 1776 vel
523 1738 762 1776 contrarium
800 1738 954 1783 habent,
983 1740 1045 1775 vel
1082 1751 1129 1776 ex
1166 1737 1364 1776 contrariis

287 1800 389 1840 sunt,
409 1790 673 1842 corruptibilia
701 1799 802 1828 sunt.
833 1792 947 1839 Quae
975 1800 1107 1829 autem
1135 1791 1364 1829 huiusmodi

287 1858 371 1885 non
389 1853 491 1892 sunt,
511 1845 747 1895 sempiterna
767 1852 871 1882 sunt:
902 1843 975 1881 nisi
994 1857 1064 1894 per
1082 1844 1260 1883 accidens
1279 1857 1363 1882 cor-

288 1906 533 1949 rumpantur,
549 1898 646 1936 sicut
664 1899 812 1935 formae
829 1909 932 1947 quae
955 1909 1039 1935 non
1064 1898 1276 1936 subsistunt
1295 1898 1363 1935 sed

289 1965 373 1990 esse
401 1963 539 1990 earum
558 1959 615 1988 est
633 1963 704 2001 per
722 1952 799 1988 hoc
818 1950 927 2000 quod
955 1950 1087 1988 insunt
1114 1951 1309 1988 materiae.

342 2005 429 2043 Alio
457 2017 552 2043 vero
581 2004 703 2042 modo
732 2016 779 2041 ex
806 2003 1004 2054 principiis
1023 2004 1289 2042 essentialibus
1308 2012 1363 2041 est

289 2059 330 2098 in
343 2059 461 2096 rebus
475 2058 653 2096 absoluta
666 2057 872 2095 necessitas
886 2069 956 2106 per
970 2057 1149 2095 ordinem
1169 2058 1219 2095 ad
1236 2065 1363 2107 partes

289 2112 472 2150 materiae
491 2112 552 2149 vel
572 2111 733 2156 formae,
753 2109 784 2147 si
803 2110 998 2159 contingat
1018 2110 1246 2148 huiusmodi
1259 2110 1362 2160 prin-

1411 376 1533 413 quam
1561 375 1678 411 agens
1707 372 1763 401 est
1791 373 1896 401 actu:
1927 364 1980 401 sic
2008 364 2114 402 enim
2141 365 2216 413 agit
2243 374 2286 403 ut
2304 374 2392 403 actu
2411 374 2477 403 est.

1410 416 1642 454 Differenter
1669 424 1799 454 tamen
1828 418 1904 454 hoc
1931 417 2067 455 accidit
2092 417 2132 455 in
2151 418 2301 456 actione
2320 431 2420 468 quae
2440 420 2480 456 in

1411 469 1497 518 ipso
1526 477 1660 517 agente
1698 477 1840 515 manet,
1870 470 1967 507 sicut
2003 470 2209 519 intelligere
2237 479 2274 509 et
2299 474 2414 518 velle;
2444 480 2480 510 et

1411 521 1452 558 in
1480 521 1630 559 actione
1659 533 1760 570 quae
1789 522 1829 559 in
1856 524 2019 560 alterum
2051 524 2193 570 transit,
2222 524 2319 562 sicut
2347 525 2479 562 calefa-

1379 592 1389 612 5
1411 586 1509 611 cere.
1539 575 1645 611 Nam
1669 574 1709 611 in
1730 574 1858 623 primo
1886 587 2024 623 genere
2052 577 2223 623 actionis,
2243 578 2416 627 s'equitur
2433 590 2480 615 ex

1411 628 1537 664 forma
1555 639 1626 676 per
1644 639 1765 676 quam
1784 639 1901 676 agens
1919 628 1963 664 fit
1981 636 2079 675 actu,
2099 630 2302 667 necessitas
2321 631 2480 668 actionis

1412 679 1548 730 ipsius:
1579 679 1671 729 quia
1699 680 1748 717 ad
1776 680 1859 717 eius
1896 693 1979 717 esse
2014 681 2108 718 nihil
2140 683 2395 720 extrinsecum
2423 696 2480 721 re-

1413 732 1578 782 quiritur
1614 732 1654 769 in
1692 734 1800 782 quod
1837 733 1935 771 actio
1968 734 2204 772 terminetur.
2236 736 2339 773 Cum
2374 737 2480 775 enirn

1413 797 1550 823 sensus
1568 785 1679 823 fuerit
1697 786 1818 823 factus
1845 785 1886 823 in
1914 794 2002 824 actu
2029 799 2099 836 per
2126 788 2295 837 speciem
2323 789 2480 826 sensibi-

1413 841 1502 886 lem,
1531 851 1687 877 necesse
1716 847 1772 876 est
1799 839 1929 889 ipsum
1957 840 2112 886 sentire3
2142 848 2178 877 et
2203 840 2373 878 similiter
2390 854 2481 879 cum

1414 892 1626 930 intellectus
1645 900 1701 930 est
1719 892 1759 930 in
1778 900 1866 930 actu
1885 905 1955 942 per
1973 892 2143 942 speciem
2162 893 2445 941 intelligibilem.
2457 916 2481 921 -

1414 947 1457 983 In
1485 946 1657 983 secundo
1694 953 1826 983 autem
1862 957 2001 994 genere
2030 946 2200 992 actionis,
2233 946 2406 995 sequitur
2436 959 2483 983 ex

1414 999 1539 1036 forma
1566 998 1772 1036 necessitas
1800 998 1959 1036 actionis
1996 1007 2188 1048 quantum
2225 999 2274 1036 ad
2301 999 2484 1036 virtutem

1414 1052 1568 1101 agendi:
1598 1052 1630 1089 si
1658 1052 1764 1089 enim
1791 1051 1888 1100 ignis
1907 1052 1953 1089 sit
1971 1052 2129 1098 calidus,
2149 1051 2410 1089 necessarium
2429 1060 2484 1089 est

1376 1125 1398 1144 ,ς
1415 1105 1546 1155 ipsum
1574 1105 1718 1142 habere
1746 1105 1929 1142 virtutem
1957 1105 2212 1150 calefaciendi,
2240 1113 2371 1142 tamen
2403 1117 2484 1142 non

1415 1170 1572 1196 necesse
1591 1165 1647 1195 est
1665 1158 1795 1208 ipsum
1823 1158 2044 1204 calefacere3
2074 1170 2122 1195 eo
2150 1158 2259 1207 quod
2277 1158 2326 1195 ab
2346 1158 2483 1195 extrin-

1415 1223 1505 1248 seco
1533 1210 1712 1260 impediri
1740 1219 1876 1261 potest.
1907 1212 1992 1248 Nec
2019 1211 2068 1248 ad
2095 1210 2340 1260 propositum
2358 1211 2485 1248 differt

1415 1272 1548 1301 utrum
1575 1276 1692 1312 agens
1721 1264 1767 1301 sit
1793 1275 1896 1301 unus
1923 1271 2074 1301 tantum
2093 1264 2143 1301 ad
2161 1264 2353 1301 actionem
2379 1264 2484 1301 suffi-

1416 1317 1520 1354 ciens
1557 1329 1627 1366 per
1664 1329 1777 1354 suam
1813 1317 1991 1362 formam,
2030 1317 2093 1354 vel
2130 1324 2305 1366 oporteat
2341 1318 2484 1354 multos

1389 1387 1403 1401 ο
1416 1378 1571 1418 agentes
1590 1370 1639 1407 ad
1663 1382 1785 1407 unam
1812 1369 2005 1407 actionem
2033 1370 2223 1418 agendam
2251 1370 2483 1418 congregari,

1417 1423 1515 1460 sicut
1541 1422 1652 1459 multi
1680 1422 1861 1460 homines
1889 1422 1939 1459 ad
1965 1423 2192 1460 trahendam
2213 1422 2362 1460 navim:
2393 1435 2485 1460 nam

1417 1487 1555 1512 omnes
1584 1483 1674 1512 sunt
1701 1483 1743 1512 ut
1771 1488 1874 1512 unus
1902 1487 2029 1523 agens,
2049 1476 2117 1524 qui
2135 1475 2179 1512 fit
2197 1483 2284 1512 actu
2303 1488 2373 1525 per
2391 1477 2485 1513 adu-

1417 1528 1617 1565 nationem
1646 1540 1785 1565 eorum
1813 1528 1862 1565 ad
1890 1528 2084 1565 actionem
2111 1540 2244 1565 unam.

1471 1581 1690 1618 Necessitas
1718 1588 1849 1618 autem
1878 1593 1978 1630 quae
2005 1588 2061 1617 est
2088 1593 2111 1618 a
2138 1593 2254 1618 causa
2273 1589 2406 1629 agente
2425 1583 2488 1618 vel

1378 1650 1402 1670 ες
1418 1641 1602 1670 movente
1640 1633 1679 1670 in
1717 1634 1856 1670 effectu
1884 1635 1947 1670 vel
1974 1641 2094 1679 moto,
2123 1646 2203 1670 non
2239 1641 2390 1670 tantum
2422 1634 2487 1671 de-

1417 1686 1561 1735 pendet
1589 1698 1612 1722 a
1639 1698 1756 1723 causa
1793 1694 1939 1734 agente,
1969 1686 2035 1723 sed
2073 1685 2188 1722 etiam
2217 1698 2239 1722 a
2267 1686 2487 1723 conditione

1418 1737 1538 1788 ipsius
1566 1738 1662 1775 moti
1695 1746 1732 1775 et
1768 1738 1984 1788 recipientis
2021 1739 2214 1775 actionem
2242 1739 2396 1787 agentis,
2425 1739 2487 1776 cui

1418 1793 1480 1829 vel
1508 1793 1616 1829 nullo
1644 1792 1766 1829 modo
1798 1791 1896 1829 inest
1930 1791 2101 1841 potentia
2137 1792 2186 1829 ad
2223 1791 2488 1841 recipiendum

1418 1844 1500 1882 talis
1528 1845 1688 1882 actionis
1717 1845 1910 1890 effectum,
1939 1844 2036 1881 sicut
2063 1846 2173 1881 lanae
2201 1852 2244 1881 ut
2271 1857 2318 1882 ex
2350 1857 2395 1882 ea
2422 1844 2489 1882 fiat

1379 1913 1404 1931 ³0
1418 1910 1538 1944 serra3
1574 1899 1638 1935 vel
1674 1905 1730 1936 est
1765 1897 1937 1947 potentia
1973 1897 2158 1947 impedita
2193 1909 2264 1946 per
2299 1897 2488 1935 contraria

1418 1951 1577 1999 agentia,
1606 1952 1669 1988 vel
1705 1962 1776 2000 per
1809 1950 2018 1988 contrarias
2051 1950 2321 1999 dispositiones
2357 1950 2487 1987 inhae-

1418 2011 1544 2041 rentes
1581 2003 1716 2041 mobili
1744 2011 1811 2040 aut
1842 2004 1997 2049 formas,
2035 2003 2174 2041 maiori
2206 2002 2486 2052 impedimento

1418 2069 1539 2106 quam
1567 2056 1614 2094 sit
1640 2056 1762 2094 virtus
1789 2056 1933 2105 agentis
1961 2055 2001 2092 in
2029 2056 2190 2104 agendo,
2220 2055 2316 2093 sicut
2342 2056 2487 2093 ferrum

1417 2122 1500 2147 non
1519 2109 1668 2160 liquefit
1686 2122 1709 2146 a
1727 2109 1843 2146 debili
1864 2109 2000 2146 calido.
2022 2110 2186 2159 Oportet
2203 2109 2327 2157 igitur,
2342 2110 2392 2146 ad
2411 2110 2486 2146 hoc

289 2165 390 2215 cipia
409 2165 450 2203 in
468 2164 664 2214 aliquibus
691 2175 773 2200 non
801 2163 990 2212 simplicia
1018 2176 1113 2201 esse.
1134 2163 1239 2211 Quia
1257 2163 1363 2201 enim
1379 2178 1401 2198 κς
1419 2163 1526 2212 quod
1547 2170 1731 2212 sequatur
1749 2163 1919 2208 effectus,
1935 2162 2044 2211 quod
2063 2162 2103 2199 in
2121 2174 2236 2211 passo
2252 2162 2299 2198 sit
2316 2162 2487 2211 potentia

289 2218 450 2256 materia
477 2217 636 2268 propria
661 2216 832 2254 hominis
861 2224 917 2253 est
944 2229 1087 2267 corpus
1106 2216 1363 2254 commixtum
1418 2216 1467 2253 ad
1496 2215 1780 2265 recipiendum,
1810 2222 1847 2252 et
1875 2215 1915 2252 in
1943 2223 2077 2264 agente
2105 2215 2151 2252 sit
2178 2214 2338 2252 victoria
2371 2227 2487 2265 supra

290 2279 327 2310 et
353 2271 713 2321 complexionatum
736 2277 773 2307 et
796 2269 1073 2318 organizatum,
1102 2269 1363 2308 necessarium
1417 2281 1590 2319 passum,
1609 2276 1652 2306 ut
1670 2268 1791 2318 possit
1819 2268 1949 2317 ipsum
1976 2275 2231 2305 transmutare
2260 2268 2310 2305 ad
2337 2275 2487 2304 contra-

290 2332 347 2362 est
365 2325 541 2362 absolute
570 2323 774 2361 hominem
803 2322 1004 2372 quodlibet
1023 2325 1307 2361 elementorum
1328 2330 1364 2359 et
1418 2322 1516 2359 riam
1536 2321 1840 2371 dispositionem.
1871 2321 1919 2358 Et
1947 2321 1977 2358 si
1997 2320 2157 2369 quidem
2177 2320 2335 2358 effeetus
2355 2332 2487 2358 conse-

289 2379 508 2416 humorum
536 2385 572 2414 et
600 2388 839 2425 organorum
867 2376 1140 2427 principalium
1167 2376 1207 2413 in
1235 2388 1275 2413 se
1296 2376 1363 2413 ha-

290 2431 395 2469 bere.
417 2430 610 2476 Similiter,
625 2429 657 2467 si
677 2430 799 2466 homo
819 2436 876 2466 est
894 2430 1037 2467 animal
1056 2429 1241 2467 rationale
1260 2441 1364 2466 mor·
1378 2448 1391 2466 4

289 2486 375 2531 tale,
406 2492 443 2521 et
470 2484 567 2520 haec
595 2490 651 2520 est
679 2490 816 2520 natura
843 2484 907 2519 vel
934 2483 1059 2520 forma
1087 2481 1269 2528 hominis,
1298 2494 1364 2519 ne-

291 2537 502 2575 cessarium
530 2544 587 2573 est
613 2536 745 2586 ipsum
773 2543 810 2572 et
837 2535 981 2574 animal
1009 2543 1046 2573 et
1065 2535 1248 2573 rationale
1268 2547 1362 2572 esse.

345 2589 478 2627 Tertio
506 2589 628 2627 modo
657 2597 712 2626 est
740 2588 780 2626 in
808 2588 925 2626 rebus
952 2589 1158 2626 necessitas
1189 2588 1365 2625 absoluta

290 2655 361 2693 per
389 2642 568 2680 ordinem
595 2641 877 2692 principiorum
905 2641 1166 2679 essentialium
1195 2641 1244 2678 ad
1276 2653 1364 2690 pro-

1419 2387 1544 2425 quens
1563 2375 1603 2412 in
1621 2387 1782 2424 passum
1801 2386 1848 2411 ex
1867 2373 2027 2410 victoria
2053 2373 2197 2422 agentis
2221 2385 2338 2423 supra
2358 2373 2488 2422 ipsum

1392 2446 1405 2460 ο
1418 2428 1529 2465 fuerit
1543 2427 1758 2465 contrarius
1777 2426 1940 2464 naturali
1957 2426 2198 2475 dispositioni
2217 2426 2403 2475 patientis,
2420 2425 2488 2463 erit

1419 2481 1623 2519 necessitas
1650 2480 1873 2518 violentiae:
1904 2479 2000 2516 sicut
2036 2491 2128 2516 cum
2162 2478 2258 2528 lapis
2290 2478 2489 2528 proiicitur

1419 2546 1586 2572 sursum.
1617 2533 1657 2571 Si
1676 2545 1770 2570 vero
1789 2545 1870 2570 non
1889 2532 2002 2570 fuerit
2024 2531 2213 2569 contraria
2231 2532 2394 2568 naturali
2414 2531 2487 2568 dis—

1418 2586 1600 2636 positioni
1625 2586 1746 2635 ipsius
1771 2585 1943 2631 subiecti,
1966 2596 2046 2621 non
2069 2584 2139 2621 erit
2169 2584 2372 2621 necessitas
2404 2584 2487 2621 vio-

1419 2639 1567 2685 lentiae,
1597 2639 1664 2676 sed
1693 2638 1839 2675 ordinis
1873 2636 2070 2674 naturalis:
2101 2637 2198 2673 sicut
2226 2644 2282 2673 est
2308 2636 2348 2673 in
2377 2644 2487 2674 motu

290 2695 469 2746 prietates
491 2702 775 2744 consequentes
798 2694 1001 2732 materiam
1019 2696 1082 2731 vel
1105 2694 1287 2731 formam:
1317 2692 1364 2730 si·
1379 2708 1402 2727 4⁵
1418 2692 1524 2737 caeli,
1553 2691 1621 2741 qui
1649 2699 1705 2728 est
1732 2703 1755 2728 a
1782 2690 1973 2740 principio
2001 2697 2134 2738 agente
2163 2689 2386 2734 extrinseco,
2406 2701 2486 2726 non

291 2756 356 2787 cut
379 2760 536 2786 necesse
565 2755 621 2785 est
648 2759 805 2793 serram,
825 2747 918 2796 quia
937 2759 983 2784 ex
1009 2747 1109 2784 ferro
1138 2754 1204 2793 est,
1225 2746 1364 2783 duram

291 2814 390 2847 esse;
421 2809 458 2838 et
486 2800 690 2838 hominem
717 2799 940 2849 disciplinae
960 2799 1249 2849 perceptibilem
1269 2810 1362 2836 esse.

344 2853 562 2892 Necessitas
590 2865 684 2890 vero
713 2852 858 2901 agentis
886 2852 1151 2890 consideratur
1178 2860 1215 2889 et
1242 2863 1364 2900 quan-

1418 2753 1549 2782 tamen
1582 2752 1637 2781 est
1669 2751 1802 2781 contra
1839 2743 2053 2780 naturalem
2082 2741 2374 2791 dispositionem
2401 2752 2486 2778 mo-

1418 2797 1514 2844 bilis,
1535 2805 1571 2834 et
1598 2797 1687 2834 ideo
1716 2808 1798 2833 non
1826 2803 1882 2833 est
1909 2803 2039 2832 motus
2058 2795 2261 2840 violentus,
2282 2794 2349 2831 sed
2376 2801 2486 2831 natu-

1418 2850 1517 2888 ralis».
1547 2849 1729 2888 Similiter
1756 2856 1812 2886 est
1839 2848 1878 2885 in
1907 2847 2128 2886 alteratione
2156 2859 2366 2897 corporum
2394 2846 2486 2883 infe-

291 2916 376 2945 tum
404 2907 454 2944 ad
483 2907 614 2956 ipsum
646 2917 777 2954 agere;
807 2913 844 2942 et
876 2913 1067 2955 quantum
1099 2905 1148 2942 ad
1182 2904 1364 2941 effectum
1418 2903 1567 2941 riorum
1595 2915 1619 2940 a
1646 2902 1876 2951 corporibus
1910 2900 2150 2945 caelestibus:
2181 2912 2274 2937 nam
2305 2899 2486 2936 naturalis

291 2967 608 3010 consequentem.
638 2958 769 2996 Prima
787 2966 919 2995 autem
937 2957 1170 2995 necessitatis
1189 2957 1364 2994 conside·
1379 2975 1405 2995 5⁰
1418 2955 1612 2994 inclinatio
1641 2963 1697 2992 est
1724 2955 1763 2992 in
1791 2954 2020 3003 corporibus
2047 2953 2288 2990 inferioribus
2316 2952 2365 2989 ad
2393 2952 2485 2988 reci-

292 3004 540 3051 ratio'similis
559 3019 615 3049 est
642 3010 856 3049 necessitati
884 3010 1089 3048 accidentis
1109 3021 1230 3060 quam
1249 3010 1365 3047 habet
1417 3009 1602 3059 piendam
1640 3007 1937 3058 impressionem
1974 3018 2185 3056 corpomm
2226 3004 2483 3054 superiorum.

292 3079 339 3104 ex
367 3065 564 3116 principiis
593 3064 868 3102 essentialibus.
899 3063 1006 3102 Sicut
1034 3063 1139 3102 enim
1168 3062 1240 3100 alia
1267 3062 1364 3100 acci·
1419 3062 1482 3100 Sic
1501 3062 1615 3099 etiam
1644 3068 1700 3098 est
1727 3060 1767 3098 in
1796 3059 2041 3110 generatione
2068 3060 2363 3096 elementorum:
2392 3068 2485 3094 narn

292 3119 422 3157 dentia
449 3131 497 3156 ex
531 3117 755 3156 necessitate
791 3116 1071 3167 principiorum
1104 3115 1364 3153 essentialium
1417 3115 1543 3152 forma
1569 3114 1790 3151 inducenda
1817 3125 1887 3163 per
1914 3112 2200 3161 generationem
2220 3123 2300 3148 non
2319 3118 2375 3147 est
2393 3122 2484 3147 con-

291 3173 521 3223 procedunt‚
542 3171 592 3208 ita
620 3179 657 3208 et
685 3170 784 3208 actio
813 3183 860 3207 ex
886 3169 1109 3207 necessitate
1127 3169 1276 3206 formae
1295 3180 1365 3218 per
1417 3168 1531 3205 traria
1571 3167 1720 3217 primae
1762 3166 1961 3211 materiae,
2000 3177 2099 3214 quae
2141 3172 2196 3201 est
2231 3162 2484 3212 generationis

1503 3315 1520 3340 6
1538 3316 1605 3341 inest
1623 3316 1660 3340 eis
1679 3314 1802 3348 potentia]
1822 3315 1889 3339 inest
1907 3314 2019 3346 potentia
2038 3313 2075 3338 eis
2094 3313 2147 3344 GZ,
2166 3312 2233 3337 inest
2250 3313 2276 3337 in
2294 3312 2332 3337 eis
2351 3312 2381 3343 N,
2401 3317 2442 3336 est
2459 3313 2484 3336 in

809 3324 849 3344 est
863 3322 926 3350 post
944 3318 1131 3343 contrariorum
1152 3317 1273 3348 oeWXPc,
1292 3324 1335 3342 om
1354 3317 1407 3341 DZ.

1729 3358 1763 3382 ¹4
1780 3351 1806 3375 in
1825 3350 1931 3374 materia
1949 3349 2062 3381 potentia
2080 3348 2117 3378 N;
2136 3348 2248 3380 potentia
2266 3348 2292 3372 in
2311 3348 2418 3372 materia
2435 3347 2483 3378 Gb,

349 3330 359 3347 1
383 3327 408 3347 et
426 3322 493 3355 ignis
512 3323 535 3345 A
552 3321 637 3351 solus3
657 3328 710 3345 om.

1106 3352 1138 3377 13
1158 3352 1298 3385 potentiam
1315 3355 1378 3383 post
1396 3351 1519 3377 materiae
1537 3351 1631 3376 GZbP.

293 3358 331 3383 eis
349 3358 464 3390 potentia
483 3357 527 3382 Pe.
624 3364 641 3389 9
660 3363 750 3381 earum
768 3356 791 3379 A
809 3355 894 3385 solun
913 3361 1011 3378 rerum.

293 3393 400 3418 materia
418 3393 445 3417 in
463 3393 578 3425 potentia
595 3392 676 3423 WPc,
694 3391 721 3416 in
740 3391 854 3423 potentia
871 3389 961 3414 ceteri.
1052 3387 1085 3413 16
1104 3388 1130 3412 in
1149 3388 1187 3412 eis
1206 3395 1248 3412 om
1269 3387 1353 3412 aDW.
1445 3393 1478 3419 ¹7
1498 3386 1614 3419 materia]
1634 3387 1767 3411 materiam
1787 3384 1940 3410 GZsNYPc.
2035 3383 2065 3408 32
2085 3391 2148 3408 vero
2166 3390 2208 3407 om
2229 3383 2273 3407 Pc.
2370 3382 2403 3414 34
2421 3390 2484 3407 con·

292 3427 382 3462 tingat]
402 3427 527 3461 contingit
545 3427 628 3453 ιιΖΡε.
714 3434 749 3458 40
768 3426 877 3450 mortale
889 3425 924 3456 E;
938 3429 963 3449 et
975 3424 1095 3448 mortale.
1179 3430 1213 3454 4²
1234 3422 1328 3447 animal
1347 3427 1374 3447 et
1391 3422 1515 3447 rationale
1533 3422 1579 3446 DN
1585 3430 1592 3452 ;
1612 3421 1707 3446 animal
1726 3421 1859 3445 rationale.
1943 3418 1977 3450 43
1998 3418 2086 3452 modo]
2102 3419 2124 3442 Α
2138 3418 2222 3448 solun
2236 3425 2308 3442 vero.
2393 3417 2428 3449 45
2442 3418 2483 3442 vel

292 3467 342 3489 aut
361 3469 386 3488 et
404 3464 436 3494 A,
455 3468 482 3488 et
499 3469 601 3488 omnes.
692 3461 724 3486 52
745 3460 927 3486 essentialibus
947 3460 983 3489 D;
1002 3458 1165 3483 formalibus.
2251 3488 2257 3493 .
2470 3488 2475 3493 .

348 3506 359 3524 ι
382 3503 412 3524 ut
429 3498 496 3531 actu]
516 3503 546 3523 ut
563 3502 649 3523 actum
669 3497 779 3522 «wa.
870 3494 886 3520 6
904 3494 933 3520 fit
951 3499 1009 3520 actu
1027 3493 1136 3524 EGNY;
1155 3498 1241 3525 potest
1264 3497 1322 3518 actu
1347 3493 1376 3524 Z,
1395 3492 1423 3517 fit
1447 3493 1474 3517 in
1500 3498 1557 3517 actu
1582 3492 1673 3517 ceteri.
1765 3497 1798 3521 14
1816 3490 1882 3522 ignis
1901 3489 1935 3513 sit
1953 3489 2038 3518 EGN;
2062 3489 2095 3513 sit
2119 3489 2184 3520 ingis
2203 3488 2232 3517 Z,
2250 3488 2316 3520 ignis
2335 3492 2376 3512 est
2392 3490 2484 3513 ceter-1.

295 3533 329 3559 ¹8
347 3534 424 3567 unus]
444 3542 527 3559 unum
546 3534 598 3559 EZ.
697 3531 834 3564 actionem]
853 3531 967 3556 actiones
992 3529 1065 3555 αΧΥ.
1165 3535 1193 3553 21
1216 3527 1313 3560 navim]
1337 3535 1432 3553 navem
1454 3527 1554 3553 DEYZ.
1653 3533 1686 3559 27
1706 3531 1731 3550 et
1749 3524 1821 3558 (post
1839 3525 1952 3550 de1etum
1971 3523 2038 3556 vel)]
2058 3523 2101 3548 vel
2119 3523 2151 3554 D,
2169 3531 2212 3548 om
2232 3523 2261 3548 Z.
2361 3523 2394 3548 30
2412 3530 2483 3548 serra

292 3569 402 3599 WZsN;
421 3577 509 3602 prora.
599 3568 632 3593 32
652 3568 743 3593 maiori
762 3566 811 3600 (ex
830 3565 942 3600 motore)
961 3565 1147 3598 impedimento
1165 3571 1245 3596 quam
1264 3564 1287 3587 Α
1298 3564 1384 3594 solus;
1403 3562 1498 3588 motori
1517 3562 1703 3595 impedimento
1722 3569 1774 3593 qua
1793 3559 1951 3600 aDstbcd,
1964 3559 2064 3600 'motori
2083 3558 2268 3600 impedi-mento
2287 3565 2354 3590 quae
2372 3558 2483 3587 ECZsN,

292 3604 368 3639 (ame
385 3603 496 3638 formas)
514 3603 623 3628 motoris
641 3603 784 3636 impeditati
796 3610 864 3635 quae
876 3602 924 3634 pN,
938 3600 1032 3626 motori
1044 3599 1168 3633 impedito
1181 3606 1260 3631 quam
1274 3598 1317 3628 W,
1331 3599 1440 3623 motoris
1457 3597 1623 3631 impediendo
1636 3595 1748 3637 quae-Y,
1762 3600 1863 3620 motore
1875 3595 1998 3627 impedito
2010 3602 2064 3627 quo
2076 3593 2226 3627 (impeditur
2237 3598 2320 3618 virtus
2333 3593 2442 3626 agentis)
2455 3594 2484 3618 Ρ.

293 3647 329 3672 40
348 3640 490 3665 contrarius
508 3639 656 3671 wast-:⁶3
676 3638 810 3663 contraria.
900 3644 933 3668 42
954 3634 1089 3668 contraria]
1109 3634 1252 3660 contrarius
1270 3633 1375 3659 WYbP.
1466 3633 1500 3664 45
1519 3631 1653 3665 principio]
1673 3639 1758 3664 primo
1776 3630 1843 3656 NPc.
