2768 4134
41 2681 50 2689 '
63 2679 98 2701 Cf.
115 2685 136 2701 n.
150 2685 196 2700 xiv.

293 287 364 324 182

286 363 469 394 Intellectus
485 365 594 391 autem
614 358 742 389 divinus
765 357 798 387 in
822 365 880 386 sua
904 355 1122 396 singularitate
1138 363 1176 384 ea
1191 353 1361 394 cognoscit

286 409 368 438 sicut
391 412 422 436 et
445 413 568 439 sensus,
584 402 707 434 scilicet
725 406 886 442 quantum
909 401 1007 431 etiam
1029 399 1070 430 ad
1092 399 1196 439 ipsam
1219 398 1359 438 singula-

286 453 424 482 ritatem·
450 455 481 479 et
504 448 638 479 ulterius
661 451 822 487 quantum
851 445 892 476 ad
919 444 1132 485 quidditatem
1159 443 1260 484 ipsius
1284 443 1360 474 sub-

285 494 474 530 stantialem,
498 492 590 533 quod
612 501 725 522 sensus
747 500 817 521 non
839 495 958 542 potest.

340 548 371 578 4.
396 537 492 569 Unde
513 537 595 567 ratio
619 537 703 567 bene
725 535 934 576 propositum
950 533 1127 570 concludit,
1143 533 1170 564 si
1186 533 1270 563 bene
1286 531 1358 562 fun—

285 584 474 614 damentum
502 581 636 612 rationis
666 580 874 620 intelligatur:
906 578 1028 609 scilicet
1050 577 1142 619 quod
1164 577 1244 608 illud
1268 576 1359 618 quod

284 633 392 669 potest
414 627 514 657 virtus
529 626 662 657 inferior
679 629 788 666 potest
802 624 952 665 superior
965 628 1021 654 aut
1036 622 1154 653 eodem
1173 622 1286 658 modo,
1304 626 1360 652 aut

285 671 507 708 eminentiori;
531 676 564 702 et
582 679 710 711 semper
733 668 852 700 eodem
870 667 972 699 modo
996 677 1036 698 ex
1057 673 1148 707 parte
1171 667 1302 702 obiecti,
1325 666 1359 696 in

284 717 376 748 illum
398 716 520 747 seilicet
542 714 680 746 modum
704 714 824 744 obiecti
846 714 880 744 in
905 722 1005 753 quem
1032 711 1132 742 fertur
1161 711 1304 747 inferior,
1329 716 1360 741 et

284 760 459 812 aliquando
483 769 559 791 cum
582 759 640 790 illo
663 760 697 789 in
720 759 869 789 altiorem
883 758 984 788 alium
1000 755 1139 788 modum
1154 757 1275 787 obiecti
1289 762 1361 786 ten-

285 805 404 842 dendo,
427 805 490 835 nisi
512 803 553 835 sit
575 803 697 844 aliquid
719 811 904 844 repugnans
926 807 1060 832 naturae
1084 807 1115 831 et
1138 801 1240 831 modo
1264 809 1361 841 supe·

283 851 386 882 rioris.
411 849 547 890 Semper
569 854 678 879 autem
707 853 816 888 potest
845 846 1051 881 eminentiori
1081 845 1184 876 modo
1208 855 1247 876 ex
1270 850 1360 886 parte

285 905 302 925 a
325 895 417 925 entis.

303 905 325 935 g
339 939 393 970 VI.
410 938 521 969 Sexto.
545 937 701 978 Cognitio
725 936 832 967 divina
848 935 888 966 de
903 936 999 965 rebus
1014 940 1062 965 est
1077 934 1118 964 ad
1133 934 1273 965 modum
1287 943 1360 975 pra-

284 985 384 1014 cticae
404 983 613 1023 cognitionis.
638 982 726 1021 Ergo
741 986 802 1012 etc.
818 998 840 1003 —
856 979 1062 1010 Antecedens
1077 984 1175 1019 patet.
1200 978 1287 1017 Quia
1301 987 1360 1020 per

283 1037 375 1059 suam
399 1027 621 1067 cognitionem
645 1026 734 1056 Deus
758 1030 805 1056 est
828 1034 924 1056 causa
938 1033 1058 1055 rerum.
1073 1041 1097 1046 —
1113 1023 1359 1064 Consequentia

283 1082 360 1103 vero
383 1072 547 1112 probatur.
573 1070 659 1108 Quia
674 1071 814 1111 practica
830 1069 975 1110 cognitio
992 1078 1059 1099 non
1076 1073 1124 1098 est
1138 1067 1282 1108 perfecta
1296 1068 1359 1098 nisi

283 1117 323 1148 ad
339 1116 510 1156 singularia
532 1116 750 1156 perveniatur:
776 1123 852 1145 cum
867 1113 941 1144 finis
957 1113 1026 1144 eius
1042 1113 1082 1143 sit
1097 1113 1254 1153 operatio,
1273 1121 1358 1152 quae

282 1162 316 1192 in
339 1161 553 1201 singularibus
577 1165 633 1190 est.

337 1205 479 1236 Adverte
493 1203 585 1245 quod
600 1205 680 1235 haec
695 1204 777 1234 ratio
794 1203 1000 1243 distinguitur
1015 1212 1033 1232 a
1045 1203 1148 1243 prima
1160 1207 1192 1233 et
1204 1202 1356 1238 secunda,

283 1251 359 1291 quia
381 1250 434 1280 hic
457 1248 678 1280 consideratur
700 1249 769 1288 ipsa
793 1247 940 1279 conditio
963 1247 1160 1287 cognitionis
1175 1246 1358 1278 secundum

282 1304 329 1325 se:
355 1295 387 1324 in
411 1293 474 1324 illis
497 1299 604 1324 autem
629 1292 915 1324 considerabantur
937 1301 988 1323 res
1011 1292 1168 1332 cognitae.

337 1338 478 1369 Adverte
501 1338 598 1368 etiaim
622 1337 713 1378 quod
736 1337 811 1368 ideo
835 1336 914 1368 dixit
928 1336 1067 1368 Sanctus
1081 1336 1228 1367 Thomas
1245 1337 1358 1378 cogni-

280 1384 405 1414 tionem
428 1383 489 1413 Dei
513 1382 554 1413 de
576 1382 645 1413 aliis
666 1382 765 1413 rebus
787 1391 857 1413 esse
885 1381 931 1412 ad
960 1381 1092 1412 modum
1110 1375 1280 1422 practicae
1302 1389 1358 1412 co-

280 1428 451 1470 guirionis,
475 1436 543 1458 non
567 1431 678 1458 autem
700 1427 848 1458 absolute
871 1434 940 1457 esse
959 1426 1154 1467 practicam,
1174 1426 1264 1466 quia,
1280 1434 1358 1457 cum

281 1473 369 1503 Deus
390 1482 455 1503 una
469 1477 501 1502 et
517 1471 631 1502 eadem
654 1472 842 1512 cognitione
858 1477 892 1502 et
906 1480 940 1501 se
956 1477 988 1502 et
1004 1471 1065 1502 alia
1088 1476 1276 1511 cognoscat,
1289 1480 1358 1502 non

280 1522 388 1558 potest
410 1516 599 1558 simpliciter
621 1516 684 1547 dici
707 1517 858 1557 practica,
881 1524 959 1546 cum
985 1516 1130 1556 seipsum
1159 1516 1358 1556 speculative

281 1567 471 1602 cognoscat:
495 1561 552 1592 sed
575 1562 755 1592 eminenter
777 1561 924 1592 continet
939 1566 972 1591 et
986 1560 1219 1602 speculativam
1234 1566 1266 1592 et
1285 1570 1358 1602 pra-

282 1607 406 1638 cticam.
432 1604 664 1647 Comparando
688 1611 797 1637 tamen
821 1606 925 1647 ipsam
949 1604 989 1636 ad
1013 1605 1073 1636 alia
1097 1615 1115 1636 a
1138 1614 1172 1636 se
1201 1611 1357 1646 tanquam

280 1650 501 1692 producenda,
523 1650 631 1682 induit
652 1651 790 1683 modum
813 1650 982 1693 practicae,
1007 1659 1049 1680 eo
1072 1649 1164 1690 quod
1190 1650 1358 1682 ordinetur

282 1696 322 1727 ad
345 1706 367 1727 o
392 1705 440 1726 us.

337 1705 404 1771 Viri.
429 1740 582 1781 Septimo.
608 1740 791 1770 Intellectus
816 1740 872 1780 qui
889 1745 937 1770 est
952 1745 1062 1770 motor
1076 1740 1128 1770 vel
1145 1749 1241 1770 causa
1260 1740 1358 1780 primi

281 1785 421 1821 mobilis,
446 1785 615 1825 cognoscit
637 1785 747 1825 ipsum
769 1784 891 1815 mobile
909 1785 1106 1824 inquantum
1122 1790 1170 1815 est
1185 1785 1357 1825 singulare.

280 1830 368 1870 Ergo
381 1829 470 1860 Deus
481 1829 641 1870 singulare
658 1830 836 1870 cognoscit.
849 1847 873 1851 -
883 1828 1042 1859 Probatur
1053 1828 1257 1860 antecedens.
1270 1829 1358 1868 Quia

280 1875 423 1915 primum
439 1874 561 1904 mobile
577 1879 728 1904 movetur
744 1883 762 1904 a
776 1879 931 1904 movente
954 1882 1012 1914 per
1033 1873 1234 1905 intellectum
1253 1879 1285 1904 et
1298 1883 1358 1904 vo-

280 1915 447 1950 luntatem.
467 1918 543 1949 Non
560 1923 670 1949 autem
685 1924 795 1959 posset
809 1927 943 1949 movere
957 1923 1068 1949 motor
1082 1927 1140 1958 per
1155 1918 1357 1949 intellectum

280 1969 312 1994 et
334 1963 536 1994 voluntatem
559 1963 621 1993 nisi
645 1968 858 2002 cognosceret
880 1962 1003 1993 mobile
1025 1963 1222 2003 inquantum
1241 1968 1289 1993 est
1304 1963 1358 1994 hic

280 2013 311 2038 et
327 2017 424 2043 nunc,
438 2013 471 2038 et
485 2016 544 2048 per
559 2015 764 2047 consequens
778 2007 954 2047 singulare:
972 2007 1048 2048 quia
1064 2007 1109 2038 sic
1125 2014 1173 2038 est
1188 2007 1320 2038 mobile.
1333 2025 1358 2030 -

280 2052 524 2092 Consequentia
540 2052 637 2082 etiam
648 2052 813 2092 probatur.
831 2051 919 2090 Quia
930 2057 985 2082 aut
997 2051 1051 2082 ille
1062 2057 1173 2083 motor
1188 2057 1236 2084 est
1251 2052 1356 2083 Deus:

280 2103 310 2128 et
334 2097 379 2127 sic
402 2097 538 2128 habetur
568 2097 785 2137 propositum.
817 2097 885 2127 Aut
915 2095 1049 2137 aliquod
1072 2102 1121 2127 est
1142 2096 1225 2128 infra
1248 2097 1356 2128 Deum

279 2142 371 2173 cuius
395 2141 577 2172 intellectus
600 2147 709 2182 potest
732 2150 931 2182 cognoscere
962 2141 1124 2182 singulare
1147 2151 1205 2172 sua
1227 2142 1356 2178 virtute,

280 2186 369 2227 quod
393 2186 577 2217 intellectus
598 2191 709 2216 noster
730 2195 800 2216 non
823 2191 942 2226 potest.
967 2186 1008 2216 Et
1030 2191 1110 2217 tunc
1133 2187 1238 2217 multo
1254 2187 1356 2227 magis

279 2232 343 2262 hoc
366 2231 486 2272 poterit
508 2230 692 2262 intellectus
715 2230 788 2261 Dei.

335 2275 474 2306 Adverte
499 2274 600 2315 quod,
625 2276 651 2305 si
673 2275 856 2306 intellectus
879 2275 996 2315 aliquis
1020 2284 1058 2305 ex
1074 2284 1132 2305 sua
1155 2274 1356 2316 perfectione

279 2320 375 2350 habet
398 2325 435 2350 ut
457 2320 490 2350 in
513 2318 636 2359 aliquid
659 2319 762 2359 possit
783 2319 818 2349 in
842 2318 932 2359 quod
954 2327 1023 2349 non
1045 2324 1155 2359 potest
1174 2319 1357 2351 intellectus

279 2364 452 2399 humanus,
470 2369 600 2404 oportet
616 2369 653 2394 ut
667 2364 701 2394 in
715 2363 796 2394 illud
812 2363 918 2394 multo
934 2364 1036 2403 magis
1052 2365 1155 2404 possit
1172 2364 1356 2395 intellectus

280 2409 422 2439 divinus:
439 2417 515 2439 cum
526 2409 562 2439 in
578 2409 650 2448 ipso
666 2408 755 2438 nulla
771 2409 810 2438 sit
825 2408 1038 2448 repugnantia
1053 2408 1094 2439 ad
1109 2408 1356 2450 intelligendum

280 2461 523 2494 quamcumque
546 2460 625 2489 rem,
651 2458 682 2483 et
705 2453 774 2493 ipse
797 2453 838 2483 sit
859 2451 1112 2493 perfectissimus
1135 2454 1285 2484 omnium
1307 2454 1357 2485 in-

279 2498 479 2529 tellectuum.
505 2497 582 2528 Ideo
606 2497 743 2529 Sanctus
757 2497 905 2528 Thomas
928 2498 1052 2538 optime
1076 2498 1180 2538 arguit
1203 2498 1305 2538 quod,
1330 2500 1356 2529 si

280 2543 360 2573 alius
383 2542 566 2573 intellectus
590 2542 759 2583 singulare,
776 2542 922 2572 humano
938 2542 1126 2573 intellectui·
1139 2543 1354 2583 incognitum,

280 2596 318 2618 ex
341 2586 541 2627 perfectione
565 2595 622 2617 sua
638 2592 745 2627 potest
761 2595 970 2627 cognoscere,
986 2587 1093 2617 multo
1109 2587 1212 2627 magis
1227 2587 1356 2619 divinus

280 2632 343 2662 hoc
366 2631 486 2671 poterit
508 2631 701 2662 intellectus.

335 2675 416 2706 Vlll.
433 2675 557 2706 Octavo
568 2676 596 2706 ⁶.
613 2675 647 2708 Si
663 2681 833 2716 negaretur
848 2685 867 2706 a
882 2676 955 2706 Deo
971 2676 1182 2716 singularium
1198 2677 1354 2717 cognitio,

278 2721 341 2751 hoc
366 2726 449 2751 esset
472 2721 548 2761 quia
571 2720 719 2752 videmus
741 2720 942 2752 intellectum
961 2726 1120 2757 nostrum,
1137 2721 1263 2752 ratione
1278 2730 1355 2753 suae

278 2765 562 2801 immaterialitatis,
569 2765 741 2806 singularia
753 2774 822 2796 non
834 2773 1046 2806 cognoscere:
1060 2775 1137 2796 cum
1148 2765 1238 2797 Deus
1249 2766 1354 2797 multo

278 2809 519 2840 immaterialior
537 2810 586 2840 sit.
610 2809 674 2841 Sed
690 2810 754 2840 hoc
769 2819 838 2841 non
854 2810 973 2840 obstat:
1000 2811 1076 2850 quia
1093 2815 1141 2840 est
1156 2810 1264 2851 aliqua
1282 2818 1355 2852 par-

277 2854 418 2885 ticularis
441 2855 522 2885 ratio
546 2855 580 2885 in
603 2855 770 2886 intellectu
789 2860 902 2885 nostro
916 2863 1017 2895 quare
1033 2855 1204 2895 singularia
1220 2865 1289 2886 non
1305 2857 1354 2886 in-

277 2898 408 2939 telligat,
433 2907 517 2940 quae
540 2908 608 2930 non
632 2905 679 2930 est
702 2900 736 2930 in
759 2899 925 2930 intellectu
949 2898 1071 2930 divino.
1097 2899 1183 2940 Ergo
1208 2906 1268 2931 etc.

333 2944 442 2975 Minor
456 2944 621 2985 probatur.
638 2943 681 2975 Et
695 2945 813 2984 primo,
830 2949 990 2984 quantum
1007 2943 1046 2974 ad
1062 2945 1200 2984 primam
1217 2950 1352 2986 partem,

277 2988 495 3029 supponendo
519 2988 610 3029 quod
633 2988 819 3020 assimilatio
843 2988 883 3019 ad
913 2997 982 3019 rem
1013 2990 1177 3029 cognitam
1201 2991 1233 3020 in
1258 2991 1353 3021 nobis

277 3031 332 3063 fiat
354 3042 413 3074 per
435 3034 598 3064 actionem
621 3042 730 3064 rerum
753 3033 953 3064 sensibilium
976 3034 1009 3064 in
1038 3035 1199 3074 potentias
1229 3044 1353 3076 cogno-

277 3078 412 3108 scitivas.
438 3077 558 3109 Forma
580 3077 740 3109 inferioris
764 3078 886 3110 ordinis
901 3087 969 3108 non
986 3084 1094 3118 potest
1117 3079 1243 3119 agendo
1260 3089 1353 3111 suam

277 3122 520 3154 similitudinem
545 3122 726 3163 producere
750 3123 782 3153 in
806 3122 941 3163 gradum
961 3123 1119 3154 altiorem.
1145 3123 1231 3164 Ergo
1248 3124 1352 3155 forma

277 3167 321 3197 rei
345 3168 502 3198 sensibilis
525 3176 594 3198 non
616 3172 724 3208 potest
747 3177 824 3198 suae
852 3167 1077 3208 singularitatis
1108 3168 1353 3200 similitudinem

277 3211 456 3251 producere
480 3211 519 3243 ad
542 3213 607 3243 hoc
636 3218 673 3242 ut
703 3213 744 3243 sit
773 3213 910 3243 omnino
941 3213 1168 3244 immaterialis.
1201 3214 1287 3254 Ergo
1319 3215 1351 3245 in

276 3256 441 3287 intellectu
464 3262 577 3287 nostro
600 3265 669 3288 non
692 3262 801 3298 potest
831 3266 900 3288 esse
925 3257 1102 3288 similitudo
1126 3258 1352 3298 singularitatis

276 3299 398 3331 formae
421 3301 589 3332 sensibilis.
615 3301 701 3342 Ergo
725 3301 830 3332 forma
845 3302 1014 3342 singularis
1030 3302 1187 3333 sensibilis
1202 3304 1242 3334 ab
1258 3304 1352 3334 intel-

277 3344 362 3375 lectu
377 3351 490 3376 nostro
510 3346 665 3386 cognosci
680 3355 749 3377 non
765 3352 882 3387 potest.
899 3365 922 3370 -
937 3346 1028 3377 Patet
1042 3346 1247 3378 antecedens.
1265 3347 1351 3387 Quia

277 3398 375 3428 agens
386 3395 434 3420 est
449 3390 672 3421 honorabilius
691 3391 835 3431 patiente
854 3397 886 3422 et
905 3397 988 3422 acto.
1001 3408 1025 3414 -
1037 3391 1142 3422 Prima
1159 3392 1255 3422 etiarn
1272 3402 1352 3423 con-

277 3435 442 3472 sequentia
472 3441 560 3475 patet
583 3445 622 3466 ex
646 3444 689 3466 se.
713 3454 737 3459 —
760 3435 909 3467 Secunda
934 3445 1069 3476 quoque
1097 3442 1233 3467 constat.
1265 3437 1350 3475 Quia

278 3478 453 3509 similitudo
470 3489 554 3519 quae
571 3486 619 3510 est
633 3480 667 3510 in
686 3481 852 3511 intellectu
876 3486 924 3511 est
947 3481 1175 3512 immaterialis.
1191 3499 1215 3504 —
1231 3482 1351 3513 Ultima

278 3531 354 3551 vero
377 3523 542 3562 probatur.
566 3525 653 3563 Quia
677 3526 821 3566 cognitio
838 3526 946 3556 omnis
962 3525 998 3556 fit
1014 3534 1071 3566 per
1084 3526 1350 3585 assimilationem

278 3569 502 3605 cognoscentis
526 3574 557 3599 et
581 3569 712 3609 cogniti

333 3610 494 3647 Secundo,
508 3614 663 3653 probatur
678 3615 786 3645 minor
797 3614 907 3655 quoad
922 3614 1099 3646 secundam
1116 3620 1251 3656 partem.
1263 3614 1350 3653 Quia

277 3662 345 3684 non
361 3660 408 3685 est
423 3658 566 3695 cognitio
580 3658 639 3688 Dei
653 3667 710 3697 per
725 3660 887 3690 actionem
901 3659 1022 3699 cogniti
1038 3659 1071 3690 in
1084 3666 1349 3700 cognoscentem,

870 277 1059 315 SUMMA
1089 275 1312 313 CONTRA
1340 272 1619 320 GENTILES,
1650 273 1762 311 CAP.
1787 274 1906 310 LXV.

1416 351 1473 382 sed
1496 361 1514 382 e
1537 352 1700 382 contrario
1722 353 1869 392 cognitio
1889 357 1937 382 est
1952 360 2048 382 causa
2063 358 2182 382 rerum.
2207 350 2315 387 Unde,
2337 359 2414 382 cum
2437 360 2495 382 sua

1417 396 1585 427 causalitas
1600 405 1635 427 se
1651 396 1803 428 extendat
1820 405 1926 437 usque
1949 395 1989 427 ad
2012 395 2267 436 singularitatem
2283 394 2409 427 formae
2422 405 2495 427 sen-

1416 441 1525 477 sibilis,
1549 440 1728 472 similitudo
1752 441 1978 482 singularitatis
2009 440 2078 471 eius
2109 439 2168 470 erit
2194 440 2230 470 in
2253 439 2428 471 intellectu.
2453 438 2495 471 Et

1416 487 1461 517 sic
1484 490 1593 526 potest
1615 485 1778 526 singulare
1800 493 2010 527 cognoscere.

1471 530 1558 560 Tota
1581 538 1659 569 ergo
1682 530 1764 560 ratio
1788 530 1978 562 diversitatis
1995 535 2042 560 est
2057 529 2134 570 quia
2148 529 2183 559 in
2198 528 2365 560 intellectu
2381 532 2495 559 nostro

1415 584 1484 606 non
1508 580 1556 605 est
1578 574 1758 605 similitudo
1785 574 1832 605 rei
1859 574 2040 615 singularis,
2064 573 2121 605 sed
2151 574 2234 604 bene
2263 574 2297 604 in
2327 573 2494 604 inteilectu

1416 620 1536 651 divino.

1471 662 1719 694 Advertendum
1741 672 1790 694 ex
1803 664 1846 694 iis
1866 666 1952 704 quae
1974 663 2054 695 dicit
2075 663 2213 694 Sanctus
2227 662 2386 700 Thomas,
2402 662 2495 703 quod

1415 708 1668 740 immaterialitas
1697 708 1880 748 specierum
1909 708 2092 740 intellectus
2121 708 2224 738 nostri
2249 717 2319 739 non
2342 712 2390 739 est
2412 708 2495 739 ratio

1416 763 1516 794 quare
1539 762 1608 783 non
1633 753 1696 783 sint
1725 751 1952 783 similitudines
1972 752 2203 793 singfflarffim,
2228 753 2305 793 quia
2326 752 2374 783 sic
2398 753 2494 784 etiam

1417 804 1499 830 esset
1522 798 1556 828 in
1579 797 1747 828 intellectu
1771 797 1898 828 divino:
1920 795 1979 827 sed
1994 798 2072 837 quia
2084 796 2265 829 similitudo
2281 797 2439 838 accipitur
2454 797 2494 829 ab

1414 844 1492 884 ipsis
1508 843 1713 873 sensibilibus
1725 843 1842 873 virtute
1857 841 2042 873 intellectus
2056 843 2179 881 agentis
2185 851 2197 878 ι’
2209 843 2373 884 singulare
2383 848 2494 874 autem

1415 897 1484 919 non
1506 893 1616 928 potest
1637 897 1769 919 causare
1793 888 1826 918 in
1849 886 2017 918 intellectu
2039 886 2286 918 similitudinem
2309 888 2359 918 sui
2383 893 2420 919 ut
2438 888 2494 919 sic.

1471 933 1525 963 IX.
1550 932 1646 963 Circa
1668 933 1756 964 hunc
1780 940 1971 973 processum
1995 931 2160 963 dubitatur
2173 932 2406 973 multipliciter.
2419 931 2495 964 Pri-

1414 987 1472 1009 mo
1487 978 1514 1007 θ’.
1540 977 1574 1008 Si
1598 976 1703 1008 forma
1725 976 1886 1009 inferioris
1907 976 2027 1018 gradus
2041 985 2110 1007 non
2125 980 2235 1017 potest
2255 976 2531 1019 producerem-¹

1415 1021 1633 1054 militudinem
1650 1023 1699 1054 sui
1715 1023 1749 1053 in
1769 1021 1906 1063 gradum¹
1930 1021 2088 1058 altiorem,
2113 1021 2261 1062 sequitur
2281 1021 2375 1062 quod
2389 1021 2495 1053 stirme

1415 1066 1574 1098 sensibilis
1590 1076 1658 1098 non
1674 1067 1795 1108 poterit
1810 1074 1942 1098 causare
1964 1075 2058 1097 suam
2074 1065 2344 1098 similitudinem·
2335 1074 2369 1097 m
2384 1063 2494 1108 medio

1415 1118 1448 1143 et
1469 1121 1581 1142 sensu:
1607 1112 1684 1152 quia
1707 1112 1761 1143 illa
1784 1117 1834 1142 est
1854 1111 2025 1154 nobilioris
2046 1110 2164 1151 gradus
2186 1119 2288 1162 quam
2306 1109 2413 1142 forms
2427 1113 2496 1142 ma-

1414 1157 1542 1187 terialis.
2460 1166 2471 1177 ι

1471 1211 1501 1232 2.
1524 1200 1680 1232 Secundo
1695 1202 1722 1231 *-
1746 1201 1932 1232 intellectus
1955 1209 2054 1252 agens
2075 1209 2146 1232 non
2173 1199 2337 1241 producit
2351 1201 2495 1241 speciem

1413 1246 1651 1286 intelligibilem
1673 1246 1708 1276 in
1730 1245 1898 1277 intellectu
1919 1245 1982 1276 nisi
2001 1252 2061 1286 per
2078 1245 2281 1287 phantasma.
2305 1244 2371 1276 Sed
2391 1245 2497 1286 phan-

1413 1296 1516 1322 tasma
1539 1296 1588 1322 est
1610 1289 1790 1321 similitudo
1813 1290 1860 1321 rei
1882 1289 2065 1331 singularis
2088 1289 2177 1331 Ergo
2190 1289 2392 1331 producetur
2406 1289 2495 1346 simi-

1414 1334 1518 1367 litudo
1541 1336 1588 1366 rei
1610 1335 1791 1376 singularis,
1815 1334 1891 1366 lieet
1913 1334 2134 1366 immaterialis
2155 1332 2367 1378 producatur.

1468 1379 1503 1411 Si
1519 1379 1646 1410 dicatur
1659 1379 1752 1420 quod
1773 1380 1965 1420 phanmma
1978 1387 2050 1410 non
2065 1380 2132 1420 agit
2146 1379 2209 1412 nisi
2220 1379 2350 1410 atione
2369 1355 2496 1410 Μ

1413 1425 1613 1460 universalis,
1636 1424 1713 1456 ideo
1736 1433 1805 1455 non
1829 1430 1940 1456 causat
1961 1424 2250 1456 instrumentaliter
2268 1424 2331 1455 nisi
2346 1419 2496 1455 similitu—

1413 1469 1523 1501 dinem
1539 1469 1666 1501 formae
1687 1467 1888 1506 universalis,
1903 1487 1928 1492 -
1946 1474 2071 1501 contra.
2094 1467 2216 1507 Primo,
2230 1469 2311 1510 quia
2329 1472 2436 1513 agere
2445 1473 2496 1500 eat

1413 1512 1540 1546 tantum
1563 1515 1610 1545 rei
1633 1514 1842 1556 particularis,
1866 1511 1935 1546 non
1958 1519 2070 1546 autem
2091 1512 2292 1546 universalis.

1469 1558 1634 1595 Secundo,
1651 1559 1729 1600 quis
1743 1568 1813 1590 non
1829 1556 1894 1600 agit
1907 1559 1972 1590 nisi
1993 1559 2191 1603 inquantum
2213 1554 2403 1591 sanilitudo.
2417 1554 2497 1594 Ns·

1414 1610 1461 1635 est
1484 1610 1594 1636 autem
1617 1603 1796 1635 similitudo
1812 1603 2011 1641 universalis,
2027 1603 2085 1635 sed
2101 1599 2310 1645 particularis.
2327 1602 2423 1644 Ergo
2429 1604 2496 1637 etet

1471 1649 1501 1680 3.
1526 1649 1639 1680 Tertio
1654 1648 1682 1679 ·.
1707 1648 1906 1692 Sequeoetur
1935 1648 2027 1701 quod
2057 1648 2152 1680 nullo
2181 1647 2285 1680 modo
2310 1647 2532 1681 intelleetm'

1413 1700 1524 1735 posset
1546 1702 1748 1735 cognoscere
1770 1693 1954 1735 singularia,
1969 1694 1998 1725 si
2013 1692 2054 1725 ad
2073 1694 2299 1735 cognitionem
2320 1693 2496 1734 requiritur

1413 1739 1604 1775 similitudo,
1628 1745 1660 1770 et
1682 1739 1718 1770 inv
1739 1738 1907 1770 intellectu
1929 1743 2043 1770 nostro
2066 1747 2136 1771 non
2159 1744 2208 1770 ea
2228 1737 2409 1770 similitudo
2428 1738 2496 1770 sai-

1412 1784 1543 1824 gularis.
1555 1784 1631 1815 Hoc
1642 1783 1754 1815 autem
1767 1789 1815 1814 est
1827 1781 1959 1815 falsurm
1973 1781 2060 1824 quia,
2072 1789 2110 1815 ut
2121 1782 2240 1815 dicitu·
2250 1783 2357 1814 Prima
2364 1783 2493 1822 Partem·

1414 1834 1447 1859 et
1461 1828 1502 1859 de
1514 1829 1585 1859 Ver.
1595 1829 1624 1865 ⁹,
1640 1828 1698 1859 ubi
1713 1836 1811 1869 supra
1821 1827 1868 1865 θ’,
1885 1827 2301 1868 cognoscuntur-indirecte
2316 1833 2350 1859 et
2364 1805 2495 1861 refluat:

1469 1882 1500 1912 4.
1525 1873 1652 1912 Quarto
1667 1872 1696 1903 ⁴.
1721 1872 1906 1904 Intellectus
1929 1878 2050 1909 noster,
2073 1878 2111 1904 ut
2133 1871 2254 1904 dicim!
2266 1870 2558 1911 Primanrtqm

1414 1925 1445 1958 q.
1462 1926 1587 1953 Lxxxw,
1609 1927 1637 1948 a.
1655 1926 1686 1957 7,
1710 1917 1756 1950 ad
1777 1918 1839 1948 hoc
1862 1915 1900 1948 iat
1921 1916 2088 1959 intelligat
2108 1915 2204 1948 suum
2235 1915 2495 1959 οθίοσιυηόνρνο-

1408 1962 1532 2002 prium,
1551 1970 1679 1993 necesse
1694 1967 1741 1992 est
1757 1967 1794 1992 ut
1807 1966 1979 1992 convertat
1996 1971 2031 1992 se
2049 1961 2094 1992 ad
2111 1961 2357 2002 phantasmata,
2373 1962 2421 1993 aa
2432 1960 2496 1995 hoe

1414 2011 1450 2037 ut
1471 2007 1657 2047 speculetur
1679 2011 1834 2038 naturam
1851 2003 2069 2037 universatem
2086 2006 2119 2037 in
2133 2006 2337 2048 particulari
2354 2007 2496 2039 erm

1413 2056 1486 2082 tem.
1511 2051 1575 2082 Sed
1589 2059 1658 2082 non
1674 2056 1783 2091 potest
1798 2051 1863 2083 hoc
1878 2051 1939 2082 nisi
1963 2051 2196 2092 cognoscendo
2215 2051 2391 2092 singulare:
2410 2050 2496 2085 usn

1412 2104 1479 2126 non
1504 2102 1613 2136 potest
1635 2095 1759 2136 aliquid
1789 2097 1824 2127 in
1855 2094 1992 2137 speculo
2021 2095 2124 2127 videri
2153 2097 2215 2128 nisi
2244 2097 2432 2137 speculum
2442 2096 2496 2128 'vi‘

1413 2140 1535 2171 deatur.
1561 2141 1650 2181 Ergo
1672 2139 1856 2172 intellectus
1878 2146 1991 2172 noster
2012 2139 2197 2182 singularia,
2220 2140 2412 2203 “eundum
2432 2141 2496 2173 ὼ-

1413 2185 1548 2216 ctrinam
1573 2185 1683 2217 Sancti
1698 2185 1860 2222 Thomas,
1884 2186 2064 2226 cognoscit.

1468 2230 1508 2260 X.
1531 2230 1584 2261 Ad
1608 2231 1752 2271 primum
1783 2230 1903 2262 homin
1932 2228 2052 2261 dicitur
2081 2229 2183 2271 quod,
2207 2200 2284 2262 lieet
2316 2230 2432 2262 forme
2447 2228 2495 2264 rei

1412 2274 1570 2306 sensibilis
1593 2275 1769 2315 recipiatur
1790 2276 1824 2306 in
1840 2273 1960 2307 medlo
1983 2281 2016 2306 et
2038 2283 2136 2306 sensu
2158 2275 2229 2306 sine
2251 2276 2396 2312 materia,
2421 2282 2495 2309 m-

1412 2318 1568 2359 recipitur
1589 2325 1698 2351 tamen
1728 2320 1851 2360 absque
1882 2317 2127 2352 conditionibus
2142 2319 2392 2351 >materialibust
2416 2326 2494 2354 eun

1413 2364 1585 2404 recipiatur
1607 2365 1667 2395 sub
1692 2364 1911 2396 determinatis
1934 2364 2195 2396 dimensionibus
2216 2370 2251 2395 et
2279 2364 2495 2398 determinate

1412 2409 1486 2444 situ,
1511 2413 1548 2439 ut
1570 2414 1660 2449 patet
1682 2410 1780 2440 etiam
1811 2409 1852 2440 de
1883 2408 1999 2440 formis
2020 2409 2055 2440 in
2079 2408 2222 2450 speculo
2252 2409 2492 2442 resultantibus.

1413 2452 1491 2483 ldeo
1514 2453 1702 2484 continetur
1717 2454 1799 2485 intra
1816 2453 2021 2486 latitudinem
2035 2453 2163 2485 formae
2184 2454 2371 2486 materialis:
2393 2462 2494 2496 quae—

1412 2497 1487 2528 dam
1511 2498 1599 2528 enim
1623 2497 1728 2529 forma
1751 2504 1800 2529 est
1822 2498 1995 2530 materialis
2016 2499 2094 2540 quia
2117 2504 2167 2530 est
2195 2507 2272 2529 cum
2304 2499 2454 2530 materie
2448 2504 2495 2532 et

1412 2541 1656 2574 conditionibus
1688 2543 1922 2579 materialibus;
1956 2543 2117 2584 quaedam
2149 2548 2259 2574 amem
2289 2544 2366 2584 quia
2396 2544 2494 2578 hnu-

1412 2587 1618 2618 conditiones
1641 2588 1831 2619 materiales.
1857 2588 1993 2628 Propter
2015 2588 2078 2619 hoc
2107 2587 2212 2618 forma
2238 2585 2405 2620 'sensibilis'
2421 2593 2493 2621 m

1411 2631 1564 2672 producit
1586 2632 1831 2663 similitudinem
1855 2641 1948 2664 suam
1972 2632 2013 2663 ad
2036 2633 2185 2663 altiorem
2209 2633 2344 2674 gradum
2367 2633 2492 2675 xmp}-

1411 2676 1499 2713 citer,
1524 2676 1580 2708 sed
1604 2677 1645 2708 ad
1667 2677 1812 2718 aliquem
1841 2677 1978 2718 gradum
2006 2677 2246 2718 perfectiorem,
2269 2678 2352 2709 intra
2380 2684 2492 2711 ume-

1410 2720 1615 2752 latitudinem
1638 2722 1688 2752 sui
1712 2721 1844 2753 ordinis.
1868 2721 2056 2763 Propositio
2076 2727 2190 2755 autem
2204 2722 2270 2759 illa,
2293 2723 2421 2755 Forma
2437 2722 2492 2754 iu-

1401 2765 1546 2808 jerioris
1568 2766 1696 2808 gradus
1719 2775 1785 2798 non
1805 2771 1920 2807 potest
1930 2766 2118 2808 producere
2131 2766 2379 2799 simlitudinem
2395 2771 2492 2800 enan

1411 2810 1444 2841 in
1467 2810 1611 2852 gradum
1635 2811 1799 2848 altiorem,
1823 2811 2033 2853 intelligenda
2057 2817 2105 2843 est
2120 2811 2161 2843 de
2176 2811 2278 2852 gradu
2301 2811 2492 2854 simplicitet*

1409 2855 1524 2892 altiori,
1545 2856 1602 2896 qui
1625 2855 1748 2887 scilicet
1760 2857 1804 2887 sit
1817 2865 1916 2897 supra
1938 2862 2043 2887 totam
2065 2855 2270 2888 latitudinem
2289 2857 2340 2888 sui
2355 2856 2489 2889 ordinis.

1411 2899 1505 2931 Unde
1520 2900 1635 2931 volens
1650 2910 1690 2932 ex
1710 2901 1770 2932 hac
1793 2901 1931 2932 Sanctus
1954 2901 2101 2932 Thomas
2123 2902 2331 2942 propositum
2355 2902 2491 2934 conclu-

1410 2944 1495 2981 dere,
1520 2944 1652 2976 deducit
1674 2945 1766 2986 quod
1790 2945 1895 2977 sonna
1917 2947 2076 2979 sensibilis
2099 2955 2167 2978 non
2192 2951 2301 2987 potest
2322 2955 2401 2978 suae
2422 2947 2491 2979 ma·

1409 2989 1586 3030 gularitatis
1608 2990 1853 3022 similitudinem
1878 2990 2060 3032 producere
2081 2990 2124 3022 ad
2145 2990 2211 3022 hoe
2234 2997 2271 3022 ut
2292 2992 2334 3022 sit
2354 2992 2492 3025 omniuo

1410 3035 1646 3066 immaterialis.
1678 3035 1781 3074 Quasi
1805 3035 1926 3067 diceret
1947 3035 2051 3077 quod,
2074 3036 2151 3067 licet
2179 3035 2283 3077 possit
2307 3035 2491 3078 prodirem

2409 2192 2426 2209 1·
2448 2193 2491 2211 2.

1409 3089 1477 3110 rem
1500 3080 1611 3120 aliquo
1635 3080 1739 3112 modo
1763 3081 2020 3118 immaterialem,
2045 3081 2122 3122 quia
2145 3081 2199 3112 illa
2222 3086 2331 3122 potest
2345 3081 2428 3112 inm
2442 3080 2490 3113 Β

1408 3124 1581 3156 titudinem
1605 3125 1656 3156 sui
1678 3125 1802 3156 ordinis
1817 3126 1989 3162 contineri,
2005 3134 2074 3158 non
2090 3131 2199 3157 tamen
2214 3125 2488 3157 omnino’inns-

1408 3169 1552 3200 terialem
1566 3175 1677 3210 potest
1692 3169 1883 3210 producere,
1896 3179 1973 3202 cum
1984 3170 2039 3201 illa
2055 3171 2095 3201 sit
2106 3179 2204 3211 supra
2213 3176 2321 3202 totum
2337 3169 2488 3202 ord-»m

1408 3213 1533 3245 formae
1548 3214 1730 3246 materialis.
1743 3215 1880 3256 Propter
1895 3215 1960 3246 hoc
1975 3215 2083 3256 inquit
2093 3215 2134 3247 de
2145 3214 2488 3256 Sponsam-*crea*

1408 3259 1502 3296 turis,
1527 3269 1555 3290 a.
1579 3267 1628 3296 ιο,
1644 3259 1685 3290 ad
1706 3260 1775 3296 ult.,
1801 3265 1834 3291 et
1855 3261 1889 3291 in
1913 3260 2047 3299 Quaest.
2071 3259 2271 3296 donnaus
2287 3268 2316 3290 a.
2332 3268 2365 3298 4,
2389 3259 2433 3290 adv
2457 3267 2487 3296 r,

1408 3304 1498 3343 quod
1513 3305 1634 3346 jor-ma
1657 3314 1742 3345 quae
1764 3310 1812 3336 est
1835 3305 1868 3336 in
1889 3313 1986 3336 sensu
2004 3309 2116 3346 potest
2133 3304 2320 3344 imprimere
2332 3304 2488 3345 somam

1408 3348 1441 3378 in
1467 3349 1716 3391 imaginatione,
1740 3350 1818 3391 quia
1840 3354 1919 3380 sunt
1939 3349 2081 3381 ex'usdem
2094 3348 2240 3392 gener-is,
2256 3357 2330 3380 cum
2348 3353 2487 3391 utraque

1406 3393 1449 3423 sit
1464 3394 1676 3425 individualis
1691 3399 1724 3424 et
1738 3394 2187 3436 materiatisssomaeauoem
2203 3393 2406 3435 imaginaria
2419 3402 2486 3425 non

1401 3442 1511 3478 potest
1528 3448 1592 3479 per
1616 3448 1651 3469 se
1682 3438 1868 3479 imprimere
1895 3438 2032 3479 speeiem
2059 3437 2307 3479 intelligibilem,
2331 3438 2409 3479 quia
2439 3443 2489 3470 est

1407 3483 1544 3514 alterius
1560 3483 1704 3525 generis,
1723 3492 1798 3514 cum
1814 3483 1860 3514 sit
1871 3483 1991 3524 soma
2013 3482 2220 3513 universalis.
2242 3483 2282 3513 Et
2302 3482 2342 3514 de
2354 3483 2484 3520 Anima,

1407 3528 1462 3558 ubi
1482 3537 1590 3568 supra,
1616 3527 1655 3559 ad
1681 3527 1711 3564 3,
1735 3528 1780 3558 ait
1801 3525 1894 3567 quod
1912 3527 2061 3557 ‘mnditia
2084 3527 2270 3568 recipientis
2293 3537 2359 3559 non
2377 3531 2488 3569 potest

1406 3572 1543 3612 speciem
1567 3577 1728 3612 ree-eptam
1752 3571 1936 3613 transferre
1957 3570 1999 3602 de
2019 3580 2143 3613 genere
2166 3572 2199 3603 in
2227 3579 2354 3614 genus:
2378 3577 2488 3613 potest

1407 3621 1526 3653 tamen,
1544 3617 1657 3648 eodem
1674 3623 1799 3658 genere
1820 3620 1981 3652 manente,
2007 3616 2140 3647 variare
2161 3617 2298 3658 speciem
2323 3622 2486 3658 receptam

1406 3661 1583 3692 secundum
1606 3661 1748 3702 aliquem
1772 3660 1903 3690 modum
1927 3660 2062 3691 essendi.

2546 975 2582 997 Cf.
2597 981 2620 996 n.
2632 981 2655 996 x.

2522 1197 2584 1220 ‘et
2599 1203 2621 1219 n.
2633 1203 2667 1220 ιι.

2547 1647 2583 1669 Ct'.
2600 1652 2623 1670 a.
2635 1653 2676 1670 ιιι.

2521 1780 2594 1808 ·.Qu
2605 1785 2701 1808 uuirt,
2718 1787 2739 1803 ι.

2521 1828 2685 1888 Lien?
2682 1844 2740 1878 r..

2521 1909 2583 1932 ἀἱ
2598 1915 2620 1933 n.
2631 1915 2684 1932 nu.
