2768 4134
646 268 834 306 SUMMA
864 269 1087 308 CONTRA
1115 271 1390 318 GENTILES,
1418 274 1513 310 LIB.
1534 274 1575 319 II,
1607 273 1717 311 CAP.
1738 275 1894 320 LXXX,
1914 275 2086 312 LXXXI.

266 352 427 382 humanae
450 347 703 378 ratiocinationis
728 347 898 386 excedunt,
926 354 982 379 aut
1005 349 1081 389 quia
1105 349 1212 389 aliqua
1235 350 1338 390 perci-

266 396 361 437 piunt
391 395 425 424 in
453 401 596 433 quorum
627 392 849 432 cognitionem
879 393 976 423 nullis
1005 394 1338 433 argumentationibus

267 441 375 471 anima
397 443 508 479 posset
536 437 719 477 pervenire;
743 442 799 467 aut
823 438 910 477 quia,
937 443 974 468 ut
1001 437 1118 469 dicitur
1142 439 1177 469 in
1200 438 1274 477 QQ.
1299 439 1339 469 de

271 484 378 520 Verit.‚
403 483 479 513 loco
503 480 728 522 praeallegato,
753 481 864 512 taliter
891 482 1038 513 elevatur
1066 483 1177 513 anima
1202 488 1238 514 ut
1259 492 1338 514 con-

257 529 419 572 formiter
441 525 630 558 substantiis
652 526 813 566 separatis
836 526 1000 568 intelligat
1018 528 1253 563 conclusiones,
1277 529 1338 558 sci-

266 574 341 605 licet
362 571 501 613 simplici
518 570 648 606 intuitu,
665 570 735 601 sine
750 570 942 601 deductione
959 572 1056 602 unius
1071 581 1113 602 ex
1136 573 1252 608 altero,
1269 581 1338 602 cer-

267 619 388 650 tissime
411 617 532 648 videns.
549 632 571 638 -
585 614 618 645 Si
634 624 712 645 vero
729 615 904 655 loquamur
923 622 1082 656 quantum
1105 616 1146 647 ad
1169 616 1337 653 iudicium,

265 664 339 704 plus
362 663 448 702 viget
469 661 551 691 ratio
574 660 608 689 in
631 659 794 699 vigilando
826 669 925 700 quam
955 661 987 691 in
1019 661 1224 692 dormiendo.
1251 661 1340 698 Quia

260 707 424 749 perfectio
449 704 562 736 iudicii
574 704 622 745 fit
644 713 686 734 ex
715 714 753 734 eo
777 705 865 745 quod
895 714 934 735 ea
961 705 1001 736 de
1024 706 1138 746 quibus
1162 706 1336 742 iudicatur,

266 752 500 783 examinantur
522 748 566 779 ad
589 749 724 789 aliquod
741 749 942 790 principium
962 750 1171 791 cognitionis.
1193 751 1338 781 Primum

265 802 374 828 autem
393 794 592 836 principium
618 798 751 824 nostrae
774 794 974 835 cognitionis
990 799 1038 825 est
1050 804 1174 827 sensus.
1197 795 1243 825 Et
1265 795 1338 825 ideo

21 886 104 916 ...‚.
176 893 198 909 ...
214 888 238 910 ⁶.
265 839 457 918 aazia
466 838 1340 925 {522‘2'2552‘2d33512-053553l”;;25'55;.3.1{5.232233

265 931 347 962 artis
362 934 394 961 et
409 934 549 960 naturae
560 932 608 958 est
620 937 672 958 res
683 928 843 958 sensibilis
855 933 886 958 et
897 928 1041 959 visibilis.
1053 946 1076 951 —
1087 929 1249 969 Loquitur
1261 937 1338 969 ergo

264 976 318 1007 hic
341 975 478 1006 Sanctus
501 972 648 1003 Thomas
671 972 711 1003 de
727 973 915 1012 cognitione
931 978 1092 1013 quantum
1115 973 1156 1004 ad
1178 973 1339 1013 receptio-

263 1029 342 1052 nem
364 1018 617 1060 impressionum
633 1027 651 1047 a
665 1026 762 1047 causa
784 1018 953 1057 superiori,
969 1026 1038 1048 non
1054 1023 1164 1048 autem
1180 1023 1339 1058 quantum

236 1102 239 1105 ἢ
264 1066 304 1097 ad
328 1063 563 1106 perfectionem
587 1067 618 1092 et
641 1062 921 1102 complementum
943 1062 1065 1093 iudicii.
1098 1071 1100 1073 ’

320 1107 527 1142 Attendenda
542 1111 619 1138 sunt
637 1112 746 1137 autem
762 1107 859 1136 verba
882 1106 990 1137 Sancti
1007 1107 1156 1137 Thomae
1172 1107 1236 1137 hoc
1251 1106 1337 1137 loco.

263 1155 340 1186 Non
364 1154 452 1185 enim
475 1152 622 1183 absolute
636 1152 745 1192 inquit
767 1150 966 1182 dormientes
980 1152 1146 1192 percipere
1163 1151 1203 1182 de
1223 1151 1339 1182 futuris

264 1209 303 1231 ex
314 1198 527 1240 impressione
539 1196 764 1237 superiorum:
778 1195 835 1226 sed
846 1196 971 1232 limitat,
985 1197 1194 1236 subiungens,
1206 1195 1337 1237 quando

263 1243 414 1285 corporis
435 1242 581 1273 sensibus
605 1250 671 1271 non
696 1245 844 1277 utuntur,
862 1250 921 1271 nec
936 1245 984 1271 est
1001 1242 1113 1282 aliqua
1131 1241 1337 1281 perturbatio

262 1290 436 1320 humorum
460 1291 519 1318 aut
531 1285 766 1328 fumositatum
791 1285 984 1326 impediens,·
1006 1287 1083 1326 quia
1097 1285 1247 1316 videlicet
1269 1294 1338 1316 non

261 1330 616 1375 percipiuntur‘futura
631 1331 666 1360 in
681 1331 805 1360 somnis
819 1330 881 1361 nisi
897 1331 1084 1370 imaginatio
1101 1331 1140 1360 sit
1160 1335 1233 1370 apta
1257 1339 1337 1371 pure

263 1383 295 1409 et
317 1377 463 1409 ordinate
487 1375 614 1416 operari
637 1379 721 1411 actu,
746 1375 838 1415 quod
860 1384 928 1405 non
953 1375 1106 1406 convenit
1130 1374 1263 1414 quando
1290 1379 1337 1404 est

261 1421 465 1454 inordinatus
480 1426 590 1451 motus
606 1420 782 1450 humorum
801 1425 832 1450 et
847 1420 1029 1460 spirituum.
1047 1420 1088 1450 Et
1103 1418 1177 1449 ideo
1195 1419 1337 1449 obiectio

262 1467 352 1499 scoti
375 1467 409 1497 in
432 1466 569 1504 Quarto,
594 1464 625 1494 d.
642 1473 712 1500 va,
730 1473 762 1504 q.
782 1473 799 1494 2
817 1465 844 1500 θ,
876 1473 941 1504 qua
970 1463 1066 1494 infert
1097 1463 1198 1503 quod,
1222 1464 1248 1493 si
1272 1463 1337 1494 hoc

260 1520 376 1543 verum
399 1516 447 1542 est
470 1508 561 1550 quod
585 1508 722 1539 Sanetus
744 1508 891 1539 Thomas
906 1509 1011 1548 inquit
1027 1508 1067 1539 de
1091 1507 1336 1544 dormientibus,

261 1561 340 1587 tnnc
364 1559 487 1597 quanto
518 1562 652 1584 somnus
679 1558 726 1583 est
751 1552 968 1594 profundior,
1000 1557 1091 1582 tanto
1120 1552 1227 1593 magis
1255 1552 1337 1582 talia

261 1600 460 1635 viderentur,
484 1598 573 1629 nulla
597 1602 654 1627 est.
679 1597 770 1627 Patet
786 1597 874 1627 enim
890 1597 955 1627 hoc
978 1605 1046 1627 non
1071 1597 1164 1636 sequi
1188 1605 1226 1626 ex
1249 1596 1338 1636 posi-

259 1646 350 1676 tione
376 1643 485 1675 Sancti
508 1642 658 1674 Thomae
681 1642 765 1671 bene
787 1641 960 1671 intellecta.
990 1641 1074 1671 Nam
1104 1641 1139 1670 in
1171 1639 1337 1680 profundo

259 1696 379 1720 somno
401 1692 450 1719 est
473 1686 672 1728 perturbatio
701 1686 891 1721 humorum,
916 1690 971 1716 aut
1001 1683 1177 1716 multitudo
1202 1684 1338 1715 fumosi·

258 1738 373 1771 tatum,
397 1741 482 1773 opus
498 1730 739 1771 imaginationis
762 1729 954 1770 impediens,
979 1735 1011 1760 et
1035 1734 1274 1769 consequenter
1289 1738 1339 1760 re-

259 1779 445 1820 ceptionem
469 1776 637 1808 subtilium
659 1775 922 1815 impressionum.

315 1832 346 1854 2.
370 1820 616 1853 Attendendum
636 1819 791 1856 secundo,
816 1829 892 1850 cum
908 1818 1025 1850 dicitur
1047 1819 1111 1849 hoc
1135 1817 1280 1849 accidere
1304 1818 1338 1849 in

258 1867 544 1910 syncopizantibus
564 1870 596 1896 et
612 1865 746 1895 extasim
761 1864 872 1905 passis,
889 1863 980 1904 quod
1003 1864 1067 1894 hoc
1091 1862 1337 1903 intelligendum

259 1917 316 1949 est,
332 1920 401 1943 non
418 1911 458 1942 de
481 1909 679 1951 patientibus
702 1917 871 1950 syncopen
888 1914 920 1939 et
938 1908 1187 1938 abstractionem
1204 1917 1221 1937 a
1238 1908 1338 1938 sensi-

258 1957 320 1988 bus
342 1961 477 1998 promer
492 1954 638 1994 corporis
658 1953 903 1994 aegritudinem,
921 1953 996 1993 quia
1020 1952 1073 1982 illa
1097 1961 1135 1982 ex
1159 1952 1336 1982 humorum

258 2000 502 2043 perturbatione
517 1998 555 2029 fit
569 2003 625 2029 aut
640 1996 876 2034 fumositatum,
893 2006 977 2038 quae
995 1997 1097 2037 magis
1113 1996 1336 2036 cognitionem

259 2045 443 2087 impediunt
459 2053 558 2084 quarn
573 2044 702 2074 iuvent:
720 2041 777 2073 sed
792 2041 981 2082 intelligitur
993 2040 1033 2072 de
1050 2050 1087 2071 ea
1103 2050 1187 2081 quae
1203 2040 1240 2071 fit
1256 2040 1335 2071 dum

259 2091 376 2131 aliquis
392 2094 525 2131 propter
545 2087 782 2119 vehementiam
802 2085 982 2117 affectionis
1005 2091 1060 2116 aut
1083 2086 1273 2116 intentionis
1296 2085 1336 2116 ad

260 2133 383 2175 aliquid
398 2134 556 2165 alienatur
572 2142 589 2163 a
602 2132 759 2168 sensibus,
777 2137 808 2162 et
824 2131 964 2161 maxime
977 2129 1157 2171 quandoid
1173 2130 1211 2160 ab
1228 2129 1336 2170 aliqua

260 2179 419 2221 superiori
443 2187 540 2209 causa
564 2177 704 2207 animam
729 2176 875 2206 elevante
898 2176 1058 2216 provenit.

318 2223 349 2255 3.
372 2221 619 2254 Attendendum
646 2230 792 2262 quoque,
820 2221 904 2251 circa
927 2219 1014 2251 idern
1041 2220 1172 2250 ternum
1201 2218 1336 2256 dictum,

261 2268 352 2310 quod
375 2268 483 2300 anima
505 2266 646 2298 totaliter
678 2271 821 2306 separata
852 2264 969 2295 dicitur
995 2263 1173 2295 assimilari
1189 2265 1338 2306 perfecte

259 2312 448 2345 substantiis
462 2311 623 2352 separatis
646 2315 802 2351 quantum
826 2309 870 2340 ad
885 2310 1016 2340 modum
1032 2308 1245 2350 intelligendi,
1269 2317 1337 2339 non

261 2359 339 2400 quia
361 2358 406 2389 ita
428 2356 571 2398 perfecte
594 2355 750 2395 intelligat
773 2364 832 2395 per
855 2355 979 2394 species
1006 2353 1128 2384 infusas
1155 2353 1239 2384 sicut
1262 2354 1337 2383 sub-

261 2403 395 2434 stantiae
419 2406 594 2443 separatae,
618 2401 683 2430 hoc
699 2400 787 2431 enim
811 2398 928 2429 falsum
952 2403 1010 2435 est,
1033 2403 1070 2429 ut
1092 2397 1226 2428 inferius
1241 2398 1259 2415 ἕ
1281 2407 1338 2438 ap-

262 2448 401 2489 parebit:
427 2445 484 2477 sed
499 2446 586 2486 quia,
611 2454 687 2475 cum
711 2445 775 2475 sint
797 2444 906 2484 plures
921 2442 1014 2474 modi
1030 2442 1260 2483 cognoscendi,
1277 2443 1338 2473 sci-

0 2482 4 2525 i
261 2493 338 2524 licet
360 2501 419 2532 per
441 2491 566 2531 species
590 2494 738 2529 acceptas
754 2499 772 2519 a
795 2488 900 2524 rebus,
917 2493 950 2519 et
972 2496 1030 2528 per
1053 2488 1177 2527 species
1193 2497 1211 2517 a
1227 2486 1338 2518 divino

0 2537 4 2540 ”
262 2537 387 2568 lumine
410 2534 542 2571 infusas,
567 2543 710 2574 quorum
734 2532 896 2564 secundus
922 2532 1070 2563 absolute
1097 2537 1129 2562 et
1152 2532 1338 2572 simpliciter

262 2581 404 2612 nobilior
427 2589 465 2610 ac
487 2578 662 2620 perfectior
685 2584 747 2614 est;
771 2578 878 2608 anima
898 2582 1041 2618 separata
1060 2576 1252 2606 assimilatur
1266 2585 1337 2616 per-

262 2626 346 2657 fecte
369 2624 554 2655 substantiis
577 2624 730 2664 separatis
761 2627 920 2663 quantum
948 2621 987 2652 ad
1019 2621 1085 2652 hoc
1113 2620 1204 2660 quod
1228 2621 1338 2651 omnia

263 2680 321 2711 per
343 2669 468 2710 species
492 2679 510 2699 a
533 2668 606 2699 Deo
629 2667 751 2698 infusas
775 2671 952 2707 cognoscet
979 2671 1010 2697 et
1033 2666 1156 2705 absque
1181 2665 1337 2702 discursu,

263 2715 347 2746 sicut
371 2719 402 2745 et
423 2713 507 2750 illae,
531 2722 599 2744 non
616 2718 725 2743 autem
741 2721 781 2743 ex
795 2712 1009 2752 impressione
1024 2711 1167 2750 ipsarum
1191 2710 1338 2740 substan-

263 2761 382 2791 tiarum
398 2758 506 2798 aliqua
529 2762 657 2788 tantum
673 2761 860 2797 cognoscet,
878 2757 961 2787 sicut
977 2755 1094 2786 accidit
1116 2755 1148 2784 in
1174 2753 1338 2785 dormien-

263 2805 349 2835 tibus
374 2807 406 2834 et
430 2803 563 2834 extasim
586 2802 698 2842 passis,
716 2802 772 2842 qui
795 2799 984 2841 imperfecte
1008 2799 1048 2830 ad
1071 2799 1210 2830 modum
1226 2799 1338 2839 cogni-

263 2848 362 2879 tionis
386 2848 529 2889 ipsarum
553 2845 722 2877 accedunt.

320 2891 403 2923 XIII.
420 2891 485 2923 Sed
501 2892 584 2922 circa
600 2891 802 2931 propositam
819 2889 1018 2920 solutionem
1034 2894 1066 2918 et
1082 2894 1308 2928 argumentum
1321 2889 1338 2905 ⁴*

265 2937 333 2968 duo
357 2941 533 2968 occurrunt
557 2935 664 2967 dubia.
689 2935 834 2965 Primum
857 2939 914 2969 est,
934 2934 1011 2973 quia
1034 2933 1170 2964 Sanctus
1193 2932 1339 2963 Thomas

264 2981 391 3013 videtur
410 2981 670 3024 propositionem
686 2978 866 3010 Aristotelis
882 2979 915 3008 in
932 2978 974 3008 111
991 2977 1031 3008 de
1045 2977 1174 3012 Anima,
1190 2982 1266 3007 text.
1286 2986 1338 3013 20,

265 3036 331 3068 qua
347 3027 400 3063 ait,
425 3026 501 3057 Non
527 3025 767 3056 reminiscimur
786 3028 904 3059 autem,
929 3022 1127 3062 interpretari
1149 3021 1190 3052 de
1209 3022 1339 3052 remini-

14 3080 33 3096 '·
46 3083 84 3108 ct.
108 3086 174 3110 text,
196 3089 237 3111 ⁵05
265 3071 386 3103 scentia
401 3076 476 3111 post
491 3075 631 3100 mortem
641 3070 675 3099 *t
694 3074 731 3099 ut
746 3069 786 3099 sit
798 3077 910 3099 sensus
923 3066 1014 3108 quod
1028 3072 1104 3107 post
1115 3071 1255 3097 mortem
1270 3075 1338 3096 non

21 3117 44 3134 “·
55 3111 90 3134 ¹⁸·
265 3115 502 3148 reminiscimur
518 3123 634 3145 eorum
650 3123 734 3154 quae
746 3113 899 3143 scivimus
914 3112 948 3142 in
963 3112 1037 3141 vita.
1054 3111 1144 3141 Haec
1161 3116 1269 3141 autem
1286 3120 1339 3141 ex-

23 3172 117 3196 ·cniet.
131 3172 199 3195 inm
209 3172 238 3194 ae
265 3161 385 3203 positio
402 3170 470 3191 non
486 3159 613 3190 videtur
629 3167 707 3195 esse,
724 3156 905 3188 secundum
922 3155 1082 3197 quosdam
1094 3157 1121 3192 ⁵,
1143 3155 1182 3186 ad
1195 3161 1338 3186 mentem

6 3198 114 3250 ᾖξ’·
134 3205 239 3247 “ξ;,,,-“,ξζ
265 3205 456 3237 Aristotelis.
481 3204 569 3235 Tum
593 3204 680 3244 quia,
704 3203 730 3233 si
757 3202 797 3233 de
821 3202 927 3232 anima
951 3205 1094 3240 separata
1121 3200 1337 3236 intellexisset,

22 3259 75 3276 m
104 3231 236 3281 '‘ffiorent.
266 3250 396 3282 dixisset
407 3250 442 3280 in
454 3249 616 3289 singulari,
630 3248 705 3278 Non
719 3247 941 3278 reminiscitur
953 3250 1071 3280 autem,
1084 3245 1206 3275 scilicet
1217 3245 1338 3275 anima:

24 3279 98 3311 ¹⁵⁰⁹›'
152 3303 155 3306 ·
267 3304 332 3326 non
356 3299 465 3326 autem
489 3294 522 3324 in
544 3293 671 3334 plurali
700 3292 740 3323 de
770 3291 861 3322 nobis
883 3290 1067 3320 hominibus
1092 3289 1237 3325 dixisset,
1262 3289 1338 3319 Non

266 3339 507 3370 reminiscimur
522 3343 640 3368 autem.
653 3355 676 3360 -
686 3337 774 3367 Tum
791 3336 867 3376 quia
884 3335 941 3366 illa
959 3339 1037 3365 nota
1049 3333 1200 3369 causalis,
1218 3333 1341 3364 scilicet

269 3397 284 3411 α
299 3384 376 3425 quia
392 3397 420 3420 »,
445 3383 524 3414 dum
548 3382 704 3417 subditur,
731 3381 807 3422 quia
830 3381 892 3410 hoc
913 3379 1041 3421 quidem
1067 3378 1271 3419 impassibile,
1297 3378 1341 3409 ad

266 3428 349 3459 nihil
362 3428 464 3459 servit
478 3428 528 3458 illi
543 3426 750 3468 expositioni.
763 3443 787 3448 -
797 3426 885 3455 Turn
901 3424 987 3464 quia,
1000 3423 1029 3454 si
1044 3423 1084 3453 de
1099 3423 1340 3453 reminiscentia

259 3478 339 3514 post
360 3477 496 3503 mortem
520 3477 594 3513 erat
614 3481 721 3503 sermo
746 3476 777 3501 et
799 3470 838 3500 de
857 3469 1045 3511 cogitativa,
1063 3467 1233 3498 dicendum
1257 3473 1338 3503 erat,

268 3530 283 3545 «
299 3522 330 3549 et
344 3518 415 3548 sine
429 3517 492 3548 hoc
507 3525 574 3547 non
590 3516 811 3547 reminiscitur
833 3515 943 3545 anima
960 3524 989 3543 »ε
1007 3522 1073 3543 non
1090 3517 1207 3547 autem,
1228 3525 1242 3538 ‹
1259 3512 1340 3542 nihil

22 3608 146 3656 ...,.
218 3614 237 3630 ..
266 3562 470 3648 afflata
491 3560 1337 3640 35:2².'¹3'.⁶..i{2.{z}⁸¹233²1⁹³.2³‘Z.‘5..5;25⁰5.3}5{.'”·..,

23 3633 238 3684 Rhaiffemo.
266 3661 350 3692 quae
372 3651 582 3682 adducuntur
605 3660 623 3681 a
639 3650 757 3682 Sancto
776 3649 906 3679 Thoma
930 3647 971 3678 111
995 3647 1034 3677 de
1057 3646 1174 3676 Anima
1190 3646 1208 3662 ⁴*
1231 3644 1275 3676 ad
1290 3645 1339 3675 in-

0 1421 1 1427 *
0 1063 11 1408 vv«1-·rv—-<2·--u---—,—:-:—w
0 1042 2 1048 ἡ
0 1020 2 1022 -

18 1472 30 1483 ·
42 1470 95 1494 ῈοΙ.
111 1477 159 1501 ¹30-

0 2257 8 2379 ἑ

0 2389 97 2450 {fleam
111 2418 166 2436 ιονι
180 2418 233 2442 sqq.

0 2550 7 2579 ι

20 2897 74 2921 ‘Cf-
80 2903 103 2920 n.
109 2903 126 2925 ι,
135 2897 223 2926 Quinto
227 2903 237 2923 ,·

14 2922 46 2952 ,et
57 2930 83 2948 u.
92 2930 115 2947 ι.

2390 288 2408 314 3
2420 289 2431 313 1
2448 289 2458 313 1

1391 351 1590 382 sinuandum
1606 352 1693 393 quod
1708 362 1792 393 quae
1807 353 1875 383 illic
1890 352 2076 393 disputavit,
2093 354 2145 384 hic
2160 354 2350 395 affirmavit,
2367 361 2463 387 extra

1385 397 1594 437 propositum
1623 401 1710 427 sunt.
1742 397 1908 435 Quoniam
1942 398 1995 428 hic
2025 398 2172 438 loquitur
2201 399 2391 430 Aristoteles
2424 400 2465 431 de

1392 441 1494 476 nobis,
1518 440 1594 471 dum
1618 441 1706 476 dicit,
1726 454 1740 467 «
1759 441 1835 471 Non
1860 442 2102 472 reminiscimur
2115 448 2222 474 autem
2239 454 2271 474 »ε
2297 444 2340 474 ibi
2355 449 2464 475 autem

1392 485 1539 526 loquitur
1561 485 1600 515 de
1624 485 1694 525 ipsa
1718 486 1828 515 anima
1853 491 1890 516 ut
1911 486 2126 528 distinguitur
2141 493 2258 518 contra
2283 495 2363 525 nos;
2379 489 2465 520 unde

1392 529 1528 570 inquit*
1552 530 1640 570 quod
1666 543 1679 555 α
1700 539 1765 559 ηοη
1793 535 1869 560 sunt
1899 531 1988 561 illius
2011 532 2192 571 passiones,
2216 532 2273 563 sed
2301 533 2465 564 habentis:

1391 583 1494 615 quare
1509 578 1550 609 et,
1573 574 1636 604 hoc
1658 579 1826 614 corrupto,
1852 584 1917 604 non
1942 581 2143 606 memoratur
2165 587 2267 617 neque
2289 583 2380 608 amat
2398 592 2425 608 ι».
2442 596 2465 601 -

1393 619 1495 658 Magis
1519 627 1596 658 ergo
1612 618 1804 658 exponenda
1827 624 1902 649 sunt
1923 620 1976 649 illa
1999 621 2095 650 verba
2117 620 2157 651 de
2180 622 2274 652 nobis
2298 623 2394 653 etiam
2417 623 2464 653 vi-

1393 663 1555 694 ventibus:
1581 662 1672 702 quod
1695 663 1815 693 scilicet
1831 668 1978 694 nostrum
2003 665 2185 706 intelligere
2208 676 2274 696 non
2299 672 2347 697 est
2368 667 2464 697 remi-

1394 707 1484 744 nisci,
1509 713 1547 738 ut
1569 707 1673 737 voluit
1696 707 1804 737 Plato:
1829 713 1889 737 etc.

1450 762 1480 783 2.
1505 751 1694 783 Secundum
1719 750 1856 782 dubium
1872 752 1888 768 ⁴*
1917 757 1973 788 est,
2007 753 2082 792 quia
2115 754 2174 783 ista
2203 755 2371 794 responsio
2395 765 2463 786 non

1393 796 1519 827 videtur
1542 796 1583 827 ad
1597 801 1742 827 mentem
1765 796 1946 826 Aristotelis
1963 796 2142 828 satisfacere
2165 804 2370 838 argumento:
2387 809 2464 830 curn

1392 842 1462 882 ipse
1489 841 1616 872 nullum
1639 841 1739 872 alium
1769 840 1906 871 modum
1936 841 2136 881 intelligendi
2166 848 2267 882 ponat
2294 844 2328 873 in
2358 845 2464 875 anima

1394 895 1493 927 quam
1517 895 1594 916 cum
1616 886 1850 926 phantasmate.
1881 885 1966 916 Nam
1995 891 2146 926 arguetur
2173 886 2229 916 sic.
2262 887 2462 927 Impossibile

1394 936 1441 961 est
1456 931 1599 970 aliquam
1614 930 1825 960 substantiam
1841 939 1910 960 esse
1927 930 2020 961 cuius
2035 940 2103 960 non
2119 931 2160 960 sit
2175 931 2284 970 aliqua
2299 933 2463 971 operatio;

1394 975 1458 1006 Sed
1474 976 1582 1006 omnis
1597 975 1743 1015 operatio
1767 975 1894 1005 animae
1909 973 2020 1005 finitur
2035 984 2111 1005 cum
2128 984 2281 1015 corpore;
2298 976 2385 1016 Ergo
2402 982 2462 1007 etc.

1393 1020 1551 1050 Probatur
1573 1020 1682 1050 minor
1704 1018 1745 1049 de
1767 1019 1998 1050 intellectione.
2015 1019 2102 1057 Quia
2124 1019 2313 1060 intelligere,
2335 1020 2375 1051 de
2396 1030 2464 1061 quo

1393 1065 1494 1105 magis
1509 1064 1645 1100 videtur,
1662 1073 1730 1094 non
1747 1069 1794 1094 est
1810 1064 1932 1104 absque
1948 1064 2180 1104 phantasmate,
2197 1064 2377 1095 secundum
2393 1066 2464 1096 Ari-

1392 1109 1558 1139 stotelem:
1583 1118 1651 1139 non
1675 1109 1762 1139 enim
1784 1108 1947 1139 invenitur
1970 1109 2178 1139 Aristotelem
2196 1110 2343 1149 posuisse
2364 1109 2464 1141 alium

1392 1153 1530 1184 modurn
1541 1151 1741 1192 intelligendi
1753 1153 1878 1183 animae
1890 1158 2019 1183 nostrae
2031 1154 2088 1193 qui
2099 1154 2140 1183 sit
2151 1154 2219 1184 sine
2231 1154 2463 1194 phantasmate.

1392 1198 1427 1229 In
1444 1198 1551 1228 anima
1566 1203 1675 1228 autem
1690 1202 1834 1237 separata
1849 1207 1918 1228 non
1934 1203 2040 1228 essent
2054 1198 2285 1238 phantasmata.
2302 1199 2388 1239 Ergo
2402 1204 2462 1230 etc.

1447 1241 1668 1273 Confirmatur
1685 1242 1766 1272 ratio
1779 1243 1806 1272 ⁴⁶.
1823 1241 1919 1280 Quia,
1939 1247 1976 1272 ut
1990 1243 2060 1282 ipse
2075 1243 2181 1282 inquit
2200 1243 2212 1272 1
2228 1242 2269 1273 de
2283 1244 2400 1273 Anima
2417 1244 2462 1280 ”,

1390 1287 1419 1317 si
1434 1288 1545 1328 aliqua
1569 1287 1716 1327 operatio
1738 1291 1786 1316 est
1802 1287 1942 1326 propria
1965 1286 2104 1322 animae,
2121 1287 2192 1327 ipsa
2206 1292 2255 1317 est
2273 1288 2464 1328 separabilis

1391 1341 1413 1362 a
1435 1339 1594 1372 corpore:
1616 1331 1645 1362 si
1661 1336 1769 1362 autem
1785 1331 1878 1361 nulla
1894 1336 1943 1361 est
1964 1331 2034 1361 eius
2051 1332 2193 1372 propria
2213 1332 2370 1372 operatio,
2397 1342 2462 1363 non

1391 1381 1439 1406 est
1459 1376 1662 1417 separabilis.
1679 1375 1743 1406 Sed
1758 1375 1846 1406 nulla
1862 1381 1910 1406 est
1932 1376 2063 1416 propria
2081 1376 2182 1416 ipsius
2206 1377 2368 1416 operatio:
2387 1378 2463 1416 quia

1390 1421 1579 1461 intelligere,
1604 1419 1644 1451 de
1667 1429 1735 1460 quo
1757 1420 1898 1450 maxime
1925 1419 2096 1457 videretur,
2119 1430 2188 1451 non
2212 1419 2258 1456 fit,
2282 1421 2463 1452 secundum

1391 1466 1510 1505 ipsum,
1533 1465 1655 1504 absque
1679 1465 1911 1504 phantasmate,
1929 1464 2020 1504 quod
2035 1470 2083 1495 est
2105 1466 2139 1495 in
2163 1474 2300 1505 corpore
2323 1474 2381 1505 per
2395 1467 2463 1496 ani-

1391 1518 1479 1539 mam
1502 1508 1688 1539 informato.
1706 1509 1800 1545 Nam,
1817 1514 1854 1539 ut
1869 1508 2018 1544 diximus,
2034 1510 2104 1549 ipse
2127 1509 2255 1540 nullum
2274 1509 2374 1540 alium
2389 1520 2461 1541 mo-

1391 1553 1471 1584 durn
1494 1553 1694 1593 intelligendi
1718 1554 1843 1584 animae
1867 1558 1996 1584 nostrae
2019 1554 2129 1593 posuit
2145 1563 2244 1594 quam
2261 1563 2336 1584 cum
2360 1555 2462 1594 phan-

1391 1603 1535 1628 tasmate.
1560 1598 1646 1637 Ergo
1670 1606 1739 1627 non
1763 1598 1822 1627 erit
1844 1598 2039 1637 separabilis.

1447 1642 1532 1672 XIV.
1556 1641 1784 1681 Respondetur
1800 1641 1840 1671 ad
1863 1642 2006 1681 primum
2021 1641 2158 1672 dubium
2181 1642 2272 1682 quod
2295 1643 2348 1672 illa
2364 1652 2464 1683 expo-

1392 1686 1466 1716 sitio
1490 1691 1538 1716 est
1560 1686 1600 1716 ad
1623 1691 1768 1716 mentem
1790 1686 1981 1716 Aristotelis.
2006 1686 2048 1715 Et
2070 1691 2118 1716 est
2139 1695 2208 1716 non
2232 1686 2340 1717 solum
2356 1686 2464 1717 Sancti

1392 1730 1552 1767 Thomae,
1576 1729 1633 1760 sed
1657 1730 1753 1760 etiarn
1777 1729 1906 1760 Ioannis
1930 1729 2150 1767 Grammatici,
2167 1730 2347 1767 Themistii,
2364 1731 2464 1761 Aver-

1392 1775 1467 1811 rois,
1492 1780 1524 1806 et
1552 1775 1690 1805 aliorum
1718 1774 1939 1814 antiquorum.
1971 1774 2066 1811 Nam,
2098 1780 2134 1805 ut
2164 1776 2298 1815 exponit
2328 1774 2464 1806 Sanctus

1392 1819 1548 1855 Thomas,
1573 1819 1650 1860 quia
1673 1818 1795 1850 dixerat
1820 1824 1944 1859 partem
1974 1819 2204 1850 intellectivam
2235 1829 2304 1851 esse
2330 1820 2464 1850 immor-

1391 1864 1489 1894 talem
1519 1869 1551 1894 et
1579 1869 1781 1904 perpetuam,
1810 1868 1922 1904 posset
1953 1863 2072 1904 aliquis
2102 1864 2291 1895 existimare
2315 1864 2404 1905 quod
2431 1865 2463 1895 in

1389 1909 1502 1939 anima
1523 1913 1677 1948 separata
1698 1913 1774 1948 post
1794 1908 1935 1938 hominis
1959 1913 2095 1938 mortem
2119 1914 2303 1939 remaneret
2327 1909 2463 1939 scientia

1390 1963 1500 1984 rerum
1525 1962 1563 1983 eo
1587 1952 1684 1983 modo
1708 1962 1772 1993 quo
1797 1961 1884 1982 nunc
1900 1961 1972 1982 eam
1986 1953 2090 1983 habet.
2107 1953 2149 1983 Et
2169 1952 2254 1989 ideo,
2270 1954 2334 1983 hoc
2357 1962 2463 1983 remo-

1389 2007 1477 2034 vens,
1500 1997 1606 2038 inquit
1630 1997 1720 2037 quod
1745 2007 1810 2027 non
1835 1996 2077 2028 reminiscimur
2091 2002 2171 2038 post
2189 2002 2335 2033 mortem,
2361 2007 2463 2039 neque

1389 2042 1612 2083 intelligimus,
1636 2051 1674 2072 eo
1699 2041 1795 2072 modo
1819 2051 1883 2082 quo
1908 2051 2004 2072 nunc.

1444 2086 1539 2118 Unde
1564 2086 1603 2117 ad
1627 2087 1769 2126 primum
1793 2087 1827 2116 in
1851 2086 2040 2126 oppositum
2064 2085 2277 2126 respondetur
2301 2086 2390 2125 quod
2414 2085 2462 2117 id-

1390 2132 1476 2162 circo
1501 2131 1589 2168 dixit,
1614 2130 1690 2161 Non
1716 2130 1964 2166 reminiscimur,
1989 2130 2029 2161 de
2059 2131 2154 2161 nobis
2183 2129 2361 2170 loquendo,
2385 2131 2463 2171 quia

1389 2177 1497 2210 homo,
1522 2181 1559 2206 ut
1583 2175 1699 2206 dicitur
1721 2176 1755 2205 in
1779 2175 1808 2205 X
1823 2175 1928 2205 Ethic.
1942 2176 1969 2211 ἢ
1989 2180 2037 2205 est
2047 2174 2358 2215 principalissimum
2374 2175 2462 2216 quod
2490 2184 2498 2192 ·

1391 2226 1439 2251 est
1453 2221 1486 2251 in
1504 2221 1584 2261 ipso,
1601 2220 1722 2250 scilicet
1737 2219 1928 2250 intellectus.
1950 2219 2044 2250 Unde
2061 2219 2151 2260 quod
2167 2219 2283 2250 dicitur
2299 2219 2339 2250 de
2356 2221 2462 2250 anima

1390 2265 1585 2296 intellectiva
1608 2270 1761 2305 separata,
1779 2264 2010 2295 convenienter
2033 2263 2149 2294 dicitur
2165 2263 2205 2295 de
2228 2264 2367 2299 homine,
2391 2270 2461 2295 tan-

1391 2319 1490 2351 quam
1513 2309 1615 2340 bomo
1639 2310 1680 2339 sit
1701 2314 1776 2349 post
1799 2314 1939 2339 mortem
1963 2309 2032 2349 ipsa
2051 2309 2157 2339 anima
2176 2313 2335 2349 separata.
2354 2308 2395 2338 Et
2418 2309 2462 2339 al-

1391 2354 1474 2385 ludit
1496 2354 1560 2384 hoc
1585 2353 1624 2384 ad
1649 2362 1860 2384 communem
1883 2352 2020 2383 modum
2044 2352 2215 2393 loquendi:
2241 2363 2316 2383 nam
2344 2358 2375 2383 et
2401 2363 2462 2384 nos

1392 2399 1530 2430 dicimus
1545 2399 1677 2429 Petrum
1692 2398 1891 2438 Apostolum
1915 2403 1946 2428 et
1969 2397 2104 2428 Sanctos
2119 2397 2228 2428 videre
2250 2397 2393 2428 divinam
2414 2407 2463 2428 es-

1391 2445 1538 2479 sentiam,
1562 2449 1594 2474 et
1609 2444 1800 2474 invocamus
1815 2442 1950 2479 Sanctos
1974 2441 2127 2478 dicentes,
2145 2442 2263 2472 Sancte
2278 2442 2382 2477 Petre,
2401 2451 2462 2473 ora

1386 2498 1451 2529 pro
1477 2488 1578 2524 nobis,
1596 2493 1629 2518 et
1650 2489 1696 2518 sic
1715 2487 1756 2518 de
1779 2487 1862 2523 aliis;
1883 2487 2029 2527 quamvis
2053 2487 2140 2517 solae
2164 2487 2311 2526 ipsorum
2334 2487 2461 2517 animae

1392 2534 1455 2564 sint
1471 2538 1503 2563 et
1518 2532 1648 2563 videant
1664 2532 1805 2562 divinam
1822 2532 2003 2567 essentiam,
2020 2540 2087 2561 non
2105 2536 2213 2561 autem
2229 2531 2460 2571 compositum.

1392 2577 1520 2608 Eodem
1536 2577 1632 2617 igitur
1647 2576 1749 2606 modo
1773 2576 2001 2615 Philosophus,
2026 2574 2065 2605 ad
2089 2584 2300 2605 communem
2323 2574 2462 2605 modum

1391 2621 1549 2662 loquendi
1573 2620 1729 2657 alludens,
1752 2629 1827 2651 cum
1851 2620 1958 2650 anima
1981 2624 2056 2659 post
2079 2624 2218 2649 mortem
2238 2629 2307 2649 non
2330 2619 2461 2649 remini-

1392 2671 1507 2702 scatur,
1530 2666 1636 2706 inquit
1659 2664 1750 2705 quod
1774 2673 1834 2695 nos
1857 2669 1932 2705 post
1954 2668 2093 2694 mortem
2123 2673 2191 2694 non
2215 2664 2460 2694 reminiscimur.

1447 2710 1499 2740 Ad
1522 2709 1703 2741 secundum
1731 2709 1847 2740 dicitur
1869 2707 1960 2749 quod
1991 2708 2044 2738 illa
2074 2713 2152 2738 nota
2180 2708 2313 2739 causalis
2337 2708 2461 2748 optime

1392 2754 1529 2786 deservit
1552 2755 1732 2795 proposito.
1756 2753 1913 2784 Redditur
1936 2753 2023 2783 enim
2043 2762 2138 2783 causa
2153 2762 2252 2792 quare
2275 2762 2343 2782 non
2366 2753 2461 2783 remi-

1391 2800 1547 2830 niscimur
1559 2804 1634 2839 post
1644 2804 1798 2829 mortem:
1816 2798 1892 2838 quia
1906 2796 2056 2827 videlicet
2067 2807 2140 2837 pars
2155 2797 2359 2832 intellectiva,
2377 2805 2460 2836 quae

1393 2849 1536 2875 remanet
1559 2849 1634 2884 post
1654 2847 1803 2879 mortem,
1820 2847 1868 2873 est
1890 2841 2104 2882 impassibilis,
2121 2840 2212 2878 idest,
2236 2851 2305 2871 non
2321 2846 2368 2871 est
2386 2841 2461 2871 sub-

1391 2890 1513 2919 iectum
1535 2889 1725 2929 passionum
1741 2888 1877 2923 animae,
1895 2887 1978 2917 sicut
2001 2891 2048 2917 est
2064 2895 2165 2922 amor,
2182 2885 2296 2916 odium
2320 2891 2351 2916 et
2366 2886 2460 2916 remi-

1392 2933 1559 2969 niscentia,
1576 2932 1633 2963 sed
1657 2933 1888 2972 compositum.
1906 2931 1993 2967 Ideo,
2010 2936 2164 2971 corrupto
2181 2930 2376 2970 composito,
2392 2939 2460 2960 non

1392 2982 1560 3008 remanent
1582 2977 1616 3008 in
1641 2977 1758 3013 anima,
1782 2981 1819 3007 ut
1842 2975 1958 3007 dicitur
1981 2977 2014 3005 in
2038 2975 2106 3006 Ide
2121 2975 2249 3010 Anima,
2269 2980 2344 3005 text.
2362 2974 2414 3004 66.

1447 3022 1499 3053 Ad
1523 3022 1654 3052 tertium
1677 3021 1794 3052 dicitur
1823 3020 1912 3061 quod
1930 3030 1998 3051 non
2022 3026 2088 3050 erat
2111 3019 2284 3050 dicendum
2308 3018 2348 3049 de
2372 3019 2460 3058 cogi-

1392 3067 1499 3103 tativa,
1522 3067 1594 3097 sine
1615 3066 1677 3096 hoc
1699 3065 1781 3096 nihil
1803 3065 2022 3096 reminiscitur
2039 3065 2160 3100 anima,
2177 3063 2243 3100 sed,
2265 3063 2346 3093 nihil
2368 3063 2458 3093 intel-

1393 3111 1477 3152 ligit.
1494 3111 1580 3149 Quia
1595 3111 1678 3142 sicut
1693 3119 1751 3151 per
1773 3109 2060 3150 impassibilitatem
2077 3108 2259 3139 intellectus
2279 3107 2461 3138 ostenderat

1394 3155 1484 3196 quod
1507 3165 1576 3186 non
1606 3155 1851 3191 reminiscimur,
1874 3155 1918 3184 ita
1948 3163 2006 3194 per
2035 3153 2334 3194 corruptibilitatem
2363 3152 2460 3192 partis

1393 3201 1583 3241 cogitativae
1598 3200 1668 3231 vult
1692 3199 1860 3230 ostendere
1879 3198 2101 3229 universaliter
2116 3197 2206 3238 quod
2221 3206 2288 3227 non
2304 3197 2460 3227 habemus

1393 3245 1530 3276 modum
1553 3243 1752 3284 intelligendi
1768 3249 1842 3284 post
1857 3248 1997 3273 mortem
2013 3252 2111 3282 quem
2127 3243 2271 3272 viventes
2289 3242 2459 3276 habemus;

1393 3290 1501 3320 anima
1523 3289 1611 3320 enim
1635 3289 1810 3319 coniuncta
1832 3287 1911 3317 nihil
1934 3287 2082 3327 intelligit
2101 3287 2170 3317 sine
2194 3286 2373 3326 cogitativa,
2394 3286 2460 3316 sive

1393 3335 1462 3365 sine
1494 3339 1584 3374 parte
1614 3334 1773 3369 sensitiva,
1805 3341 1904 3372 quam
1932 3331 2127 3361 intellectum
2152 3331 2319 3371 passivum
2349 3334 2459 3366 voeat;

1392 3379 1480 3409 iuxta
1504 3379 1741 3419 expositionem
1763 3386 1832 3407 non
1856 3376 1962 3406 solum
1986 3375 2094 3406 Sancti
2110 3375 2268 3411 Thomae,
2292 3374 2348 3404 sed
2364 3375 2461 3405 etiam

1393 3423 1555 3459 Averrois,
1576 3422 1747 3455 Themistii
1763 3426 1795 3451 et
1810 3421 1938 3451 Ioannis
1955 3419 2174 3450 Grammatici.
2192 3419 2278 3450 Cum
2295 3428 2371 3459 ergo
2391 3419 2461 3459 ipsa

1393 3477 1465 3508 pars
1488 3467 1637 3498 sensitiva
1653 3465 1867 3506 corruptibilis
1883 3465 1932 3501 sit,
1949 3470 1981 3494 et
1997 3474 2055 3504 per
2077 3473 2281 3504 consequens
2303 3473 2371 3494 non
2393 3472 2461 3493 ma-

1392 3517 1468 3542 neat
1489 3517 1564 3552 post
1587 3516 1736 3546 mortem,
1759 3510 1906 3550 sequitur
1921 3508 2011 3549 quod
2027 3509 2133 3539 anima
2156 3514 2299 3548 separata
2321 3517 2389 3538 non
2412 3508 2461 3538 in-

1392 3556 1513 3596 telligat
1537 3565 1576 3587 eo
1601 3555 1701 3586 modo
1717 3564 1784 3595 quo
1800 3554 1948 3593 intelligit
1963 3554 2147 3583 coniuncta.
2164 3553 2212 3584 Ex
2233 3553 2350 3593 quibus
2373 3557 2462 3593 patet

1394 3599 1484 3640 quod
1506 3609 1615 3640 neque
1631 3605 1678 3630 est
1693 3599 1819 3635 falsum,
1836 3607 1943 3638 neque
1961 3603 2046 3628 extra
2062 3597 2277 3638 propositum,
2303 3596 2392 3637 quod
2408 3597 2461 3627 hic

1393 3645 1519 3681 dicitur,
1544 3646 1631 3675 iuxta
1654 3645 1736 3674 hanc
1760 3643 2008 3683 expositionem.

2492 539 2500 547 ·
2511 537 2578 560 Text.
2590 537 2624 565 67.

2492 763 2500 771 ·
2510 762 2546 784 Cf.
2554 768 2576 784 n.
2587 768 2625 783 xv.
2632 773 2643 779 -
2650 761 2704 785 Vid.

2492 788 2564 810 Caiet.
2579 790 2625 811 loc.
2642 789 2680 811 cit.

2492 1247 2548 1278 ''Ctss
2563 1246 2637 1270 Caiet.
2658 1248 2703 1270 loc.

2489 1278 2584 1328 'cp-(2⁸1³.
2599 1306 2616 1327 1,
2629 1306 2669 1328 ιος
2686 1307 2705 1323 a.

2490 1327 2535 1349 Th.
2551 1328 2567 1349 l.
2577 1333 2596 1349 2.

2490 2216 2500 2231 .-
2519 2183 2582 2231 ῗῗιρῐ
2599 2188 2645 2231 ἵζ’·
2673 2189 2699 2211 ⁹³
