2742 4152
65 1005 75 1014 ”
89 1004 124 1026 cf.
140 1010 162 1026 n.
173 1010 196 1025 x.

307 261 369 313 ¹50
893 256 1082 293 SUMMA
1112 255 1335 293 CONTRA
1363 255 1641 303 GENTILES,
1672 256 1784 293 CAP.
1805 257 1940 294 XVIII.

315 349 357 369 ex
380 338 509 368 ratione
531 335 774 376 compositionis
797 333 984 365 dissolubile
1008 339 1070 364 est:
1097 334 1174 374 quia
1190 334 1387 374 compositio

314 382 449 413 includit
464 381 603 421 partium
619 379 843 420 pluralitatem,
858 379 986 418 quibus,
1000 384 1035 408 ut
1051 378 1159 418 plures
1177 383 1208 408 et
1220 377 1388 408 distinctae

314 432 398 462 sunt,
423 425 575 456 convenit
591 430 627 455 ut
642 425 684 461 ab,
698 433 763 455 una
784 423 881 454 altera
897 423 999 464 possit
1014 423 1163 463 separari,
1179 427 1235 453 aut
1250 427 1387 462 utraque

312 474 531 511 permanente,
555 474 611 499 aut
634 469 730 499 altera
753 473 889 503 tantum,
914 473 969 498 aut
992 472 1122 503 neutra:
1147 472 1179 497 et
1195 475 1253 506 per
1272 476 1387 497 conse-

313 524 426 554 quens,
451 519 486 544 ut
509 518 615 544 totum
636 513 737 554 possit
754 512 883 543 dissolvi
900 517 931 542 et
946 521 1014 542 non
1031 521 1110 542 esse.
1135 511 1170 541 In
1187 511 1259 541 Deo
1277 516 1386 543 autern

311 558 391 589 nihil
413 558 476 588 tale
498 558 635 588 inveniri
662 563 771 598 potest
801 566 839 587 ex
869 566 937 596 quo
966 565 1034 586 non
1065 565 1134 586 esse
1168 556 1284 596 possit:
1309 565 1386 586 cum

311 603 351 633 sit
365 612 423 643 per
439 612 472 633 se
494 603 602 642 primo
626 612 758 633 necesse
774 611 853 637 esse,
871 610 909 631 ex
925 610 992 641 quo
1009 600 1106 631 habet
1120 605 1158 630 ut
1173 600 1265 631 nullo
1282 599 1384 631 modo

309 647 412 687 possit
435 656 502 677 non
526 657 605 683 esse,
623 656 730 687 neque
753 646 792 676 ab
815 646 989 675 intrinseco
1006 654 1114 685 neque
1131 645 1170 675 ab
1192 645 1384 675 extrinseco.

377 691 430 722 IV.
458 690 595 728 Quarto.
620 691 762 722 Haberet
784 699 914 720 causam
938 689 1142 720 efficientem.
1176 689 1218 720 Et
1247 691 1293 720 sic
1315 699 1384 720 non

309 741 393 766 esset
415 736 519 776 prima
542 746 647 767 causa.
672 754 695 758 -
717 735 875 765 Probatur
898 734 1141 774 consequentia.
1166 733 1254 772 Quia
1277 734 1384 764 omnis

309 781 505 821 compositio
529 780 651 821 indiget
673 784 910 820 componente:
936 788 975 809 eo
1001 778 1091 819 quod
1114 778 1208 818 plura
1228 779 1263 809 in
1279 788 1383 810 unum

307 835 376 856 non
400 826 600 856 conveniunt
622 825 684 855 nisi
707 825 745 855 ab
769 824 880 864 aliquo
908 824 1070 853 uniantur.
1103 823 1181 853 Non
1211 824 1384 864 componit

307 875 417 900 autem
432 870 575 910 seipsum
591 869 828 909 compositum:
846 869 922 908 quia
937 867 1017 898 nihil
1034 873 1081 898 est
1096 868 1146 898 sui
1161 867 1263 908 ipsius
1275 877 1381 899 causa.

301 914 393 955 ,Ergo
418 919 547 954 oportet
570 923 638 944 esse
663 912 784 953 aliquid
807 912 894 943 aliud
919 921 1133 952 componens.
1165 912 1247 943 Tale
1273 917 1382 943 autem

306 964 354 989 est
377 968 473 989 causa
497 957 639 989 efficiens
663 958 847 998 compositi.
873 957 960 997 Ergo
984 962 1046 987 etc.

361 1003 399 1033 V.
423 1002 545 1039 Quinto
559 1004 585 1033 ’ἢ
610 1003 699 1033 Deus
723 1007 770 1033 est
793 1001 1032 1032 nobilissimum
1049 1002 1184 1032 entium.
1209 1001 1296 1042 Ergo
1312 1011 1381 1032 non

304 1053 352 1078 est
367 1048 580 1088 compositus.
591 1064 616 1070 -
626 1046 831 1077 Antecedens
846 1051 944 1086 patet.
961 1046 1048 1084 Quia
1063 1051 1112 1077 est
1122 1046 1228 1086 prima
1239 1056 1345 1077 causa.
1358 1065 1381 1069 —

304 1091 548 1132 Consequentia
570 1092 734 1132 probatur.
766 1091 802 1121 In
826 1090 974 1131 quolibet
996 1100 1116 1131 genere
1138 1095 1229 1122 tanto
1254 1096 1302 1122 est
1324 1091 1381 1123 ali-

303 1135 383 1177 quid
398 1136 539 1167 nobilius
556 1142 679 1177 quanto
696 1141 743 1166 est
759 1135 954 1175 simplicius:
972 1136 1056 1166 sicut
1070 1136 1165 1176 ignis,
1182 1135 1240 1176 qui
1255 1135 1380 1166 nullam

301 1181 552 1221 permixtionem
567 1179 674 1221 frigidi
685 1180 791 1216 habet,
804 1180 838 1210 in
849 1189 968 1220 genere
981 1179 1075 1211 calidi
1088 1185 1135 1212 est
1147 1180 1379 1211 nobilissimus.

302 1225 403 1264 Quod
426 1235 502 1265 ergo
527 1231 575 1256 est
596 1226 630 1256 in
654 1224 720 1255 fine
742 1224 919 1255 nobilitatis
942 1225 1093 1256 omnium
1118 1225 1254 1261 entium,
1276 1230 1324 1256 est
1346 1225 1380 1256 in

301 1269 366 1300 fine
389 1270 611 1310 simplicitatis.
636 1269 677 1300 Et
700 1278 758 1310 per
773 1278 980 1310 consequens
995 1279 1064 1301 non
1081 1275 1130 1301 est
1145 1270 1379 1311 compositum.

356 1314 496 1345 Adverte
520 1315 603 1345 circa
625 1314 714 1345 illam
737 1315 1008 1355 propositionem,
1033 1315 1072 1345 In
1096 1315 1240 1356 quolibet
1257 1324 1381 1357 genere

300 1364 422 1399 quanto
440 1359 565 1400 aliquid
579 1364 628 1390 est
642 1359 793 1396 nobilius,
807 1364 898 1390 tanto
912 1365 960 1390 est
973 1359 1162 1400 simplicius,
1176 1359 1268 1400 quod
1283 1360 1380 1391 habet

300 1403 467 1435 veritatem
490 1405 524 1435 in
547 1404 585 1435 iis
609 1413 694 1445 quae
718 1413 775 1444 per
798 1413 832 1434 se
856 1409 888 1435 et
911 1403 1031 1436 directe
1054 1410 1259 1445 reponuntur
1274 1405 1308 1436 in
1323 1414 1379 1446 ge-

300 1458 387 1485 nere,
411 1458 480 1479 non
504 1454 613 1479 autem
629 1448 850 1479 universaliter
865 1448 906 1480 de
921 1449 1086 1480 omnibus.
1109 1449 1186 1480 Non
1207 1449 1296 1480 enim
1310 1459 1379 1480 ma-

300 1494 379 1524 teria
401 1494 506 1534 prima
529 1499 577 1524 est
599 1493 742 1524 nobilior
764 1493 910 1530 homine,
933 1494 1009 1525 licet
1033 1494 1073 1524 sit
1102 1494 1299 1535 simplicior;
1324 1500 1380 1526 aut

299 1538 402 1569 homo
426 1538 605 1579 simplicior
624 1539 757 1569 materia
772 1539 849 1578 quia
865 1543 913 1569 est
927 1538 1117 1579 perfectior:
1142 1539 1276 1573 materia
1291 1539 1379 1570 enim

299 1592 369 1613 non
393 1588 441 1614 est
462 1583 498 1614 in
520 1592 639 1624 genere
661 1589 819 1624 tanquam
842 1583 966 1624 aliquid
990 1582 1193 1624 completum
1208 1584 1243 1614 in
1259 1584 1378 1624 specie.

300 1626 364 1659 Sed
386 1627 470 1658 inter
491 1629 577 1669 ipsas
600 1628 734 1669 species,
758 1628 812 1659 ina
840 1638 925 1669 quae
953 1628 1096 1659 nobilior
1119 1634 1176 1665 est,
1200 1629 1380 1669 simplicior

301 1673 399 1703 etiam
423 1677 480 1703 est.

357 1715 498 1747 Adverte
522 1718 629 1754 etiam,
653 1726 729 1748 cum
754 1716 880 1753 dicitur,
907 1717 994 1760 ignis
1017 1718 1073 1758 qui
1103 1728 1169 1748 non
1195 1718 1291 1748 habet
1316 1717 1378 1748 ali—

300 1771 397 1803 quam
409 1762 662 1802 permixtionem
669 1761 808 1804 frigidi,
825 1761 917 1803 quod
932 1761 1098 1803 duplicem
1113 1763 1231 1794 habere
1246 1772 1378 1794 sensum

301 1811 418 1847 potest.
443 1806 580 1843 Primus,
604 1812 641 1838 ut
664 1806 697 1848 ly
720 1806 812 1847 quod
837 1806 954 1838 dicitur
976 1807 1032 1848 qui
1056 1817 1122 1838 non
1138 1808 1234 1839 habet
1248 1813 1322 1844 etc.,
1339 1808 1379 1838 sit

300 1851 506 1882 limitativum
521 1851 607 1883 illius
623 1851 752 1882 termini
768 1851 865 1893 ignis,
883 1857 919 1882 ut
934 1852 974 1882 sit
995 1861 1123 1883 sensus:
1149 1852 1238 1884 Cum
1261 1852 1378 1893 aliquis

300 1896 383 1936 ignis
413 1896 529 1927 habeat
558 1896 809 1937 permixtionem
838 1895 955 1936 frigidi,
979 1897 1095 1937 aliquis
1118 1907 1196 1928 vero
1220 1906 1299 1933 non,
1324 1897 1377 1928 ille

301 1941 358 1981 qui
381 1950 450 1971 non
473 1941 580 1977 habet,
605 1947 653 1972 est
676 1940 938 1981 perfectissimus.
970 1941 1012 1972 Et
1035 1946 1115 1972 tunc
1138 1941 1307 1982 probabile
1330 1947 1378 1972 est

300 1990 337 2016 ut
359 1986 566 2026 suppositum
596 1985 682 2016 istud
705 1995 818 2016 verum
849 1986 889 2016 sit
920 1984 960 2016 de
992 1986 1066 2026 igne
1093 1986 1127 2016 in
1150 1996 1208 2017 sua
1231 1986 1376 2027 sphaera,

301 2029 391 2070 quod
414 2030 536 2061 scilicet
558 2030 686 2061 nullum
701 2029 837 2070 gradum
853 2029 1031 2070 frigiditatis
1047 2030 1173 2068 habeat,
1189 2030 1247 2062 sed
1262 2031 1378 2062 habeat

299 2080 466 2106 summum
481 2074 617 2116 gradum
633 2074 810 2110 caliditatis,
827 2074 941 2106 saltem
954 2075 989 2105 in
1005 2084 1156 2116 suprema
1172 2076 1220 2107 sui
1237 2081 1338 2116 parte.
1354 2093 1378 2098 -

299 2118 470 2151 Secundus
492 2130 605 2152 sensus
629 2125 737 2160 potest
761 2129 830 2151 esse
853 2125 891 2151 ut
913 2120 953 2150 sit
983 2119 1214 2151 declarativum
1244 2126 1377 2152 naturae

299 2165 392 2206 ignis,
410 2166 502 2205 quasi
518 2164 558 2196 de
574 2170 687 2196 natura
703 2165 786 2206 ignis
801 2165 841 2195 sit
857 2174 926 2195 non
941 2164 1059 2196 habere
1082 2165 1226 2206 aliquem
1241 2164 1377 2206 gradum

300 2209 488 2250 frigiditatis.
512 2210 554 2241 Et
576 2216 655 2240 tunc
677 2209 924 2250 intelligendum
949 2214 997 2240 est
1020 2209 1061 2240 de
1084 2211 1158 2251 igne
1182 2211 1216 2241 in
1247 2210 1378 2252 propria

300 2254 443 2291 materia,
466 2264 535 2285 non
559 2260 668 2285 autem
691 2255 724 2285 in
749 2254 852 2285 aliena
876 2254 1041 2291 existente,
1066 2260 1097 2285 et
1127 2254 1167 2286 de
1198 2255 1273 2295 igne
1301 2265 1377 2286 suae

300 2300 412 2331 relicto
425 2305 567 2330 naturae.
585 2299 671 2337 Quia
687 2300 713 2329 si
729 2299 940 2340 loqueremur
952 2298 991 2329 de
1007 2299 1080 2339 ipso
1092 2299 1274 2331 secundum
1287 2299 1378 2341 quod

301 2346 341 2376 ab
357 2344 468 2384 aliquo
480 2343 597 2385 frigido
610 2344 769 2380 alteratur,
784 2349 862 2384 puta
879 2344 917 2374 ab
931 2353 1025 2384 aqua,
1038 2349 1075 2374 ut
1087 2350 1254 2375 convertat
1269 2345 1378 2386 ipsum

301 2391 335 2421 in
359 2398 487 2430 aquam,
511 2398 581 2420 non
605 2394 738 2430 apparet
760 2398 860 2429 quare
884 2388 1036 2420 caliditati
1052 2389 1122 2420 eius
1138 2388 1292 2430 frigiditas
1306 2399 1379 2431 per-

301 2434 430 2466 misceri
444 2443 513 2464 non
529 2434 641 2475 possit.
659 2433 764 2464 Immo
777 2432 903 2464 videtur
914 2434 1131 2465 necessarium
1143 2434 1224 2466 illud
1239 2444 1377 2476 ponere:

302 2488 378 2510 cum
394 2488 463 2509 non
478 2480 581 2519 possit
596 2479 678 2519 ignis
695 2479 728 2509 in
745 2487 865 2518 aquam
877 2480 1082 2510 transmutari
1097 2479 1159 2510 nisi
1174 2480 1263 2520 prius
1275 2489 1379 2521 aquae

303 2524 569 2565 dispositionibus
593 2523 793 2564 disponatur.

357 2568 411 2599 VI.
436 2567 500 2600 Sed
521 2569 661 2599 occurrit
676 2567 812 2599 dubium
829 2567 912 2598 circa
934 2568 1028 2598 istam
1049 2568 1321 2608 propositionem,
1338 2569 1377 2600 In

301 2613 443 2655 quolibet
463 2623 586 2655 genere
608 2618 699 2644 tanto
715 2611 841 2654 aliquid
856 2617 904 2643 est
923 2612 1064 2644 nobilius
1087 2618 1210 2654 quanto
1234 2618 1283 2645 est
1303 2614 1379 2645 sim-

296 2658 428 2700 plicius.
452 2658 528 2689 Non
552 2658 639 2689 enim
663 2657 789 2688 videtur
804 2666 879 2688 vera
899 2666 1007 2698 neque
1023 2658 1056 2688 in
1076 2658 1248 2698 generibus
1270 2668 1379 2700 neque

301 2705 335 2735 in
358 2702 539 2744 speciebus.
564 2703 600 2734 In
623 2703 795 2743 generibus
818 2700 963 2742 quidem,
981 2703 1057 2743 quia
1072 2708 1196 2743 quanto
1212 2712 1316 2743 genus
1332 2709 1380 2735 est

301 2748 459 2789 superius,
475 2753 566 2779 tanto
583 2753 631 2778 est
646 2747 836 2788 simplicius,
850 2752 965 2787 utpote
981 2747 1137 2788 pauciora
1152 2748 1186 2779 in
1202 2757 1260 2779 sua
1276 2748 1380 2780 inclu-

301 2793 381 2824 dens
404 2793 537 2824 ratione.
568 2792 645 2823 Non
667 2798 777 2823 tamen
801 2797 848 2822 est
875 2791 1065 2832 perfectius:
1097 2793 1200 2824 immo
1228 2792 1380 2834 imperfe-

302 2839 394 2874 ctius,
411 2838 488 2879 quia
504 2836 712 2878 potentialius
727 2842 785 2872 est,
802 2843 958 2877 tanquam
974 2847 1032 2878 per
1054 2837 1163 2878 plures
1187 2836 1380 2869 differentias

302 2882 529 2918 contrahibile;
554 2887 590 2913 ut
613 2887 701 2922 patet
728 2881 878 2913 ordinem
901 2882 1154 2923 praedicamenti
1180 2882 1381 2914 substantiae

303 2926 528 2959 consideranti.

360 2972 395 3002 ln
421 2971 591 3013 speciebus
615 2980 760 3011 quoque,
785 2970 944 3011 quoniam
966 2971 1048 3012 lapis
1064 2971 1241 3011 simplicior
1257 2978 1305 3003 est
1319 2972 1380 3003 ho-

302 3017 408 3048 mine:
433 3025 474 3047 eo
499 3015 589 3057 quod
612 3025 670 3056 per
689 3015 793 3046 solam
809 3014 1023 3047 differentiam
1038 3016 1189 3057 corporis
1204 3017 1380 3048 constitua-

303 3067 366 3098 tur,
382 3062 484 3092 homo
506 3070 583 3092 vero
605 3070 643 3092 ex
665 3060 776 3091 multis
797 3060 866 3091 aliis
885 3059 1083 3097 differentiis,
1099 3061 1221 3092 scilicet
1246 3062 1380 3093 viventis

303 3111 336 3137 et
359 3106 521 3138 animalia
546 3105 588 3136 Et
610 3110 718 3136 tamen
742 3105 844 3136 homo
868 3104 968 3146 longe
990 3105 1132 3137 nobilior
1155 3111 1203 3137 est
1225 3106 1342 3147 lapide.
1357 3125 1381 3130 -

304 3151 456 3182 Similiter
486 3150 646 3181 elementa
676 3155 752 3181 sunt
770 3149 980 3190 vsimpliciora
1010 3150 1118 3181 mixtis
1148 3151 1307 3182 animatis.
1339 3151 1380 3182 Et

304 3201 413 3227 tamen
436 3195 576 3226 animata
599 3200 675 3226 sunt
697 3194 866 3226 elementis
889 3194 1047 3236 digniora.

360 3239 581 3272 Confirmatur
596 3249 636 3270 ex
651 3239 757 3270 verbis
773 3238 882 3270 Sancti
898 3239 1049 3271 Thomae
1064 3239 1181 3276 Prima,
1198 3249 1230 3280 q.
1243 3250 1288 3277 m,
1306 3250 1333 3271 a.
1347 3250 1379 3280 7,

305 3284 346 3315 ad
369 3295 398 3315 2.
424 3285 470 3315 lbi
493 3285 581 3316 enim
612 3283 763 3315 concedit
786 3283 879 3324 quod
907 3284 996 3325 apud
1019 3294 1080 3315 nos
1103 3285 1283 3325 composita
1305 3290 1382 3316 sunt

306 3329 442 3359 meliora
465 3329 672 3370 simplicibus.

362 3374 429 3404 Vll.
454 3374 565 3405 Posset
589 3373 630 3405 ad
652 3374 711 3404 ista
734 3373 872 3404 breviter
896 3372 959 3404 dici
975 3372 1067 3414 quod
1082 3373 1219 3405 Sanctus
1235 3373 1380 3405 Thomas

306 3417 450 3458 loquitur
462 3418 502 3449 de
515 3418 718 3459 simplicitate
731 3427 816 3458 quae
832 3418 1012 3459 opponitur
1023 3418 1173 3449 mixtioni
1185 3427 1262 3450 cum
1274 3428 1381 3459 oppo-

307 3462 379 3498 sito,
396 3468 431 3493 ut
446 3468 533 3503 patet
549 3473 587 3493 ex
604 3463 708 3494 verbis
724 3462 857 3494 litterae.
878 3462 979 3501 Quod
995 3463 1083 3494 enim
1099 3463 1207 3494 minus
1223 3472 1284 3494 suo
1301 3472 1380 3494 con-

307 3507 402 3536 trario
419 3508 639 3546 permiscetur,
656 3513 703 3538 est
719 3506 893 3548 perfectius
909 3507 942 3538 in
955 3517 1013 3538 sua
1024 3513 1151 3539 natura:
1169 3508 1251 3539 sicut
1264 3507 1379 3539 albedo

308 3555 397 3580 tanto
422 3551 592 3591 perfectior
616 3558 662 3582 est
686 3558 808 3592 quanto
832 3552 941 3583 minus
971 3552 1129 3593 nigredini
1159 3553 1379 3593 permiscetur,

309 3599 342 3625 et
357 3595 443 3625 calor
458 3600 547 3626 tanto
564 3595 735 3636 perfectior
751 3602 798 3627 est
811 3602 939 3637 ,quanto
962 3598 1071 3628 minus
1087 3597 1183 3628 habet
1202 3596 1380 3628 admixtum

309 3637 350 3669 de
374 3637 552 3679 frigiditate.
577 3641 618 3671 Et
639 3641 684 3671 sic
707 3642 862 3681 accipitur
877 3641 1056 3682 simplicius
1071 3647 1107 3673 ut
1123 3641 1210 3673 idem
1226 3647 1273 3673 est
1289 3641 1381 3682 quod

1436 332 1567 373 purius.
1586 331 1673 362 Cum
1690 341 1766 372 ergo
1779 332 1869 363 Deus
1880 332 2134 373 perfectissimus
2150 335 2190 366 sit
2205 336 2239 366 in
2250 345 2368 376 genere
2385 338 2520 374 entium,

1441 386 1574 407 necesse
1595 381 1643 406 est
1666 381 1702 406 ut
1717 377 1758 406 sit
1771 377 1974 417 purissimus,
1991 377 2148 420 tanquam
2163 380 2243 410 nihil
2258 381 2380 412 habens
2396 381 2436 412 de
2451 391 2521 413 non

1442 425 1517 451 ente
1540 426 1573 451 et
1594 420 1843 461 potentialitate.
1874 421 1916 453 Et
1945 431 2005 464 per
2034 433 2241 464 consequens
2270 425 2394 456 nullam
2424 426 2522 457 habet

1442 465 1727 505 compositionem.

1497 509 1580 539 VIII.
1604 509 1836 547 Veruntamen,
1853 516 1890 541 ut
1905 511 1999 542 altius
2020 512 2264 544 consideremus
2280 512 2428 544 ordinem
2443 515 2521 546 sim-

1438 553 1590 594 plicitatis
1606 559 1639 584 et
1654 555 1902 594 compositionis
1913 565 2033 593 rerum,
2049 557 2219 588 sciendum
2235 563 2283 589 est
2297 558 2415 599 primo,
2429 558 2521 600 quod

1441 598 1561 639 duplex
1591 603 1639 629 est
1668 598 1872 639 simplicitas:
1897 601 2020 632 scilicet
2051 602 2238 644 simplicitas
2269 603 2463 643 corporalis3
2488 609 2521 634 et

1439 642 1628 683 simplicitas
1659 641 1818 680 formalis,
1850 644 1917 675 sive
1948 646 2092 677 actualis.
2123 647 2207 678 Illud
2237 646 2353 678 dicitur
2382 647 2520 688 simplex

1440 687 1578 718 omnino
1602 687 1808 727 simplicitate
1832 697 1992 729 corporea
2014 690 2106 731 quod
2129 697 2177 722 est
2199 701 2319 733 corpus
2339 701 2408 723 non
2428 702 2519 723 com-

1438 733 1584 773 positum
1608 741 1647 762 ex
1671 731 1735 762 alio
1760 741 1908 773 corpore.
1932 733 1975 764 Et
1997 740 2088 766 tanto
2111 736 2235 777 aliquid
2262 742 2310 767 est
2339 737 2519 779 simplicius

1438 782 1562 818 quanto
1585 777 1694 807 minus
1719 785 1758 807 ex
1782 776 1850 807 aliis
1877 778 2070 818 corporibus
2097 786 2145 811 est
2171 781 2410 822 compositum:
2435 782 2519 813 sicut

1438 821 1599 852 elementa
1622 826 1698 852 sunt
1720 821 1919 862 simpliciora
1940 822 2059 854 mixtis.
2075 842 2099 846 —
2113 824 2240 856 Dicitur
2254 831 2366 857 autem
2381 826 2519 868 simplex

1438 867 1576 897 omnino
1600 866 1804 906 simplicitate
1827 865 1956 897 formali
1985 872 2017 898 et
2047 869 2165 900 actuali
2188 865 2280 910 quod
2302 876 2350 902 est
2379 871 2517 902 omnino

1436 910 1543 942 forma
1566 915 1598 941 et
1621 916 1721 941 actus.
1746 910 1789 941 Et
1810 915 1902 942 tanto
1926 911 2050 952 aliquid
2066 918 2114 943 est
2134 913 2313 954 simplicius
2329 912 2519 956 quanto²est

1436 954 1604 986 formalius
1628 960 1661 986 et
1683 955 1841 986 actualius
1857 961 1897 987 ·et
1918 956 2028 987 minus
2051 957 2174 988 habens
2201 957 2243 989 de
2271 959 2516 1000 potentialitate.

1491 999 1670 1031 Sciendum
1692 999 1850 1037 secundo,
1873 1010 1935 1042 pro
1958 1002 2075 1032 maiori
2098 1002 2259 1034 evidentia
2281 1003 2373 1034 istius
2395 1004 2518 1045 simpli-

1436 1044 1539 1076 citatis
1562 1043 1708 1075 formalis
1731 1050 1764 1075 et
1786 1046 2037 1087 compositionis
2053 1046 2100 1077 illi
2115 1047 2298 1088 oppositae,
2314 1048 2417 1088 quod,
2440 1058 2518 1082 cum

1435 1088 1689 1121 fundamentum
1704 1090 1955 1130 compositionis
1978 1091 2019 1122 sit
2041 1096 2133 1122 actus
2156 1097 2189 1123 et
2210 1093 2369 1133 potentia,
2385 1093 2463 1135 quia
2477 1102 2517 1125 ex

1434 1133 1546 1165 multis
1561 1143 1632 1165 non
1647 1132 1684 1164 fit
1699 1143 1805 1165 unum
1820 1135 2010 1176 simpliciter
2024 1136 2087 1166 nisi
2102 1145 2208 1168 unum
2228 1145 2345 1168 eorum
2366 1138 2407 1168 sit
2426 1142 2518 1177 actus

1435 1178 1524 1210 aliud
1538 1188 1617 1210 vero
1640 1179 1806 1219 potentia;
1831 1185 1863 1210 et
1886 1189 1925 1211 ex
1947 1181 2096 1221 potentia
2110 1181 2320 1222 potissimum
2335 1178 2518 1223 dependeat

1435 1224 1644 1264 compositio,
1661 1233 1702 1254 eo
1720 1223 1811 1264 quod
1834 1233 1917 1265 pura
1938 1225 2087 1265 potentia
2100 1235 2160 1268 per
2175 1235 2209 1256 se
2226 1235 2295 1257 esse
2310 1235 2380 1258 non
2395 1227 2516 1268 possit:

1434 1273 1559 1308 quanto
1582 1268 1686 1308 magis
1708 1268 1848 1300 salvatur
1868 1269 2088 1310 potentialitas
2111 1275 2144 1301 et
2167 1270 2331 1302 diversitas
2350 1272 2518 1312 potentiae

1434 1313 1474 1343 ab
1498 1319 1583 1350 actu,
1608 1313 1668 1343 sub
1693 1322 1761 1343 uno
1785 1319 1896 1345 tamen
1920 1323 2000 1351 esse,
2024 1319 2115 1346 tanto
2139 1316 2242 1356 magis
2265 1315 2405 1348 salvatur
2433 1316 2516 1348 ratio

1434 1357 1694 1399 compositionis.
1725 1357 1884 1399 importat
1906 1359 1995 1390 enim
2018 1360 2217 1401 compositio
2245 1360 2402 1402 plurium,
2425 1366 2517 1393 actus

1433 1403 1557 1434 scilicet
1580 1408 1612 1433 et
1634 1403 1811 1443 potentiae,
1834 1402 2036 1444 positionem
2059 1404 2101 1436 ad
2123 1413 2193 1436 esse
2216 1405 2325 1437 unius.
2356 1405 2435 1438 Ideo
2458 1406 2517 1438 ubi

1433 1448 1536 1488 magis
1559 1447 1699 1478 salvatur
1721 1447 1940 1488 potentialitas
1963 1454 1996 1480 et
2018 1448 2182 1480 distinctio
2203 1459 2280 1481 cum
2295 1451 2420 1482 unitate
2435 1459 2516 1488 esse,

1433 1492 1479 1523 ibi
1501 1492 1604 1533 magis
1627 1492 1767 1523 salvatur
1790 1493 1998 1534 compositio.
2015 1511 2038 1516 —
2061 1493 2209 1525 Salvatur
2231 1499 2342 1526 autem
2364 1496 2399 1527 in
2422 1504 2515 1527 com-

1432 1537 1543 1578 posito
1566 1541 1657 1567 tanto
1680 1537 1784 1577 magis
1803 1536 1968 1568 distinctio
1983 1539 2152 1579 potentiae
2174 1543 2207 1570 et
2228 1545 2320 1570 actus
2343 1545 2376 1571 et
2397 1545 2515 1581 poten-

1432 1582 1558 1619 nautas,
1583 1586 1707 1622 quanto
1729 1583 1879 1622 potentia
1901 1582 2010 1614 minus
2033 1588 2182 1614 actuatur
2196 1593 2215 1614 a
2230 1583 2336 1615 forma
2357 1590 2390 1616 et
2410 1583 2516 1617 forma

1432 1627 1542 1658 minus
1565 1625 1831 1668 praedominatur
1853 1627 2023 1658 materiae:
2048 1628 2126 1669 quia
2148 1633 2228 1659 tunc
2250 1638 2291 1660 ex
2313 1628 2376 1660 illis
2404 1630 2515 1662 minus

1432 1670 1470 1702 fit
1493 1681 1608 1708 unum,
1633 1670 1713 1702 dum
1736 1680 1842 1702 unum
1864 1672 1973 1703 minus
1996 1671 2038 1703 ad
2059 1672 2196 1713 gradum
2219 1672 2349 1705 alterius
2367 1674 2513 1707 trahitur.

1433 1715 1588 1757 Sequitur
1602 1725 1680 1756 ergo
1697 1715 1799 1756 quod,
1815 1716 1872 1747 ubi
1887 1715 1992 1747 forma
2015 1717 2124 1748 minus
2147 1716 2335 1749 dominatur
2349 1719 2513 1757 materiae,

1431 1760 1514 1792 illud
1528 1761 1631 1802 magis
1646 1760 1824 1801 potentiale
1841 1766 1889 1792 est
1903 1761 2073 1802 magisque
2097 1762 2330 1803 compositum.
2346 1781 2369 1786 —
2384 1763 2433 1795 Ex
2448 1763 2514 1796 hoc

1432 1806 1566 1837 ulterius
1586 1806 1734 1846 sequitur
1749 1805 1851 1846 quod,
1867 1805 1925 1836 ubi
1940 1805 2047 1837 forma
2062 1806 2159 1838 fuerit
2173 1807 2349 1847 perfectior
2363 1813 2397 1839 et
2410 1808 2514 1850 magis

1431 1851 1584 1882 materiae
1606 1849 1868 1891 praedominans,
1891 1855 1983 1881 tanto
2007 1860 2046 1882 ex
2069 1851 2123 1882 illa
2146 1850 2252 1883 forma
2274 1858 2307 1884 et
2328 1853 2463 1884 materia
2476 1852 2515 1885 fit

1432 1894 1555 1936 aliquid
1577 1895 1687 1926 minus
1711 1895 1944 1936 compositum,
1961 1900 1994 1926 et
2008 1896 2111 1936 magis
2127 1904 2232 1927 unum
2252 1897 2513 1938 magisquevsim-

1431 1939 1523 1980 plex:
1548 1940 1626 1980 quia
1644 1937 1760 1976 forma,
1780 1945 1905 1980 quanto
1924 1939 2028 1980 magis
2042 1939 2318 1980 praedominatur,
2334 1946 2425 1974 tanto
2440 1951 2514 1984 per:-

1432 1984 1548 2015 sectius
1578 1989 1687 2015 actuat
1716 1984 1884 2015 materiam
1915 1989 1948 2015 et
1979 1984 2088 2015 minus
2118 1984 2273 2026 relinquit
2294 1986 2329 2016 in
2355 1987 2512 2027 potentia.

1432 2028 1534 2068 Quod
1549 2037 1626 2060 sane
1642 2034 1731 2069 patet
1746 2029 1773 2060 si
1787 2038 1847 2070 per
1861 2027 1980 2070 gradus
1991 2027 2171 2061 formarum
2185 2030 2355 2061 materiam
2367 2030 2514 2064 eiusdem

1431 2073 1564 2105 rationis
1587 2073 1835 2104 informantium
1858 2073 2086 2105 discurramus.
2110 2074 2250 2106 Formae
2265 2075 2354 2106 enim
2370 2075 2515 2109 elemen-

1431 2124 1552 2155 torum,
1569 2119 1647 2159 quia
1661 2118 1802 2150 totaliter
1816 2123 1893 2150 sunt
1907 2119 2078 2150 immersae
2093 2120 2257 2157 materiae,
2272 2129 2389 2161 parum
2408 2121 2514 2163 ipsam

1432 2169 1574 2200 actuant,
1598 2163 1679 2195 dum
1702 2173 1776 2195 eam
1799 2163 1989 2204 relinquunt
2010 2164 2045 2195 in
2068 2165 2216 2204 potentia
2231 2163 2272 2197 ad
2287 2170 2399 2202 actum
2418 2166 2513 2205 mixti

1433 2214 1465 2239 et
1480 2209 1545 2239 vivi
1561 2214 1593 2239 et
1608 2208 1754 2240 animalis
1770 2213 1802 2239 et
1816 2208 1999 2245 rationalis;
2023 2208 2129 2240 forma
2144 2218 2222 2240 vero
2237 2209 2330 2240 mixti
2344 2207 2513 2248 mater-lam

1432 2253 1534 2294 magis
1565 2258 1683 2290 actuat,
1708 2263 1749 2284 eo
1773 2251 1865 2294 quod
1888 2252 1942 2284 dat
1965 2253 2025 2284 sibi
2053 2263 2122 2285 esse
2152 2263 2350 2295 corporeum
2381 2260 2414 2286 et
2443 2251 2513 2287 e'sse

1432 2298 1534 2334 mixti,
1558 2298 1734 2339 minusque
1758 2298 1791 2328 in
1814 2298 1962 2338 potentia
1983 2297 2148 2339 relinquit,
2172 2299 2250 2340 quia
2272 2308 2342 2330 non
2371 2298 2412 2331 ad
2443 2309 2512 2332 esse

1433 2343 1524 2374 mixti
1554 2343 1638 2374 sicut
1667 2341 1881 2383 praecedens:
1911 2342 2018 2374 forma
2047 2348 2157 2375 autem
2186 2344 2251 2375 vivi
2281 2343 2388 2375 adhuc
2410 2346 2513 2387 magis

1433 2393 1551 2424 actuat,
1575 2388 1652 2429 quia
1676 2387 1730 2419 dat
1752 2387 1813 2418 sibi
1836 2396 1906 2418 esse
1927 2387 2099 2428 proprium
2115 2394 2147 2420 et
2161 2388 2427 2429 praecedentium
2446 2387 2513 2421 for-

1433 2442 1571 2469 marum,
1596 2438 1628 2463 et
1651 2433 1760 2463 minus
1783 2431 1938 2473 relinquit
1960 2432 1994 2463 in
2017 2434 2182 2473 potentia;
2206 2439 2239 2465 et
2261 2434 2307 2465 sic
2330 2434 2513 2468 successive

1433 2483 1557 2519 quanto
1581 2476 1686 2508 forma
1710 2476 1806 2508 fuerit
1832 2475 2017 2517 perfectior,
2041 2482 2131 2509 tanto
2162 2478 2315 2519 relinquit
2345 2479 2514 2512 materiam

1432 2524 1542 2555 minus
1557 2523 1591 2554 in
1606 2522 1764 2563 potentia,
1779 2527 1810 2553 et
1821 2531 1880 2563 per
1892 2531 2097 2562 consequens
2109 2523 2332 2564 compositum
2348 2530 2396 2555 est
2410 2524 2513 2566 magis

1432 2577 1548 2604 unum,
1573 2572 1606 2598 et
1628 2567 1737 2598 minus
1760 2567 1881 2598 habens
1905 2566 1945 2598 de
1969 2567 2204 2608 potenn'alitate
2226 2569 2261 2599 in
2284 2578 2343 2599 sua
2366 2569 2512 2601 essentia.

1433 2613 1570 2654 Propter
1592 2611 1685 2653 quod
1707 2612 1814 2652 inquit
1837 2611 1974 2643 Sanctus
1998 2612 2144 2644 Thomas
2166 2613 2201 2644 in
2224 2612 2378 2645 Secundo
2404 2614 2512 2651 huius,

1433 2667 1504 2699 cap.
1522 2667 1627 2693 imvm,
1651 2655 1743 2697 quod
1774 2666 1839 2687 non
1872 2656 1980 2688 minus
2003 2667 2115 2694 unum,
2138 2657 2196 2689 sed
2208 2658 2308 2700 sorte
2330 2658 2447 2701 magis,
2471 2667 2514 2692 ex

1432 2702 1614 2734 substantia
1626 2701 1840 2733 intellectuali
1851 2707 1883 2733 et
1894 2702 2032 2733 materia
2049 2703 2219 2744 corporali
2230 2713 2327 2745 quam
2340 2713 2383 2735 ex
2392 2704 2513 2746 forna

1434 2747 1523 2790 ignis
1553 2751 1585 2778 et
1615 2747 1685 2777 eius
1716 2747 1873 2778 materia:
1895 2746 1973 2788 quia
1996 2753 2120 2788 quanto
2138 2748 2260 2790 jonna
2283 2748 2391 2791 magis
2414 2749 2516 2785 vineit

1434 2792 1616 2827 materiam,
1642 2797 1733 2822 tanto
1753 2802 1796 2822 ex
1819 2801 1858 2822 ea
1882 2796 1914 2822 et
1936 2793 2075 2824 materia
2098 2793 2207 2835 magis
2233 2792 2377 2835 efficitur
2399 2803 2512 2828 unum.

1491 2836 1555 2869 Sed
1578 2842 1687 2868 tamen
1711 2836 1945 2868 advertendum
1969 2837 2070 2877 quod,
2086 2837 2164 2870 licet
2178 2844 2303 2880 quanto
2327 2837 2451 2879 aliquid
2465 2844 2514 2870 est

1434 2880 1609 2923 perfectius
1632 2887 1664 2913 et
1686 2881 1840 2918 nobilius,
1857 2887 1947 2913 tanto
1963 2883 2072 2914 minus
2086 2883 2203 2915 habeat
2218 2883 2260 2915 de
2279 2883 2514 2924 potentialiute

1434 2932 1467 2958 et
1490 2926 1671 2958 diversitate
1695 2926 1782 2964 reali,
1806 2927 1909 2968 magis
1932 2933 2040 2959 tamen
2064 2928 2161 2959 habet
2184 2927 2225 2961 de
2247 2927 2429 2969 pluralitate
2450 2929 2514 2961 vir·

1433 2971 1523 3008 tuali,
1547 2970 1627 3002 dum
1658 2971 1767 3011 plures
1798 2971 2015 3012 perfecfiones
2045 2973 2191 3004 continet
2221 2973 2312 3007 unite
2334 2978 2367 3005 et
2389 2973 2513 3015 simpli-

1434 3017 1513 3048 citer
1536 3025 1621 3057 quae
1644 3015 1678 3046 in
1701 3015 1771 3048 aliis
1794 3022 1870 3048 sunt
1893 3016 2071 3048 distinctae.

1490 3061 1675 3102 Propositio
1700 3070 1777 3102 ergo
1799 3061 1909 3093 Sancti
1924 3061 2084 3098 Thomae,
2101 3060 2193 3102 quod
2214 3067 2306 3094 tanto
2322 3061 2449 3104 aliquid
2465 3067 2515 3094 est

1435 3106 1576 3137 nobilius
1599 3110 1722 3146 quanto
1746 3111 1795 3137 est
1811 3106 2000 3148 simplicius,
2021 3112 2070 3138 est
2083 3106 2292 3147 intelligenda
2306 3106 2347 3139 de
2361 3107 2423 3139 ieta
2435 3107 2512 3145 aim-

1434 3151 1577 3192 plicitate
1600 3150 1740 3187 formali,
1763 3160 1833 3182 non
1856 3158 1966 3183 autem
1990 3151 2031 3183 de
2058 3151 2228 3192 corporali.
2259 3151 2394 3190 Quanto
2420 3151 2512 3184 enlm

1434 3194 1557 3236 aliquid
1581 3200 1629 3226 est
1656 3195 1813 3227 actualius
1843 3202 1876 3227 et
1905 3197 2014 3228 minus
2043 3196 2166 3228 habens
2195 3194 2237 3228 de
2266 3195 2512 3237 potentialitate,

1434 3246 1525 3272 tanto
1549 3245 1597 3271 est
1619 3239 1772 3271 nobilius.
1798 3240 1839 3272 Et
1862 3241 1908 3272 sic
1931 3240 2023 3282 quod
2046 3246 2095 3272 est
2115 3241 2151 3272 in
2172 3249 2304 3272 summo
2326 3239 2429 3281 gradu
2449 3250 2512 3274 no-

1434 3285 1575 3322 bilitatis,
1589 3290 1636 3315 est
1648 3285 1745 3316 etiam
1761 3285 1795 3316 in
1811 3295 1942 3318 summo
1957 3285 2059 3326 gradu
2074 3284 2298 3327 simplicitatis,
2311 3293 2512 3327 omnemque

1435 3340 1453 3360 a
1477 3339 1511 3361 se
1535 3329 1751 3360 diversitatem
1774 3330 1940 3371 potentiae
1964 3335 1996 3361 et
2019 3334 2108 3361 actus
2132 3328 2282 3360 excludit.

1492 3374 1545 3405 tx.
1566 3373 1619 3405 Ad
1635 3373 1773 3407 dubium
1785 3375 1802 3392 ⁹
1817 3383 1895 3415 ergo
1911 3373 2029 3406 dicitur
2043 3374 2160 3414 primm
2178 3373 2269 3414 quod
2284 3374 2337 3405 hic
2352 3383 2421 3406 non
2437 3373 2513 3406 facit

1435 3419 1715 3460 comparationem
1738 3418 1874 3450 Sanctus
1897 3418 2044 3450 Thomas
2058 3418 2142 3450 inter
2156 3419 2304 3459 superius
2320 3424 2353 3450 et
2366 3418 2511 3456 inferius,

1435 3463 1491 3495 sed
1514 3465 1597 3495 inter
1620 3473 1658 3495 ea
1682 3472 1766 3504 quae
1789 3472 1848 3504 per
1870 3472 1906 3494 se
1927 3467 2003 3494 actu
2025 3463 2211 3494 subsistunt.

1492 3508 1618 3540 Dicitur
1640 3507 1797 3544 secundo,
1814 3506 1906 3548 quod
1921 3508 2018 3539 etiam
2034 3517 2147 3548 genus,
2163 3512 2323 3548 quantum
2345 3507 2386 3539 ad
2408 3508 2512 3549 ipsam

1436 3559 1583 3584 naturam
1606 3553 1742 3593 generis,
1759 3551 1936 3583 formaliter
1958 3557 2130 3593 sumptum
2143 3561 2201 3593 per
2219 3551 2357 3583 modum
2379 3558 2513 3584 naturae

1437 3603 1468 3628 et
1496 3597 1620 3629 formae
1644 3597 1819 3629 abstractae
1846 3606 1865 3627 a
1887 3597 2068 3637 speciebus,
2096 3602 2144 3628 est
2173 3596 2315 3628 nobilius
2346 3602 2379 3628 et
2407 3597 2512 3638 perfe-

1438 3642 1519 3673 ctius
1543 3643 1608 3674 suis
1640 3641 1819 3683 speciebus,
1846 3647 1962 3682 utpote
1992 3642 2026 3672 in
2056 3650 2091 3673 se
2113 3650 2247 3673 omnem
2277 3640 2512 3682 perfectionem

2540 3376 2549 3386 ·
2564 3374 2636 3398 Nun.
2646 3381 2680 3399 vu.
