2664 4120
243 252 302 278 LVI

241 320 340 351 Num.
365 329 418 355 vn,
446 327 463 348 2
482 326 547 358 per
569 325 676 356 quam.
693 333 716 337 —
734 315 764 344 A
787 323 854 344 om.
873 323 947 354 per,
972 318 1005 344 et
1027 322 1088 353 pro
1108 322 1206 354 quam
1222 312 1321 343 habet

508 360 626 391 falsum
649 359 767 399 sigium
791 359 862 400 que.

289 423 301 435 »
362 417 417 438 v111
441 406 496 436 fin.
521 406 587 435 sint
609 409 717 434 motus
739 422 762 426 -
785 406 826 435 sit
849 407 960 434 motus
989 402 1047 433 PS.

289 467 302 479 »
362 462 392 487 x,
419 459 436 480 2
456 449 543 481 med.
569 449 767 480 necessitans
784 466 805 471 —
827 449 858 480 A
882 458 959 479 casu
984 448 1171 478 necessitas.
1190 447 1239 478 PS
1262 456 1319 478 ne-

509 495 675 525 cessariae.
690 512 713 516 —
730 494 811 524 ltem
834 503 867 524 n.
892 503 935 523 xn
956 492 1055 529 med„
1079 493 1109 523 A
1133 492 1318 528 necessitas,

508 539 556 570 PS
581 539 778 572 necessaria.

288 600 301 612 ι
361 594 403 622 xx,
430 594 448 615 2
473 584 543 615 init.
563 583 770 624 praecedunt
790 601 813 606 -—
836 582 1021 623 procedunt
1043 582 1079 613 P.

432 644 445 656 »
473 636 559 659 νει-5.·
578 628 634 659 fin.
660 628 711 659 Ad
733 628 909 659 secundam
933 644 954 650 -
977 626 1030 657 Ad
1053 627 1181 658 tertiam
1205 626 1262 658 PS.

433 688 446 701 »
474 673 566 704 infra.
593 674 759 714 probatur
780 672 869 714 quod
893 681 959 703 non
983 671 1189 712 praecedunt
1211 689 1232 693 -
1256 672 1319 702 Pro

502 718 717 759 praecedunt,
742 723 924 758 sequuntur
947 716 1037 747 APS.
1343 712 1347 745 Ι

286 778 300 790 »
361 773 405 794 xn
427 762 483 794 fin.
509 763 664 803 quoniam
687 780 709 785 -
733 762 822 803 quod
844 762 903 793 PS.

286 822 299 835 ι·
360 818 422 844 xrv,
447 808 468 838 l.
494 818 524 847 7.
551 807 734 838 ostenditur
756 824 777 830 -
801 806 942 838 ostendit
965 805 1023 836 PS.

365 867 378 879 ›
439 851 532 883 infra.
556 852 707 883 Potentia
732 852 787 882 ubi
808 860 911 892 supra
925 869 949 874 -
966 849 1016 881 PS
1039 850 1072 880 in
1089 849 1130 881 de
1146 849 1217 880 Pot.
1235 858 1267 891 q.
1286 848 1317 887 3,

509 907 536 927 a.
555 906 585 936 9.

285 956 298 969 »
359 951 422 978 ππ,
444 949 471 978 ¹,
488 942 508 972 l.
536 942 566 972 5.
590 941 638 971 sic
660 941 746 971 enim
770 959 792 963 -
815 941 899 971 sicut
923 939 1011 970 enim
1035 939 1094 970 PS.

363 1001 376 1013 »
443 996 461 1016 2
484 991 569 1026 post.
594 984 679 1015 med.
698 990 729 1015 et
748 985 806 1015 illa
832 989 1003 1015 remanent
1017 1001 1038 1007 -
1054 984 1085 1014 A
1109 992 1186 1015 casu
1210 990 1242 1016 et
1257 985 1317 1015 illa

507 1035 685 1061 remaneat.

413 1075 504 1105 Vers.
529 1075 585 1106 fin.
610 1073 822 1114 consequitur
843 1092 865 1096 —
889 1073 1035 1113 sequitur
1058 1072 1116 1104 PS.

696 1144 779 1184 Cap.
804 1155 854 1174 xc.

360 1218 371 1238 1
394 1208 463 1239 init.
487 1207 550 1258 hoc
572 1205 630 1236 sub
658 1205 756 1236 dubio
779 1222 802 1228 —-
825 1206 890 1236 hoc
914 1206 991 1237 loco
1015 1205 1076 1237 sub
1100 1205 1202 1238 dubio
1226 1207 1316 1240 APS.

283 1311 296 1324 »
357 1305 401 1333 m,
427 1305 458 1326 2.
482 1251 708 1326 Εἵιὲἦὶῗιΐ.-
731 1294 796 1326 Sed
819 1295 927 1326 anima
950 1294 1009 1326 PS.

282 1355 296 1368 »
361 1354 375 1367 »
429 1340 447 1371 3
472 1339 530 1371 fin.
555 1339 692 1381 aliquod
714 1348 836 1381 corpus
857 1357 881 1364 -
903 1340 1028 1381 aliquid
1052 1348 1173 1381 corpus
1196 1342 1236 1374 A.

282 1400 295 1413 »
354 1395 376 1416 v
398 1385 467 1416 init.
493 1385 526 1416 in
551 1384 749 1416 animalibus
772 1401 793 1408 -
816 1385 846 1415 A
870 1394 947 1416 casu
970 1385 1152 1418 animabus.

283 1444 296 1458 ι
356 1440 390 1461 v1
413 1435 487 1461 ante
510 1429 598 1461 med.
622 1439 665 1461 ex
687 1429 794 1470 seipsa
818 1447 841 1452 -
864 1439 904 1461 ex
927 1431 1036 1471 seipso
1059 1430 1119 1462 PS.

235 1209 335 1240 Num.

685 1499 767 1541 Cap.
791 1510 854 1531 xcx.

357 1572 378 1600 1,
403 1562 425 1593 l.
447 1570 496 1594 12.
516 1562 614 1603 prius
638 1567 687 1593 est
708 1562 797 1603 quod
814 1572 879 1604 per
900 1573 936 1594 se
950 1580 971 1587 -
987 1564 1078 1604 prius
1101 1569 1150 1596 est
1166 1574 1207 1595 eo
1224 1563 1316 1605 quod

503 1616 561 1648 per
584 1617 618 1637 se
642 1606 701 1638 PS.

283 1667 296 1680 »
357 1663 398 1689 xv,
428 1660 455 1688 1,
475 1651 496 1682 l.
524 1652 682 1683 5..eadem
708 1651 838 1683 ratione
859 1669 884 1675 -
905 1661 943 1683 ac
967 1653 1081 1684 eadem
1105 1655 1231 1686 ratione
1254 1654 1315 1686 PS.

362 1711 374 1723 »
427 1706 444 1727 2
475 1696 572 1727 Verit.
598 1715 619 1719 -
643 1696 691 1727 PS
716 1702 747 1727 et
771 1695 812 1727 de
835 1696 935 1728 Verit.

283 1756 296 1770 »
357 1752 399 1778 vi,
426 1751 444 1771 2
470 1747 544 1772 ante
567 1741 653 1772 med.
682 1751 747 1772 non
771 1742 984 1784 consequitur
1014 1743 1177 1774 rationem
1199 1762 1222 1766 -
1244 1751 1313 1775 non

503 1787 717 1826 consequitur
739 1787 865 1818 ratione
889 1786 979 1818 APS.

430 1844 442 1857 »
471 1831 533 1862 col.
562 1840 591 1867 2,
615 1831 636 1861 l.
663 1839 693 1863 2.
717 1835 919 1871 sumptam..
934 1854 942 1862 .
961 1831 1134 1863 limitatam
1157 1850 1180 1855 -
1202 1842 1315 1873 sump-

504 1879 571 1906 tam
588 1898 595 1906 .
608 1898 615 1905 .
629 1898 636 1906 .
649 1875 824 1906 limitatum
847 1876 936 1908 APS.

362 1933 375 1945 »
430 1934 443 1946 »
471 1925 546 1959 post
569 1929 682 1960 pauca.
699 1919 876 1951 secundum
887 1921 1063 1962 propriam
1079 1922 1243 1952 rationem
1260 1931 1314 1953 ac-

503 1969 628 2004 ceptam
651 1983 673 1987 —
696 1965 759 1995 Pro
784 1971 962 2006 acceptam,
987 1972 1120 2007 accepta
1147 1965 1244 2003 APS;
1269 1965 1312 1998 cf.
1367 1961 1468 1992 Num·

503 2007 586 2039 infra
610 2009 861 2040 consideratam.

359 2066 373 2079 ›
428 2066 440 2079 »
471 2052 528 2084 fin.
553 2052 672 2094 absque
695 2063 734 2084 eo
763 2054 852 2094 quod
879 2064 945 2086 non
974 2060 1022 2085 est
1044 2073 1067 2078 -
1088 2064 1154 2086 non
1179 2065 1247 2087 om.
1271 2056 1312 2087 A.

283 2111 296 2123 »
355 2107 421 2128 vm.
446 2097 898 2140 habuerint...incoeperint
925 2118 949 2123 -
979 2099 1314 2132 habuerit...incoe-

502 2143 586 2183 perit
609 2142 667 2174 PS.

282 2199 294 2213 »
355 2195 388 2216 1x
410 2185 496 2217 med.
522 2195 662 2229 zuccaro
686 2206 710 2210 -
733 2187 782 2220 PS
806 2198 947 2220 saccaro.

234 1564 333 1596 Num.

685 2255 767 2296 Cap.
792 2266 865 2287 xcu.

234 2317 334 2348 Num.
358 2326 380 2347 1.
404 2322 464 2347 aut
485 2317 542 2358 qui
565 2316 762 2358 deprehendi
779 2323 959 2359 possunt-
975 2327 1036 2359 pro
1061 2324 1129 2356 aut,
1155 2324 1187 2350 et
1209 2319 1268 2352 PS.

283 2375 296 2388 »
357 2370 399 2398 tv,
426 2370 455 2392 2.
481 2360 522 2391 II
543 2361 637 2392 Caeli
659 2379 681 2384 —
705 2361 728 2392 Ι
749 2362 844 2393 Caeli
866 2363 906 2394 A.

282 2420 294 2432 »
361 2419 374 2431 »
424 2404 511 2437 med.
538 2411 573 2436 ut
596 2407 636 2437 ab
661 2406 731 2448 ipsa
759 2407 941 2448 dependeat
961 2425 984 2430 —
1008 2407 1049 2439 ab
1073 2417 1141 2439 om.
1166 2409 1256 2440 APS.

283 2464 297 2477 ι
357 2460 412 2487 vn,
433 2458 460 2487 1,
485 2460 518 2491 p.
546 2451 620 2481 561.
645 2451 788 2482 secundo
813 2469 834 2475 -
855 2452 1038 2483 secundum
1062 2453 1122 2484 PS.

283 2508 296 2521 »
362 2508 374 2521 »
426 2494 456 2526 3.
474 2504 540 2536 per
548 2496 830 2536 particulariores
846 2497 1035 2539 intelligere
1049 2507 1146 2539 -per
1161 2507 1228 2529 om.
1253 2498 1312 2530 PS.

672 2565 755 2606 Cap.
779 2577 865 2598 xcm.

233 2629 332 2660 Num.
358 2637 402 2664 111,
423 2635 450 2658 1.
476 2628 622 2667 infinitas
645 2637 714 2660 esse
737 2629 771 2660 in
795 2635 870 2661 actu
894 2647 915 2652 —
939 2639 1010 2662 esse
1032 2639 1099 2662 om.
1125 2631 1165 2664 A.

358 2687 371 2699 »
424 2681 442 2703 2
466 2672 552 2703 med.
578 2683 651 2704 cum
675 2674 862 2706 Aristotelis
886 2681 992 2707 mente
1015 2676 1120 2707 teneri
1137 2693 1159 2699 -
1177 2676 1241 2708 Pro
1266 2682 1310 2709 te-

502 2718 586 2754 neri,
611 2723 722 2749 tenere
746 2719 804 2751 PS.

280 2776 293 2788 »
354 2771 396 2798 rv,
423 2772 453 2798 2,
478 2762 498 2792 l.
524 2762 554 2794 8.
579 2762 622 2792 Et
645 2763 730 2795 sicut
752 2781 775 2787 -
797 2764 842 2796 Et
865 2774 932 2796 om.
957 2764 1016 2796 PS.

280 2820 293 2833 »
355 2816 397 2842 νι,
423 2807 440 2837 3
466 2813 541 2847 post
557 2807 642 2840 med.
664 2813 695 2838 et
715 2808 781 2839 VII
793 2813 824 2839 et
838 2808 913 2840 XII
920 2810 1102 2841 -Primum
1119 2815 1151 2841 et
1165 2820 1232 2842 om.
1250 2811 1309 2843 PS.

280 2865 293 2877 ι
353 2859 408 2888 vn,
434 2851 496 2882 col.
530 2861 559 2882 2.
585 2852 618 2882 in
643 2851 746 2883 Ench.
779 2862 849 2894 cap.
883 2863 917 2894 17
947 2852 1047 2896 (forse
1079 2855 1310 2896 corrigendum

501 2896 535 2926 in
558 2895 621 2937 27).
646 2914 669 2919 -
693 2895 769 2929 Otn.
793 2897 832 2934 P;
858 2907 918 2939 pro
947 2907 996 2939 17,
1021 2898 1044 2931 S
1069 2900 1120 2931 28.

676 2966 758 3008 Cap.
783 2978 866 3000 xcxv.

231 3028 330 3060 Num.
355 3038 375 3059 1.
400 3028 578 3060 secundum
603 3029 765 3060 rationem
789 3039 870 3062 suae
899 3032 1018 3072 speciei
1041 3049 1062 3055 —
1085 3033 1211 3064 ratione
1233 3043 1312 3065 suae

281 3131 293 3143 »
356 3127 388 3154 u,
418 3126 429 3148 ι
458 3117 514 3148 fin.
540 3127 654 3149 eorum
679 3129 819 3160 quorum
843 3137 866 3143 -
890 3130 927 3151 ea
952 3130 1095 3161 quorum
1120 3122 1209 3154 APS.

281 3176 293 3187 »
354 3172 384 3198 v,
413 3169 425 3192 1
454 3161 509 3194 fin.
527 3172 596 3194 esse
611 3164 750 3195 alterius
761 3164 878 3205 speciei
894 3183 916 3189 -
929 3166 968 3196 sit
980 3166 1111 3197 alterius
1127 3167 1249 3208 speciei
1271 3167 1311 3199 A.

280 3220 293 3231 ι
358 3220 371 3232 »
412 3206 429 3237 3
456 3217 537 3238 vers.
562 3207 618 3239 fin.
644 3208 729 3284 {dem
754 3209 912 3240 obiectum
937 3229 959 3233 -
983 3211 1075 3251 quod
1104 3211 1193 3243 idem
1221 3212 1313 3243 obie-

504 3258 594 3283 ctum
618 3253 643 3283 P
669 3277 676 3284 .

683 3322 764 3364 Cap.
790 3334 860 3355 xcv.

236 3381 334 3412 Num.
359 3392 391 3413 11.
417 3388 495 3414 text.
520 3394 555 3415 ιο
579 3402 602 3407 -
626 3384 702 3416 Om.
729 3385 763 3416 P.

284 3440 296 3451 »
357 3435 386 3463 v,
402 3436 419 3457 2
437 3426 493 3459 fin.
507 3427 634 3470 aliquid
647 3452 654 3460 .
667 3452 675 3460 .
687 3455 694 3463 .
708 3430 835 3471 aliquid
841 3431 1009 3472 —aliquod
1021 3455 1028 3463 .
1042 3455 1049 3463 .
1062 3456 1070 3463 .
1084 3433 1213 3475 aliquid
1222 3432 1313 3465 APS.

676 3499 757 3541 Cap.
782 3510 864 3531 και.

235 3556 335 3588 Num.
356 3567 399 3594 m,
426 3568 442 3589 2
469 3567 548 3590 vers.
574 3559 628 3591 fin.
654 3561 744 3593 Deus
768 3563 824 3603 qui
847 3568 895 3594 est
916 3581 939 3586 -
964 3565 1026 3595 Pro
1051 3565 1116 3606 qui,
1142 3565 1171 3596 A
1195 3564 1313 3597 falsum

506 3605 697 3645 compend.;
722 3606 771 3637 PS
795 3607 895 3648 quod.

1373 311 1473 342 Num.

1489 321 1535 349 m,
1562 321 1591 348 2,
1618 312 1635 343 3
1661 312 1682 343 l.
1699 322 1719 342 a
1734 311 1790 343 fin.
1807 321 1899 343 num.
1921 313 2127 344 necessarius
2142 331 2165 336 —
2180 315 2398 346 necessarium
2413 316 2456 347 A.

1501 370 1515 382 »
1566 356 1597 392 3,
1621 356 1643 387 l.
1665 364 1714 388 12.
1739 356 1780 387 de
1803 366 1872 388 esse
1894 366 1973 388 vero
2005 358 2207 399 intelligibili
2229 376 2252 380 -
2273 359 2337 390 Pro
2365 369 2454 397 vero,

1641 400 1673 431 A
1695 410 1786 438 casu,
1804 407 1837 432 et
1859 401 1908 433 PS
1931 410 2026 439 non;·
2041 408 2073 434 et
2089 403 2198 434 statim
2221 403 2270 435 PS
2294 413 2361 435 om.
2384 405 2456 435 sine

1644 449 1719 476 ante
1743 446 1895 478 materia.

1501 502 1514 514 ›
1569 503 1582 515 »
1609 488 1697 520 med.
1720 489 1762 521 de
1784 499 1854 522 esse
1877 491 2012 522 omnino
2033 492 2201 523 materiali
2222 510 2246 515 —
2268 492 2332 523 Pro
2355 499 2457 525 mate-

1645 534 1735 569 riali,
1759 534 1964 567 immateriali
1987 536 2023 567 P.

1570 592 1582 604 ι
1611 587 1694 609 vers.
1717 577 1774 609 fin.
1797 589 1830 620 q.
1851 580 1913 617 45,
1937 589 1971 612 a.
1994 581 2019 612 5
2040 597 2065 604 -
2087 581 2151 613 Pro
2175 591 2207 612 a.
2232 582 2265 618 5,
2290 592 2319 613 a.
2335 594 2358 624 4
2381 583 2422 614 A.

1500 635 1515 650 ι
1564 633 1587 663 4
1610 621 1669 654 fin.
1687 622 1872 663 perducere
1895 641 1919 647 -
1939 624 2125 666 producere
2154 626 2202 663 A;
2231 626 2273 658 cf.
2297 637 2331 658 n.
2355 637 2398 664 ιν,
2423 627 2455 659 3.

1421 681 1435 694 »
1496 677 1540 704 xv,
1568 675 1579 698 ι
1608 667 1679 698 init.
1697 667 1815 708 possit.
1838 684 1864 691 -
1884 668 1917 699 A
1938 668 2059 702 falsum
2081 670 2212 711 sigium,
2237 671 2286 703 PS
2302 677 2455 713 possunt.

1500 725 1514 739 ›
1566 722 1584 743 2
1608 712 1680 744 init.
1700 720 1771 743 esse
1786 712 2000 754 imaginabile
2014 724 2119 746 esse—-
2132 715 2197 747 Pro
2213 717 2360 749 secundo
2376 727 2454 753 esse,

1644 757 1675 787 A
1698 755 1817 788 falsum
1840 757 1970 797 siglum,
1994 758 2043 790 PS
2066 760 2176 791 etiam.

1500 815 1513 827 »
1563 800 1650 832 med.
1676 805 1736 832 aut
1759 801 1792 832 in
1817 801 2060 843 imaginatione
2080 819 2106 827 -
2127 804 2161 836 in
2186 814 2254 837 om.
2278 806 2337 839 PS.

1421 859 1436 873 ›
1497 855 1528 882 v,
1557 855 1585 883 1,
1608 845 1630 877 1.
1657 845 1688 876 3.
1713 853 1767 876 res
1788 845 1951 878 sensibilis
1973 864 1998 870 -
2018 855 2070 878 res
2093 849 2260 882 sensibiles
2282 851 2320 882 P.

1422 903 1435 917 »
1496 900 1552 928 vn,
1571 900 1589 922 2
1613 889 1700 922 med.
1725 889 1800 922 ideo
1823 890 1911 922 enim
1934 892 1998 923 ista
2021 896 2071 923 est
2091 910 2115 916 —
2138 893 2200 925 ista
2230 904 2298 926 om.
2328 895 2364 926 P.

1567 949 1581 962 ι
1609 944 1691 966 vers.
1704 933 1762 966 fin.
1777 936 1966 977 operationi
1974 937 2138 977 propriae
2149 958 2159 969 .
2170 961 2178 969 .
2191 960 2199 968 .
2214 939 2330 971 obiecti
2340 957 2364 962 -
2375 949 2455 981 ope-

1644 979 1763 1011 rationi
1786 981 1938 1021 proprius
1951 1004 1978 1012 ..
1989 1004 1997 1012 .
2014 982 2151 1013 subiecti
2173 982 2232 1014 PS.

1421 1038 1435 1051 ›
1496 1034 1563 1055 vm.
1589 1033 1655 1055 non
1687 1024 1809 1056 habere
1838 1025 1900 1056 illa
1917 1044 1939 1048 —
1964 1025 2012 1056 Ita
2041 1026 2132 1063 APS.
2161 1027 2219 1058 sed
2247 1027 2332 1059 forte
2355 1029 2455 1060 corri-

1641 1068 1788 1110 gendum
1812 1075 1897 1102 esset
1919 1070 1980 1101 illa
2003 1070 2038 1101 in
2062 1071 2149 1104 illas.

1421 1126 1434 1140 υ
1495 1123 1515 1144 x
1538 1113 1609 1145 init.
1634 1119 1790 1154 oportere
1805 1115 1891 1155 poni
1912 1132 1938 1138 —
1959 1121 2094 1156 oportet
2115 1117 2198 1156 poni
2219 1116 2278 1148 PS.

1421 1171 1434 1184 »
1495 1167 1558 1195 ΧΠ,
1585 1168 1603 1189 2
1628 1157 1684 1189 fin.
1710 1159 1826 1200 incipit
1846 1159 1972 1191 scilicet
1995 1160 2050 1191 ubi
2063 1177 2086 1183 —
2110 1161 2141 1192 A
2164 1171 2251 1198 casu,
2277 1167 2309 1192 et
2331 1161 2381 1194 ΡΒ
2404 1163 2455 1194 in-

1642 1203 1723 1244 cipit
1743 1213 1780 1234 se
1803 1204 1868 1235 ubi.

1420 1259 1435 1274 »
1496 1257 1548 1284 xv,
1576 1255 1588 1278 ι
1617 1248 1688 1279 init.
1712 1253 1745 1278 et
1767 1257 1802 1280 12
1823 1265 1846 1271 -
1869 1254 1903 1280 et
1930 1256 1964 1279 ιι
1993 1249 2087 1280 ΑΡ8.

1499 1306 1512 1319 »
1574 1298 1649 1324 ante
1679 1292 1768 1324 med.
1799 1298 1878 1324 sunt
1912 1293 2144 1326 determinatio
2173 1310 2197 1318 —
2224 1300 2274 1326 est
2302 1295 2456 1328 determi-

1643 1337 1736 1368 natio
1758 1337 1850 1369 APS.
1873 1337 1928 1369 Cf.
1951 1348 1986 1370 n.
2009 1348 2074 1376 xxx,
2097 1338 2120 1371 1.
2148 1346 2189 1378 14
2212 1349 2231 1370 a
2253 1339 2311 1372 fin.

1499 1395 1513 1407 »
1574 1381 1631 1414 fin.
1661 1381 1708 1413 Et
1739 1382 1864 1419 Prima,
1895 1384 2004 1424 q-57‚
2036 1383 2129 1420 a.3,
2159 1383 2256 1416 ad3
2283 1402 2308 1408 -
2339 1385 2454 1427 Apro

1640 1426 1764 1463 Prima,
1797 1425 1880 1458 falso
1910 1427 2124 1469 compendio,
2148 1431 2225 1470 poa.
2255 1429 2307 1462 PS
2337 1430 2455 1462 substi-

1640 1477 1739 1503 tuunt
1765 1471 1806 1502 de
1835 1471 1905 1505 Ver.
1931 1482 1962 1513 q.
1988 1473 2019 1510 8,
2044 1483 2072 1504 n.
2101 1480 2154 1510 12,
2177 1472 2219 1505 ad
2244 1481 2273 1505 ι.

1498 1529 1512 1542 ›
1575 1515 1592 1546 3
1618 1514 1676 1546 fin.
1707 1516 1742 1547 in
1766 1516 2012 1558 cognitionem.
2026 1541 2034 1548 .
2049 1541 2056 1548 .
2071 1522 2104 1550 et
2123 1518 2348 1560 cognitionem
2373 1536 2397 1543 —
2419 1519 2454 1551 in

1641 1561 1867 1601 cognitionem
1881 1584 1889 1592 .
1903 1584 1911 1592 .
1925 1585 1934 1592 .
1948 1568 1980 1592 et
1995 1563 2200 1603 agnitionem
2221 1562 2263 1595 A.
2287 1562 2371 1595 Vide
2386 1563 2452 1596 loc.

1641 1605 1695 1638 cit.
1721 1615 1760 1636 ex
1788 1609 1820 1636 ι·
1847 1605 1952 1638 Parte.

1418 1662 1432 1675 ι
1492 1658 1556 1686 m,
1574 1645 1613 1686 '3,
1636 1659 1718 1682 vers.
1742 1649 1799 1682 fin.
1822 1650 1909 1682 sicut
1928 1660 1988 1682 nec
2011 1661 2064 1684 res
2086 1668 2110 1675 -
2131 1651 2180 1683 nic
2202 1659 2266 1684 nec
2288 1661 2340 1685 ree
2360 1651 2452 1685 APS.

1417 1706 1432 1720 »
1493 1703 1582 1725 xvm.
1605 1703 1639 1725 a.
1663 1693 1688 1725 8
1709 1710 1731 1718 ·-
1754 1704 1782 1726 a.
1807 1704 1828 1734 7
1852 1695 1894 1726 A.

1418 1751 1432 1765 ν
1492 1747 1546 1769 xxx
1568 1738 1656 1770 med.
1681 1739 1789 1780 inquit
1817 1739 1851 1770 S.
1889 1740 2031 1772 Titomas
2060 1741 2126 1772 hoc
2155 1740 2230 1772 loco
2252 1757 2276 1764 ·-
2298 1741 2362 1772 Pro
2388 1741 2452 1774 hoc

1638 1783 1669 1814 A
1700 1782 1819 1815 falsum
1856 1784 1986 1825 eiglum,
2022 1785 2071 1817 PS
2103 1785 2227 1826 primo.
2263 1785 2338 1816 Vid.
2373 1791 2449 1820 text.

1638 1837 1671 1868 p.
1697 1828 1761 1868 572
1786 1828 1818 1866 b,
1843 1836 1965 1869 24-27.

1802 1898 1885 1940 Cap.
1910 1909 2018 1931 xcvm.

1492 1971 1525 1991 11.
1545 1970 1611 2001 per
1635 1960 1774 2001 speciem
1799 1960 2049 2004 intelligibilem.
2073 1981 2095 1985 -
2119 1963 2150 1994 A
2173 1963 2222 1994 bis
2244 1973 2309 2005 per
2329 1964 2454 2006 species

1639 2005 1888 2047 intelligibilem.

1416 2063 1430 2077 »
1490 2058 1522 2087 v,
1546 2049 1578 2081 3.
1602 2049 1698 2081 habet
1721 2050 1876 2081 unionem
1898 2066 1922 2075 -·
1944 2051 2067 2083 habent
2089 2052 2249 2084 unionem
2269 2052 2360 2087 APS.
2398 2073 2413 2086 a

1416 2108 1430 2122 ι
1490 2103 1548 2125 vm
1568 2094 1656 2126 med.
1687 2095 1810 2135 species
1840 2095 2064 2137 intelligibiles
2095 2097 2242 2138 ipsorum
2274 2114 2297 2121 -
2326 2099 2452 2140 specie·

1638 2139 1857 2180 intelligibiles
1879 2140 2025 2181 ipsarum
2048 2141 2140 2173 APS.
2162 2141 2216 2174 Cf.
2233 2142 2334 2183 paulo
2356 2142 2451 2182 infre,

1639 2193 1683 2214 ex
1703 2184 1851 2225 ipsorum
1873 2185 2075 2226 cognitione.

1417 2242 1430 2255 ι
1496 2242 1508 2255 »
1570 2227 1627 2259 fin.
1651 2228 1741 2270 quod
1763 2228 1843 2270 quid
1864 2234 1951 2260 est—
1965 2229 2030 2261 Pro
2053 2230 2144 2271 quod
2165 2230 2254 2272 quid,
2278 2231 2310 2262 A
2332 2230 2451 2264 falsum

1639 2273 1888 2314 compendium,
1910 2273 1962 2305 PS
1983 2274 2149 2316 quicquid.

1417 2331 1431 2344 »
1491 2327 1534 2355 xx,
1562 2326 1574 2348 ι
1604 2317 1660 2351 fin.
1685 2318 1888 2349 naturaliter
1916 2319 2156 2360 cognoscibilia
2177 2334 2202 2344 ·-
2223 2320 2287 2351 Pro
2311 2325 2450 2354 nam-a-

1639 2363 1726 2398 liter,
1750 2363 1781 2394 A
1805 2361 1924 2394 falsum
1946 2363 2136 2406 compend„
2151 2363 2202 2396 PS
2221 2365 2450 2398 materialiter.

1639 2406 1694 2439 Cf.
1717 2406 1800 2438 infra
1823 2407 1857 2438 in
1881 2408 1946 2439 hoc
1970 2408 2109 2440 elencho
2132 2418 2200 2446 xm,
2225 2409 2256 2442 3.

1416 2466 1430 2479 »
1490 2462 1557 2490 xm,
1586 2460 1613 2490 ι,
1629 2452 1652 2484 1.
1673 2462 1705 2492 7.
1730 2452 1896 2483 naturalis
1917 2453 2012 2484 caelo
2026 2471 2050 2476 —
2073 2454 2227 2485 naturalis
2250 2464 2269 2486 e
2293 2454 2384 2486 caelo
2407 2455 2449 2489 A.

1581 2507 1613 2538 p.
1641 2496 1715 2533 586,
1741 2497 1761 2528 l.
1790 2504 1817 2527 ι.
1842 2502 1960 2528 contra
1992 2498 2122 2529 tertiam
2153 2498 2400 2531 conclusionem
2427 2516 2451 2524 -

1637 2547 1753 2572 contra
1775 2541 1955 2573 secundam
1978 2543 2227 2575 conclusionem
2249 2543 2341 2578 APS.

1580 2595 1662 2617 vers.
1687 2585 1743 2617 fin.
1763 2586 1924 2627 proxima
1947 2592 1980 2618 et
2003 2587 2192 2620 immediata
2208 2606 2231 2612 -
2254 2589 2403 2629 proxima
2418 2594 2452 2621 et

1637 2630 1826 2662 immediate
1849 2631 1916 2662 ΑΡ.

1582 2675 1611 2707 3.
1637 2675 1838 2707 naturaliter
1860 2682 2134 2718 consequentes-
2147 2677 2213 2708 Pro
2236 2678 2448 2717 naturalium

1637 2720 1668 2751 A
1691 2719 1811 2751 falsum
1838 2720 2026 2762 compend„
2057 2721 2108 2754 Ps
2129 2722 2358 2755 materialiter.

1583 2778 1597 2792 ι
1625 2764 1711 2796 Infra
1734 2765 1775 2796 ΙΙ
1795 2765 1940 2797 Sent.-d.
1963 2766 1999 2802 3,
2022 2776 2054 2807 q.
2076 2766 2102 2798 3
2122 2784 2148 2790 -
2169 2766 2234 2798 Pro
2257 2777 2287 2808 q.
2309 2767 2345 2804 3,
2370 2776 2401 2809 q.
2428 2776 2447 2799 2

1412 2868 1426 2883 ι
1488 2863 1542 2886 nv
1563 2853 1651 2886 med.
1675 2853 1822 2885 divinam
1849 2855 2024 2887 essentiam
2053 2855 2160 2887 solam
2183 2871 2206 2880 -
2229 2855 2374 2888 divinum
2397 2865 2448 2888 ee-

1637 2899 1775 2930 sentiam
1798 2899 1867 2930 sola
1890 2899 1931 2931 A.

1414 2957 1429 2972 ι
1489 2953 1541 2982 xv,
1559 2952 1590 2980 2,
1614 2943 1636 2975 l.
1661 2952 1694 2984 7.
1718 2943 1838 2975 habent
1859 2962 1880 2967 -
1903 2944 2001 2975 habet
2016 2943 2109 2976 APS.
2126 2944 2247 2976 -Item
2271 2955 2353 2977 vers.
2378 2945 2447 2984 fin„

1636 2997 1698 3029 pro
1721 2989 1952 3026 communicat,
1977 2989 2237 3021 communicant.

1415 3045 1428 3060 »
1490 3042 1553 3070 m,
1582 3041 1610 3064 1.
1633 3041 1669 3064 ι2
1691 3041 1762 3074 cap.
1787 3050 1808 3056 -
1831 3042 1870 3064 22
1893 3042 1965 3074 cap.
1991 3034 2032 3071 1²5
2057 3043 2076 3065 2
2098 3043 2170 3075 cap.
2195 3034 2228 3066 S.

501 3074 632 3114 speciei.
1414 3089 1430 3106 ι
1495 3091 1507 3104 »

1581 3077 1612 3114 3,
1636 3077 1658 3109 1.
1683 3077 1715 3109 3.
1740 3077 1931 3120 intelligant
1952 3095 1976 3102 -
1997 3078 2156 3119 intelligat
2178 3078 2238 3111 PS.

1416 3136 1430 3149 ι
1490 3132 1577 3159 xvm,
1603 3131 1633 3152 2.
1659 3131 1725 3153 non
1744 3126 1856 3163 potest
1877 3132 1946 3154 esse
1969 3139 1991 3146 —
2014 3123 2078 3154 Pro
2094 3132 2165 3156 esse
2186 3123 2217 3154 A
2240 3123 2374 3155 solitum
2390 3122 2448 3154 fal-

1639 3175 1713 3198 sum
1739 3166 1976 3208 compendium
1998 3165 2041 3198 31.

1416 3225 1429 3238 »
1491 3221 1542 3242 xxx
1566 3210 1654 3242 med.
1677 3211 1873 3243 excellentia
1905 3218 1938 3243 et
1960 3211 2188 3244 excellentiam
2210 3226 2233 3236 -·
2256 3212 2288 3244 A
2312 3212 2448 3253 ambig.;

1638 3255 1688 3287 Ps
1710 3256 1835 3297 ubique
1858 3256 2044 3293 existentia,
2069 3261 2132 3288 etc.

1415 3313 1430 3327 »
1491 3309 1542 3336 xx,
1567 3300 1588 3331 l.
1618 3307 1668 3340 17,
1697 3300 1747 3331 18.
1772 3300 1920 3332 continet
1939 3317 1965 3325 -
1986 3299 2036 3332 Ps
2058 3300 2108 3332 bis
2123 3300 2300 3332 contineat.

1416 3357 1430 3371 a·
1490 3353 1565 3376 xm.
1589 3354 1622 3376 a.
1646 3354 1662 3375 1
1684 3361 1708 3368 -
1730 3354 1760 3376 a.
1783 3345 1804 3376 8
1828 3344 1923 3383 APS;
1947 3343 1989 3376 cf.
2006 3353 2114 3386 parag.
2126 3354 2210 3382 xxxv,
2236 3345 2267 3376 3.

1417 3402 1430 3415 ι
1491 3398 1563 3426 xxv,
1590 3399 1607 3420 2
1633 3395 1708 3420 ante
1731 3389 1818 3420 med.
1847 3389 1962 3432 angeli
1992 3389 2054 3420 visi
2076 3406 2099 3412 -
2121 3389 2185 3420 Pro
2209 3390 2281 3427 uisi,
2313 3390 2343 3421 A
2371 3399 2449 3422 casu

1639 3434 1702 3464 nisi
1707 3440 1719 3471 ;
1741 3433 1804 3465 vid.
1822 3433 1886 3465 loc.
1905 3434 1957 3465 cit.
1975 3451 1998 3456 -
2011 3432 2061 3465 PS
2075 3433 2205 3474 legunt:
2231 3434 2296 3466 nisi
2313 3443 2378 3476 per
2400 3444 2449 3467 es-

1636 3478 1776 3509 sentiam
1801 3478 1916 3520 angeli
1938 3478 1990 3509 vel
2013 3478 2162 3511 videntis.

1417 3535 1431 3549 ι
1492 3531 1579 3554 mn
1601 3531 1683 3554 vers.
1707 3521 1764 3554 fin.
1789 3531 1903 3555 comm.
1930 3521 1976 3554 66
1997 3539 2019 3546 -
2043 3531 2160 3555 comm.
2185 3522 2231 3555 63
2253 3522 2342 3555 APS.

1417 3579 1430 3593 ι
1491 3576 1577 3598 xxvn
1599 3566 1654 3598 fin.
1680 3566 1900 3608 differentiam
1923 3584 1947 3590 —
1974 3566 2145 3599 diffinitam
2168 3566 2199 3598 A
2223 3577 2310 3604 casu,
2335 3573 2367 3599 et
2389 3567 2447 3599 PS.

1418 3624 1430 3637 ι
1492 3621 1599 3648 xxvm,
1629 3619 1656 3643 ι.
1681 3611 1831 3643 Secundo
1856 3629 1877 3634 —
1901 3611 2092 3643 Secundum
2118 3611 2178 3644 PS.
