2768 4134
755 289 945 327 SUMMA
974 289 1196 327 CONTRA
1224 289 1499 336 GENTILES,
1526 291 1621 327 LIB.
1642 291 1683 336 11,
1714 290 1825 327 CAP.
1849 291 1984 328 LXXI.

269 374 371 407 quam
393 363 508 396 forma.
533 366 620 407 Ergo
644 367 844 407 praecedunt
866 369 900 398 in
924 368 1073 399 essendo.
1089 387 1112 390 —
1127 369 1242 399 Patent
1264 370 1341 399 istae

269 410 540 453 consequentiae:
564 412 642 451 quia
664 412 699 442 in
721 417 859 453 utraque
890 413 1083 453 oppositum
1113 414 1344 454 consequentis

269 459 430 496 repugnat
453 455 666 486 antecedenti.
1333 482 1335 484 ,

326 499 367 530 V.
390 498 444 529 Ad
466 498 661 530 evidentiam
684 501 780 541 primi
804 500 903 538 dubii,
933 501 1000 532 duo
1033 507 1108 532 sunt
1138 501 1342 532 attendenda.

269 543 418 575 Primum
433 549 481 574 est
497 543 598 584 quod,
615 554 691 575 cum
706 545 790 576 inter
805 545 1032 586 dispositiones
1049 545 1090 576 ad
1104 545 1244 576 formam
1260 556 1344 586 quae

270 589 370 620 simul
392 597 471 619 cum
499 588 606 620 forma
632 595 811 626 remanent,
842 595 874 621 et
902 590 1007 631 ipsam
1030 589 1181 627 formam,
1204 599 1274 621 non
1304 591 1345 621 sit

269 632 354 664 ordo
377 632 567 670 durationis,
590 633 648 664 sed
671 634 768 665 simul
791 635 825 665 in
848 634 966 665 eodem
988 635 1119 665 instanti
1149 635 1183 665 in
1213 635 1345 665 materia

270 676 533 715 introducantur3
563 687 632 709 non
664 685 711 709 est
739 679 923 719 quaerenda
950 680 1033 710 inter
1059 679 1114 710 illa
1143 679 1290 720 prioritas
1313 685 1346 709 et

270 722 493 763 posterioritas
508 723 675 763 temporis,
692 724 771 764 quid
786 723 936 754 videlicet
950 724 1082 755 illorum
1096 725 1132 754 in
1146 724 1248 764 priori
1263 729 1345 754 tem-

270 776 352 807 pore
375 765 526 798 adveniat
547 769 699 799 materiae
717 775 748 799 et
772 768 852 809 quid
874 769 908 799 in
924 768 1113 808 posteriori3
1138 767 1196 798 sed
1211 773 1259 798 est
1274 773 1344 798 tan—

270 817 344 842 tum
364 811 587 852 investiganda
610 813 693 843 inter
722 813 775 843 illa
803 813 952 853 prioritas
983 812 1164 843 secundum
1186 818 1345 849 naturam,

272 861 305 887 et
326 855 505 887 videndum
528 856 608 897 quid
630 858 763 888 illorum
785 858 875 898 prius
889 862 1003 888 natura
1018 857 1170 888 materiae
1186 856 1344 893 adveniat,

270 906 428 941 tanquam
449 901 600 932 videlicet
623 903 662 933 ab
685 902 786 933 altero
809 902 844 932 in
859 902 993 932 materia
1008 902 1303 942 praesuppositum.

327 945 518 977 Secundum
544 952 602 983 est,
630 956 670 978 ex
696 946 843 977 doctrina
869 946 978 977 Sancti
1001 946 1150 976 Thomae
1178 946 1212 976 in
1240 945 1347 976 Prima

270 989 374 1027 Parte,
391 991 581 1031 quaestione
598 996 630 1022 et
652 991 789 1022 articulo
808 991 960 1031 allegam,
977 989 1019 1021 ad
1038 998 1066 1029 1,
1083 995 1115 1021 et
1129 990 1169 1021 de
1185 990 1345 1030 Spiritua-

270 1034 364 1071 libus,
389 1045 417 1065 a.
443 1035 474 1072 3,
498 1035 540 1066 ad
563 1045 616 1072 20,
641 1042 674 1066 et
695 1036 729 1066 in
753 1035 818 1074 Qu.
843 1035 882 1066 de
900 1035 1029 1071 Anima,
1047 1045 1074 1065 a.
1092 1045 1123 1075 9,
1148 1034 1248 1075 quod,
1273 1044 1346 1065 cum

260 1079 383 1122 forma
389 1080 572 1122 perfectior
583 1081 750 1111 contineat
760 1080 880 1111 virtute
893 1079 1047 1120 quicquid
1057 1084 1106 1110 est
1115 1079 1259 1110 aliarum
1266 1079 1346 1121 for-

270 1133 400 1155 marum
424 1125 632 1167 inferiorum,
658 1134 787 1165 unaque
799 1125 953 1166 perficiat
975 1124 1146 1155 materiam
1168 1124 1346 1155 secundum

270 1169 418 1200 diuersos
445 1169 575 1211 gradus
602 1169 829 1212 perfectionis,
861 1169 1148 1209 praeintelligimus
1179 1170 1347 1199 materiam

270 1223 341 1245 esse
364 1214 454 1255 prius
473 1213 651 1255 perfectam
671 1213 853 1245 secundum
872 1212 1060 1244 inferiorem
1082 1213 1219 1254 gradum
1243 1219 1275 1244 et
1297 1223 1347 1244 se-

269 1258 418 1290 cundum
440 1258 619 1290 accidentia
641 1259 735 1290 illum
756 1258 893 1298 gradum
909 1259 1153 1298 consequentia,
1175 1267 1274 1298 quam
1297 1268 1346 1289 se-

270 1302 418 1334 cundum
441 1303 670 1344 perfectiorem
686 1309 719 1334 et
739 1303 942 1343 superiorem
957 1302 1103 1343 gradum.
1121 1303 1219 1333 Verbi
1235 1304 1346 1343 gratia,

269 1349 497 1389 qumanima
505 1347 559 1379 dat
582 1357 651 1379 esse
675 1357 872 1388 corporeum
896 1352 929 1378 et
951 1357 1020 1378 esse
1043 1347 1234 1383 animatum,
1257 1348 1347 1388 prius

270 1393 481 1433 intelligimus
503 1393 609 1433 ipsam
624 1392 699 1423 dare
715 1393 867 1423 materiae
891 1401 960 1422 esse
982 1401 1179 1432 corporeum
1202 1401 1279 1422 cum
1295 1401 1348 1423 ac-

270 1437 454 1469 cidentibus
478 1438 712 1478 corporeitatis‚
736 1446 836 1477 quam
859 1436 934 1467 dare
958 1446 1027 1467 esse
1055 1437 1245 1467 animatum.
1269 1436 1347 1475 Quo

270 1480 311 1513 fit
322 1487 360 1513 ut
383 1481 555 1523 dupliciter
570 1482 713 1512 animam
732 1480 934 1512 considerare
950 1482 1128 1521 possimus:
1149 1491 1218 1512 uno
1233 1481 1347 1518 modo,

270 1526 420 1558 absolute
443 1531 476 1557 et
505 1531 666 1567 quantum
693 1525 734 1556 ad
764 1535 898 1556 omnem
929 1526 999 1555 eius
1034 1524 1197 1562 effectum,
1228 1535 1348 1556 conve-

269 1571 418 1602 nientem
440 1570 563 1601 scilicet
584 1571 646 1601 sibi
669 1576 700 1600 et
722 1570 919 1610 inquantum
938 1575 997 1600 est
1026 1570 1133 1600 anima
1156 1575 1187 1600 et
1210 1570 1349 1610 inquan-

270 1620 344 1647 tum
366 1615 484 1646 virtute
511 1615 659 1645 continet
687 1614 805 1654 gradus
833 1613 1026 1644 inferiorum
1057 1612 1253 1650 formarum3
1284 1614 1348 1645 alio

269 1658 385 1696 nodo,
408 1663 570 1699 quantum
586 1658 626 1689 ad
648 1658 837 1689 ulteriorem
853 1662 980 1688 tantum
1004 1663 1037 1687 et
1059 1657 1287 1698 perfectiorem
1303 1658 1349 1689 ef-

269 1702 407 1740 fectum,
429 1712 531 1744 quem
553 1703 676 1734 scilicet
698 1702 775 1733 facit
793 1702 990 1742 inquantum
1006 1707 1055 1732 est
1077 1703 1195 1733 anima.
1219 1702 1254 1733 Si
1269 1712 1349 1734 con-

268 1747 430 1781 cideretur
453 1747 603 1779 absolute
625 1753 659 1778 et
681 1752 842 1789 quantum
865 1746 906 1777 ad
928 1746 1063 1777 totalem
1086 1747 1156 1777 eius
1186 1746 1349 1784 effectum,

270 1792 319 1826 aie
338 1792 423 1825 nihil
444 1791 610 1833 praecedit
630 1793 666 1823 in
687 1792 824 1823 materia
839 1790 979 1822 formam
994 1791 1254 1822 substantialem:
1272 1793 1349 1833 quia

268 1838 364 1880 prim
385 1842 519 1878 oportet
541 1837 721 1878 intelligere
744 1837 914 1867 materiam
929 1845 1000 1867 esse
1022 1841 1099 1867 actu
1115 1836 1304 1877 simpliciter
1318 1843 1351 1868 et

271 1882 430 1918 absolute,
454 1881 546 1922 quod
569 1881 606 1912 fit
628 1891 687 1922 per
710 1880 850 1911 formam
866 1880 1109 1911 substantialem
1133 1879 1264 1911 dantem
1279 1891 1348 1912 esse

269 1927 471 1968 simpliciter,
495 1935 595 1967 quam
618 1935 688 1956 esse
704 1931 779 1956 actu
801 1925 876 1962 tale,
893 1924 985 1965 quod
1007 1923 1044 1955 fit
1067 1934 1125 1965 per
1140 1924 1280 1956 formam
1296 1935 1348 1957 ac-

270 1971 477 2004 cidentalem.
506 1971 540 2002 Si
570 1975 681 2001 autem
712 1969 936 2001 consideretur
959 1974 1118 2009 quantum
1148 1969 1189 2000 ad
1217 1970 1349 2001 ulterio-

270 2025 342 2048 rem
357 2023 390 2047 et
403 2014 633 2056 perfectiorem
649 2014 812 2051 effectum,
826 2015 874 2045 sic
890 2013 1120 2054 dispositiones
1136 2014 1348 2046 accidentales

270 2065 512 2101 consequentes
534 2059 671 2100 gradum
693 2058 883 2090 inferiorern
898 2057 1098 2098 praecedunt
1113 2057 1228 2089 ordine
1250 2068 1349 2099 gene-

270 2106 407 2137 rationis
428 2105 463 2136 in
485 2105 619 2136 materia
642 2103 782 2134 formam
805 2103 1066 2134 substantialem:
1091 2103 1175 2133 sicut
1202 2108 1234 2133 et
1256 2113 1349 2143 prae-

270 2150 483 2191 intelligimus
511 2149 653 2180 formam
684 2148 760 2179 dare
790 2149 878 2189 prius
909 2147 1046 2188 gradum
1075 2147 1348 2187 imperfectiorem

272 2204 374 2236 quam
396 2194 635 2237 perfectiorem,
651 2203 692 2224 eo
717 2193 809 2234 quod
824 2198 936 2223 natura
952 2193 992 2222 ab
1012 2191 1204 2232 imperfecto
1221 2188 1261 2223 ad
1276 2202 1348 2233 per-

271 2239 397 2271 fectum
419 2239 588 2281 procedat.

328 2284 383 2316 Ad
405 2284 543 2316 dubium
566 2293 644 2324 ergo
668 2282 786 2314 dicitur
808 2281 900 2322 quod
927 2291 966 2312 ea
993 2290 1078 2323 quae
1108 2280 1186 2311 dicit
1213 2281 1349 2312 Sanctus

273 2329 420 2361 Thomas
443 2329 551 2360 Prima
573 2329 676 2364 Parte,
699 2337 768 2358 non
793 2326 1022 2357 contradicunt
1044 2326 1083 2356 iis
1111 2335 1195 2366 quae
1225 2326 1277 2356 hic
1301 2326 1348 2356 di-

271 2380 402 2406 cuntur.
426 2374 513 2412 Quia
535 2374 581 2404 ibi
603 2372 751 2413 loquitur
781 2371 821 2402 de
851 2372 969 2408 anima,
1003 2376 1034 2402 et
1057 2370 1279 2401 universaliter
1308 2370 1348 2401 de

272 2418 380 2451 forma
408 2418 624 2454 substantiali,
656 2422 816 2457 quantum
846 2415 887 2446 ad
919 2415 1055 2446 totalem
1086 2415 1156 2446 eius
1186 2414 1347 2445 effectum.

273 2463 363 2496 Cum
386 2464 474 2494 enirn
497 2463 632 2494 materia
654 2461 837 2492 secundum
861 2470 895 2491 se
918 2461 959 2491 sit
986 2460 1020 2491 in
1043 2460 1191 2500 potentia
1216 2458 1257 2490 ad
1280 2468 1349 2490 esse

273 2508 481 2540 substantiale
497 2506 679 2548 corporale,
696 2511 728 2537 et
750 2515 820 2536 non
835 2510 986 2545 oporteat
1007 2509 1044 2535 ut
1059 2504 1099 2535 ad
1118 2504 1257 2535 formam
1274 2504 1349 2534 sub-

272 2552 455 2584 stantialem
478 2561 671 2593 corpoream
690 2555 746 2582 aut
769 2550 809 2581 ad
833 2559 902 2581 esse
925 2549 1132 2580 substantiale
1148 2558 1206 2589 per
1221 2549 1282 2578 alia
1297 2558 1349 2578 ac-

273 2597 414 2629 cidentia
437 2596 637 2637 disponatur,
653 2597 738 2626 inter
751 2595 919 2626 materiam
935 2599 967 2624 et
981 2593 1131 2630 formam,
1147 2599 1184 2624 ut
1203 2592 1256 2623 dat
1277 2592 1350 2623 infi-

273 2652 368 2674 mum
390 2641 526 2682 gradum
550 2639 687 2676 essendi,
710 2649 779 2670 non
803 2643 934 2680 oportet
947 2638 1126 2669 accidentia
1146 2637 1350 2677 disponentia

273 2687 427 2719 mediare.
443 2703 467 2709 —
481 2686 557 2717 Hoc
580 2690 690 2716 autem
717 2685 752 2715 in
774 2684 851 2715 loco
878 2683 1025 2723 loquitur
1047 2682 1183 2713 Sanctus
1205 2682 1350 2712 Thomas

275 2732 316 2763 de
339 2732 447 2762 anima
471 2737 502 2761 et
525 2731 631 2761 forma
653 2728 854 2760 substantiali
876 2729 1072 2768 inquantum
1088 2726 1142 2757 dat
1163 2727 1350 2757 ulteriorem

275 2782 308 2807 et
330 2775 558 2817 perfectiorem
573 2773 719 2814 gradum.
736 2773 821 2803 Nam
836 2773 862 2802 si
885 2773 1017 2802 materia
1032 2770 1213 2802 secundum
1232 2780 1266 2800 se
1281 2779 1350 2800 non

275 2822 316 2852 sit
339 2820 494 2861 disposita
516 2825 553 2850 ut
576 2819 616 2848 sit
638 2819 810 2858 proprium
833 2816 1035 2857 perfectibile
1059 2815 1194 2846 alicuius
1225 2814 1350 2845 formae

275 2871 312 2896 ut
328 2871 376 2896 est
391 2864 462 2895 talis
476 2864 590 2899 forma,
603 2862 660 2893 sed
675 2861 798 2902 indiget
809 2861 1029 2891 accidentibus
1045 2861 1148 2900 ipsam
1165 2859 1211 2889 illi
1226 2858 1350 2889 formae

276 2909 571 2951 appropriantibus‚
595 2912 726 2947 oportet
748 2906 930 2937 secundum
957 2904 1105 2935 ordinem
1134 2903 1350 2944 generationis

275 2954 533 2996 praeintelligere
555 2953 591 2984 in
613 2951 746 2982 materia
769 2951 823 2981 illa
845 2949 1023 2981 accidentia
1038 2954 1212 2989 antequam
1234 2947 1349 2984 forma,

276 3005 314 3030 ut
336 3004 384 3030 est
406 2998 478 3028 talis
493 2997 608 3033 forma,
625 2995 776 3027 advenire
792 2995 944 3025 materiae
960 2993 1169 3033 intelligatur:
1194 2992 1350 3032 quoniam

275 3049 390 3075 natura
413 3043 502 3083 prius
524 3042 693 3072 materiam
717 3039 861 3080 disponit
877 3048 976 3079 quam
1000 3038 1138 3068 formam
1155 3036 1349 3067 introducat.

277 3089 320 3120 Et
340 3089 395 3124 sic,
413 3097 490 3118 cum
513 3086 647 3117 materia
661 3084 803 3124 indigeat
819 3083 1085 3124 dispositionibus
1101 3080 1350 3112 accidentalibus

278 3133 319 3164 ad
341 3131 477 3173 gradum
501 3130 729 3171 perfectiorem
753 3129 889 3164 animae,
907 3132 1037 3167 oportet
1060 3126 1093 3156 in
1112 3126 1245 3156 materia
1260 3134 1351 3165 prae-

277 3177 456 3217 intelligere
480 3175 709 3215 dispositiones
733 3173 879 3213 corporis
902 3177 1078 3211 antequam
1109 3170 1214 3200 forma
1236 3179 1351 3199 secun-

279 3222 360 3254 dum
381 3222 476 3252 illum
498 3219 634 3260 gradum
657 3218 787 3258 corpori
810 3216 960 3247 advenire
983 3215 1187 3254 intelligatur.

335 3266 390 3297 VI.
414 3265 467 3296 Ad
490 3264 685 3296 evidentiam
708 3261 842 3293 secundi
867 3261 956 3291 dubii
972 3261 999 3296 ἕ,
1024 3264 1152 3299 oportet
1175 3257 1351 3297 intelligere

280 3311 361 3352 quid
374 3320 434 3351 per
449 3309 598 3341 ordinem
613 3307 788 3339 secundum
806 3306 890 3336 viam
906 3303 1132 3346 generationis
1146 3302 1350 3341 intelligatur,

281 3361 313 3386 et
335 3359 415 3386 tunc
438 3354 479 3386 ad
502 3353 639 3384 dubium
655 3352 783 3393 planior
798 3356 830 3381 et
853 3350 967 3380 clarior
983 3348 1148 3389 apparebit
1171 3346 1350 3386 responsio.

281 3399 459 3431 Sciendum
482 3408 559 3439 ergo
581 3396 682 3438 quod,
699 3405 775 3427 cum
790 3399 903 3426 natura
919 3398 1052 3434 propter
1070 3390 1170 3422 finem
1190 3395 1351 3431 operetur,

281 3445 366 3475 sicut
385 3449 416 3474 et
430 3443 624 3478 intellectus,
641 3447 678 3472 ut
698 3441 813 3471 dicitur
829 3439 856 3469 11
872 3438 1086 3479 Physicorum
1098 3437 1125 3471 *‚
1142 3436 1176 3465 in
1199 3434 1352 3475 operibus

281 3494 415 3521 naturae
439 3487 559 3528 duplex
583 3486 665 3517 ordo
690 3484 884 3516 considerari
907 3487 1027 3523 potest:
1056 3489 1142 3511 unus
1171 3478 1353 3510 secundum

281 3539 415 3564 naturae
438 3532 672 3567 intentionem;
697 3530 776 3561 alius
792 3527 972 3559 secundum
993 3525 1219 3556 executionem
1238 3532 1353 3554 eorum

283 3587 368 3619 quae
390 3576 538 3608 intendit.
566 3576 692 3606 Primus
716 3574 832 3605 dicitur
855 3571 935 3603 ordo
954 3568 1167 3611 perfectionis
1197 3573 1228 3598 et
1251 3567 1354 3597 inten-

284 3623 383 3653 tionis
406 3627 565 3652 naturae:
589 3625 621 3651 et
644 3619 760 3650 dicitur
784 3619 879 3648 etiam
896 3615 976 3646 ordo
1001 3612 1180 3644 secundum
1196 3612 1354 3642 rationem

284 3676 404 3697 causae
412 3665 575 3707 formalis
590 3669 646 3694 aut
658 3663 778 3705 finalis
797 3667 852 3692 aut
875 3659 1052 3702 efficientis,
1071 3658 1146 3698 quia
1162 3656 1244 3692 finis,
1265 3655 1355 3696 quod

2388 292 2463 339 455

1397 376 1445 400 est
1467 370 1611 410 primum
1633 370 1795 401 intentum
1818 379 1836 400 a
1858 375 1981 407 natura,
2001 369 2156 401 coincidit
2177 371 2210 401 in
2226 370 2313 402 idem
2328 380 2466 402 numero

1397 423 1474 444 curn
1497 414 1602 445 forma
1625 414 1767 451 effectus,
1785 423 1861 445 cum
1884 420 1999 455 agente
2014 424 2092 445 vero
2115 415 2149 446 in
2171 414 2258 446 idem
2274 416 2392 456 specie.
2409 415 2467 447 Se-

1398 458 1524 489 cundus
1547 458 1628 489 ordo
1653 458 1768 489 dicitur
1798 458 1879 489 ordo
1906 459 2139 500 generationis,
2173 459 2353 491 secundum
2376 459 2467 501 quod

1397 508 1510 533 natura
1533 502 1648 533 ordine
1671 502 1815 543 quodam
1838 512 1915 534 suos
1931 502 2063 534 effectus
2086 503 2237 544 producit
2257 513 2295 534 ac
2317 510 2464 544 generat:

1398 546 1515 577 dicitur
1537 546 1634 576 etiam
1658 546 1740 577 ordo
1764 548 1926 587 temporis,
1950 548 2036 587 quia,
2061 557 2137 578 cum
2153 557 2250 588 agens
2271 549 2416 579 naturale
2431 549 2466 579 in

1397 596 1546 631 tempore
1558 595 1720 630 operetur,
1733 591 1822 630 prius
1833 597 1980 631 ternpore
2004 601 2108 622 unum
2124 601 2223 632 quam
2238 591 2374 623 alterum
2389 601 2465 633 pro-

1399 635 1504 671 ducit;
1522 640 1554 665 et
1570 635 1646 675 quia
1661 635 1721 664 ista
1734 635 1882 665 executio
1899 635 1935 666 fit
1950 635 2131 667 secundum
2144 636 2234 676 quod
2249 636 2371 677 aliquid
2386 636 2465 668 edu-

1399 679 1481 710 citur
1499 678 1540 709 de
1563 679 1709 719 potentia
1733 679 1767 708 in
1784 684 1903 715 actum,
1920 685 1952 709 et
1973 681 2106 710 materia
2121 680 2169 710 est
2191 681 2295 720 prima
2309 682 2465 721 potentia,

1398 723 1472 754 ideo
1497 724 1557 753 iste
1585 722 1667 754 ordo
1696 722 1813 753 dicitur
1843 723 1924 753 ordo
1954 724 2135 754 secundum
2161 725 2319 755 rationem
2348 734 2467 756 causae

1398 767 1588 798 materialis.

1455 811 1643 843 Secundum
1673 812 1771 842 istum
1801 810 1968 851 duplicem
1994 817 2126 842 naturae
2156 812 2312 849 ordinem,
2336 812 2467 843 diversi-

1398 855 1498 887 mode
1521 855 1644 896 aliquid
1667 855 1783 887 dicitur
1798 856 1887 896 prius
1903 861 1936 886 et
1950 856 2120 895 posterius.
2142 855 2227 894 Quia
2242 857 2329 887 enirn
2352 866 2467 887 secun-

1399 901 1479 932 dum
1504 910 1771 941 unamquamque
1795 909 1925 931 causam
1947 899 2028 931 illud
2052 906 2099 930 est
2127 900 2216 940 prius
2240 900 2330 940 quod
2353 906 2400 931 est
2421 901 2468 932 illi

1399 955 1514 976 causae
1536 946 1764 986 propinquius,
1788 944 1863 976 ideo
1886 945 1920 975 in
1944 945 1995 975 via
2026 945 2214 975 intentionis
2243 950 2384 981 naturae,
2411 946 2469 985 qui

1400 995 1448 1020 est
1470 989 1552 1020 ordo
1575 989 1757 1020 secundum
1787 990 1946 1020 rationem
1977 998 2092 1020 causae
2120 988 2234 1025 finalis,
2264 988 2407 1019 formalis
2438 993 2470 1019 et

1400 1035 1532 1075 agentis,
1556 1034 1637 1065 illud
1661 1040 1708 1065 est
1730 1034 1819 1075 prius
1846 1033 1937 1074 quod
1964 1039 2012 1064 est
2034 1033 2157 1064 formae
2184 1039 2215 1064 et
2248 1032 2306 1064 fini
2336 1034 2469 1074 propin-

1399 1081 1507 1120 quius,
1531 1079 1705 1119 agentique
1727 1079 1875 1109 similius.
1893 1078 1987 1109 Unde
2010 1078 2191 1109 secundum
2206 1078 2294 1108 hunc
2310 1078 2467 1115 ordinem,

1399 1125 1507 1165 ipsum
1523 1133 1620 1164 agens
1640 1129 1687 1154 est
1709 1124 1798 1164 prius
1814 1122 1949 1159 effectu;
1975 1123 2045 1163 ipse
2060 1122 2133 1154 finis
2149 1128 2198 1153 est
2220 1123 2309 1163 prior
2330 1123 2369 1153 iis
2384 1131 2468 1163 quae

1400 1174 1476 1200 sunt
1498 1168 1538 1199 ad
1560 1168 1675 1205 finem3
1699 1168 1769 1208 ipsa
1791 1167 1895 1198 forma
1919 1173 1951 1198 et
1980 1173 2070 1198 actus
2094 1174 2142 1199 est
2171 1168 2259 1207 prior
2281 1176 2381 1207 quam
2408 1176 2468 1207 po-

1400 1214 1515 1250 tentia;
1540 1219 1572 1243 et
1595 1218 1718 1253 quanto
1742 1212 1864 1253 aliquid
1886 1213 1987 1252 magis
2011 1212 2135 1243 accedit
2156 1211 2197 1242 ad
2224 1211 2469 1242 similitudinem

1400 1258 1534 1298 agentis,
1550 1263 1606 1288 aut
1629 1258 1726 1287 etiam
1741 1258 1843 1297 magis
1857 1257 2098 1297 appropinquat
2116 1256 2174 1287 fini
2197 1262 2228 1287 et
2244 1256 2368 1287 formae
2384 1265 2468 1296 quae

1400 1308 1448 1333 est
1470 1303 1627 1333 terminus
1650 1302 1877 1342 generationis,
1900 1307 1990 1331 tanto
2015 1306 2063 1331 est
2085 1302 2183 1342 prius.
2209 1301 2249 1331 Et
2273 1301 2348 1341 quia
2377 1306 2468 1332 tanto

1400 1347 1523 1387 aliquid
1553 1352 1600 1377 est
1629 1346 1802 1387 perfectius
1834 1352 1956 1386 quanto
1983 1346 2084 1386 magis
2111 1345 2151 1376 ad
2177 1345 2277 1376 finem
2300 1350 2332 1375 et
2358 1345 2399 1375 ad
2428 1346 2469 1375 si-

1400 1391 1617 1422 militudinem
1647 1391 1769 1431 agentis
1800 1391 2050 1431 appropinquat,
2078 1390 2152 1421 ideo
2176 1389 2356 1420 secundum
2382 1390 2470 1420 hunc

1400 1436 1550 1467 ordinem
1567 1436 1751 1477 perfectum
1774 1441 1822 1466 est
1838 1436 1934 1476 prius
1958 1435 2156 1476 imperfecto.
2182 1453 2206 1457 —
2228 1434 2262 1465 ln
2287 1435 2338 1464 via
2361 1439 2470 1465 autem

1401 1481 1626 1521 generationis,
1643 1481 1700 1520 qui
1724 1485 1771 1510 est
1794 1480 1875 1510 ordo
1895 1479 2075 1510 secundum
2090 1481 2249 1510 rationem
2273 1488 2386 1509 causae
2402 1487 2470 1509 ma—

1400 1525 1529 1561 terialis,
1553 1525 1699 1565 potentia
1722 1530 1769 1555 est
1791 1525 1879 1564 prior
1901 1530 1986 1560 actu,
2012 1530 2042 1554 et
2066 1524 2288 1566 imperfectum
2311 1528 2360 1554 est
2374 1522 2471 1563 prius

1396 1570 1565 1611 per-fecto:
1580 1569 1657 1610 quia
1673 1574 1795 1609 quanto
1813 1568 1934 1608 aliquid
1950 1574 1997 1599 est
2013 1568 2242 1608 imperfectius,
2263 1573 2353 1598 tanto
2369 1568 2471 1607 magis

1402 1614 1553 1644 materiae
1577 1613 1819 1644 conditionibus
1843 1614 2094 1653 appropinquat.

1458 1657 1702 1688 Advertendum
1735 1662 1844 1687 autem
1879 1657 1970 1697 quod
2005 1657 2093 1697 apud
2123 1656 2278 1688 Sanctum
2308 1656 2473 1686 Thomam

1402 1701 1603 1742 quandoque
1626 1702 1708 1732 ordo
1731 1702 1956 1743 generationis
1971 1701 2176 1741 distinguitur
2191 1706 2302 1731 contra
2326 1700 2473 1730 ordinem

1403 1751 1553 1782 naturae,
1569 1752 1606 1777 ut
1621 1746 1756 1777 habetur
1771 1747 1805 1777 in
1821 1746 1895 1784 QQ.
1913 1746 1952 1776 de
1967 1746 2072 1782 Malo,
2090 1755 2121 1786 q.
2138 1755 2179 1781 iv,
2196 1755 2223 1775 a.
2242 1745 2276 1775 3:
2300 1743 2473 1785 aliquando

1402 1800 1480 1822 vero
1503 1791 1564 1822 sub
1588 1791 1706 1822 ordine
1728 1796 1869 1822 naturae
1891 1791 2086 1826 continetur,
2117 1795 2154 1820 ut
2181 1790 2214 1820 in
2238 1789 2345 1819 Prima
2371 1789 2473 1825 Parte,

1403 1845 1435 1876 q.
1452 1846 1564 1872 cxxxv,
1581 1845 1610 1867 a.
1628 1835 1658 1872 3,
1676 1835 1716 1866 ad
1736 1844 1762 1866 ι.
1788 1835 1879 1866 Ordo
1903 1836 1991 1866 enirn
2015 1840 2155 1866 naturae
2177 1833 2349 1874 dupliciter
2371 1833 2475 1873 accipi

1402 1885 1520 1921 potest.
1545 1880 1620 1911 Uno
1636 1880 1749 1917 modo,
1773 1885 1811 1911 ut
1833 1879 2039 1920 distinguitur
2055 1884 2167 1910 contra
2190 1877 2338 1909 ordinem
2359 1887 2474 1908 secun—

1402 1924 1482 1956 dum
1504 1925 1798 1965 apprehensionem
1821 1924 2004 1955 intellectus
2027 1929 2170 1954 tantum:
2195 1928 2227 1953 et
2256 1923 2301 1952 sic
2325 1922 2472 1952 continet

1401 1970 1462 1999 sub
1486 1978 1520 1999 se
1543 1969 1693 1999 ordinem
1714 1968 1950 2010 generationis,
1975 1977 2051 1999 cum
2074 1969 2115 1998 sit
2139 1966 2220 1998 ordo
2238 1972 2324 1997 extra
2346 1966 2472 1997 intelle-

1402 2018 1502 2044 ctum.
1526 2013 1602 2044 Alio
1617 2012 1730 2049 modo,
1747 2018 1784 2044 ut
1806 2013 1964 2053 accipitur
1978 2011 2159 2043 secundum
2181 2012 2341 2042 rationem
2357 2020 2471 2042 causae

1402 2057 1561 2088 formalis:
1594 2063 1625 2088 et
1660 2058 1706 2088 sic
1737 2057 1889 2088 dividitur
1916 2062 2028 2087 contra
2058 2056 2206 2087 ordinem
2234 2055 2469 2097 generationis.

1405 2102 1486 2132 Cum
1510 2101 1595 2132 enim
1609 2101 1729 2143 forma
1752 2102 1796 2132 sit
1817 2101 1924 2142 magis
1951 2106 2071 2132 natura
2099 2109 2196 2141 quam
2219 2100 2367 2135 materia,
2392 2108 2470 2130 con-

1403 2147 1581 2177 venientius
1603 2146 1724 2176 dicitur
1746 2151 1838 2176 actus
1860 2146 1960 2186 prior
1983 2150 2103 2176 natura
2126 2153 2223 2185 quam
2248 2144 2408 2184 potentia,
2433 2148 2470 2174 ut

1402 2190 1519 2221 dicitur
1540 2190 1692 2227 Quolibet
1707 2191 1746 2226 V,
1763 2199 1794 2230 q.
1811 2201 1841 2226 x,
1858 2200 1886 2220 a.
1907 2198 1919 2220 1
1940 2191 1967 2219 *z
1992 2195 2024 2220 et
2046 2190 2092 2220 sic
2111 2188 2193 2219 ordo
2210 2189 2266 2228 qui
2283 2194 2330 2219 est
2352 2197 2468 2218 secun-

1402 2235 1481 2266 dum
1504 2234 1654 2271 formam,
1678 2235 1810 2265 retinuit
1832 2235 1893 2265 sibi
1915 2243 2038 2264 nomen
2062 2233 2188 2264 ordinis
2204 2238 2343 2264 naturae
2350 2239 2362 2269 ;
2385 2231 2466 2262 ordo

1402 2285 1512 2310 autem
1535 2280 1593 2320 qui
1620 2285 1667 2310 est
1697 2278 1878 2309 secundum
1907 2279 2084 2314 materiam,
2108 2278 2239 2308 sortitus
2270 2282 2317 2307 est
2345 2285 2468 2307 nomen

1403 2324 1529 2355 ordinis
1550 2324 1775 2365 generationis
1798 2329 1830 2353 et
1851 2323 2015 2364 temporis.

1459 2378 1489 2399 2.
1512 2368 1565 2399 Ad
1587 2368 1725 2399 dubium
1748 2377 1825 2408 ergo
1848 2367 1965 2398 dicitur
1987 2365 2078 2407 quod
2105 2375 2163 2406 per
2186 2365 2334 2396 ordinem
2365 2365 2397 2394 in
2422 2373 2470 2394 es-

1401 2413 1502 2444 sendo
1526 2413 1675 2453 intelligit
1698 2412 1834 2443 Sanctus
1861 2412 2006 2442 Thomas
2029 2410 2178 2441 ordinem
2200 2415 2332 2440 naturae
2355 2417 2471 2439 secun-

1403 2457 1483 2488 dum
1504 2466 1607 2498 genus
1631 2466 1747 2488 causae
1770 2456 1936 2487 efficientis
1967 2461 1999 2486 et
2028 2454 2171 2485 formalis
2201 2453 2363 2484 absolute:
2396 2453 2473 2492 quia

1403 2511 1473 2533 esse
1488 2502 1642 2533 convenit
1663 2502 1710 2532 rei
1732 2500 1910 2541 productae
1926 2505 1958 2530 et
1980 2504 2113 2540 propter
2129 2498 2267 2529 formam
2287 2502 2318 2527 et
2339 2502 2473 2537 propter

1403 2546 1555 2577 efficiens.
1579 2546 1620 2576 Et
1643 2546 1689 2576 sic
1711 2544 1887 2576 accidentia
1917 2553 2001 2584 quae
2025 2549 2100 2573 sunt
2122 2542 2349 2582 dispositiones
2371 2546 2473 2571 mate-

1402 2591 1468 2621 riae
1491 2590 1532 2621 ad
1555 2589 1695 2620 formam
1717 2589 1959 2620 substantialem
1975 2593 2012 2619 ut
2027 2586 2080 2617 dat
2102 2586 2329 2627 perfectiorem
2351 2589 2470 2620 actum,

1404 2645 1480 2666 cum
1503 2639 1679 2674 sequantur
1702 2643 1770 2664 esse
1794 2633 1917 2664 formae
1939 2633 1974 2662 in
1989 2631 2122 2662 materia
2137 2630 2293 2665 absolute,
2316 2635 2471 2668 tanquam

1403 2679 1581 2710 accidentia
1604 2678 1837 2718 consequentia
1861 2676 2082 2716 compositum
2104 2684 2143 2705 ex
2158 2674 2290 2704 materia
2313 2678 2345 2703 et
2366 2672 2472 2703 forma

1403 2724 1499 2754 dante
1522 2732 1591 2753 esse
1615 2721 1795 2753 secundum
1817 2721 2004 2752 inferiorem
2027 2718 2172 2760 gradum,
2193 2723 2268 2748 sunt
2290 2717 2471 2757 posteriora

1403 2769 1437 2799 in
1461 2767 1596 2798 essendo
1619 2768 1689 2807 ipsa
1711 2766 1816 2797 forma
1839 2764 2047 2795 substantiali.
2065 2763 2117 2794 Sic
2141 2763 2227 2793 enim
2243 2766 2472 2801 comparantur

1404 2812 1445 2843 ad
1467 2812 1606 2843 formam
1636 2812 1719 2841 sicut
1742 2809 1875 2840 effectus
1905 2809 1945 2839 ad
1967 2817 2111 2839 causam:
2137 2806 2269 2837 effectus
2293 2810 2411 2841 autem,
2435 2810 2472 2834 ut

1404 2858 1460 2893 sic,
1485 2861 1532 2887 est
1555 2856 1716 2896 posterior
1743 2864 1800 2885 sua
1830 2863 1926 2884 causa
1952 2853 1985 2882 in
2009 2851 2146 2882 essendo
2176 2849 2355 2881 secundum
2386 2848 2471 2879 ordi-

1404 2911 1480 2932 nem
1503 2906 1636 2931 naturae
1659 2904 1691 2930 et
1714 2898 1919 2934 causalitatis;
1937 2897 2044 2927 omnis
2060 2896 2147 2926 enim
2163 2894 2295 2925 effectus
2317 2902 2471 2934 praesup-

1403 2946 1499 2986 ponit
1520 2953 1612 2975 suam
1636 2953 1766 2974 causam
1783 2952 1863 2979 esse,
1887 2942 1983 2972 etiam
1998 2941 2025 2971 si
2048 2941 2088 2970 sit
2103 2949 2179 2971 cum
2194 2940 2263 2979 ipsa
2279 2938 2374 2968 simul
2390 2943 2471 2968 tem-

1403 2999 1495 3030 pore.
1511 3007 1533 3012 -
1549 2987 1736 3020 Secundum
1752 2992 1860 3018 autem
1879 2985 2028 3016 ordinem
2050 2985 2084 3015 in
2106 2985 2158 3014 via
2173 2982 2398 3023 generationis,
2415 2982 2472 3021 qui

1405 3039 1452 3065 est
1476 3033 1557 3064 ordo
1581 3032 1761 3063 secundum
1784 3032 1942 3062 rationem
1959 3038 2073 3060 causae
2089 3028 2267 3063 materialis,
2292 3026 2404 3056 eadem
2420 3035 2472 3056 ac-

1405 3078 1544 3109 cidentia
1565 3075 1764 3118 praecedunt
1786 3077 1889 3116 ipsam
1913 3075 2051 3105 formam
2074 3073 2108 3103 in
2130 3072 2262 3102 materia
2284 3076 2320 3101 ut
2343 3070 2396 3101 dat
2422 3070 2471 3100 ul-

1405 3123 1557 3153 teriorem
1581 3127 1613 3152 et
1634 3120 1861 3162 perfectiorem
1883 3118 2029 3159 gradum.
2054 3117 2141 3148 Cum
2165 3117 2251 3147 enim
2275 3116 2339 3145 sint
2361 3114 2472 3154 dispo-

1404 3168 1537 3197 sitiones
1560 3166 1712 3196 materiae
1735 3170 1772 3195 ut
1794 3164 1955 3204 receptiva
1971 3168 2019 3193 est
2041 3161 2164 3192 formae
2181 3159 2360 3191 secundum
2380 3159 2472 3189 illum

1404 3210 1540 3252 gradum
1563 3210 1761 3245 ulteriorem,
1786 3209 1947 3249 pertinent
1969 3206 2010 3237 ad
2024 3215 2126 3246 genus
2150 3214 2263 3235 causae
2283 3203 2470 3243 materialis:

1406 3261 1438 3286 et
1461 3256 1506 3285 sic
1529 3253 1727 3295 praecedunt
1750 3252 1899 3288 formam,
1923 3252 2006 3281 sicut
2027 3250 2172 3290 potentia
2188 3247 2350 3290 praecedit
2364 3252 2473 3278 actum

1407 3305 1438 3330 et
1453 3298 1681 3339 imperfectum
1697 3296 1859 3338 praecedit
1873 3295 2065 3336 perfectum.
2078 3293 2183 3330 Unde,
2200 3294 2275 3323 licet
2289 3291 2473 3326 simulcum

1406 3344 1511 3374 forma
1533 3344 1567 3373 in
1589 3343 1721 3373 materia
1743 3340 1998 3375 introducantur,
2026 3338 2325 3379 praeintelliguntur
2353 3341 2472 3372 tamen,

1406 3394 1443 3419 ut
1465 3389 1521 3424 sic,
1545 3388 1634 3428 prius
1657 3386 1807 3417 materiae
1830 3385 1934 3415 inesse
1964 3392 2062 3423 quam
2093 3382 2197 3412 forma
2222 3381 2351 3411 uniatur
2373 3384 2473 3410 mate-

1406 3434 1471 3463 riae
1494 3431 1675 3462 secundum
1697 3431 1789 3460 illum
1816 3428 1950 3469 gradum
1974 3427 2014 3457 ad
2037 3436 2135 3467 quem
2159 3424 2402 3465 suscipiendum
2425 3425 2474 3454 in-

1407 3477 1596 3516 telliguntur
1618 3475 1800 3515 disponere.

1463 3521 1516 3551 Sic
1543 3530 1619 3560 ergo
1643 3524 1730 3560 patet
1757 3517 1847 3558 quod
1873 3516 1962 3547 nulla
1991 3520 2039 3546 est
2071 3513 2281 3545 contradictio
2309 3513 2343 3543 in
2369 3512 2474 3543 verbis

1408 3565 1516 3596 Sancti
1536 3565 1694 3599 Thomae,
1715 3571 1791 3592 cum
1813 3561 1918 3600 inquit
1941 3560 2008 3590 illas
2033 3558 2258 3598 dispositiones
2276 3556 2475 3597 praecedere

1399 3611 1551 3652 formam
1576 3609 1608 3638 in
1633 3608 1685 3638 via
1701 3605 1934 3648 generationis,
1958 3609 1990 3634 et
2012 3609 2121 3634 tamen
2137 3611 2205 3633 esse
2222 3601 2424 3642 posteriores
2441 3601 2473 3630 in

1410 3654 1554 3685 essendo.

2494 2195 2503 2204 ·
2517 2195 2555 2216 Al.
2571 2194 2662 2222 Quodi.
2677 2194 2707 2222 v,

2493 2225 2536 2243 art.
2549 2227 2581 2249 ¹9·
