<?xml version="1.0" encoding="UTF-8"?>
<!DOCTYPE html PUBLIC "-//W3C//DTD XHTML 1.0 Transitional//EN"
    "http://www.w3.org/TR/xhtml1/DTD/xhtml1-transitional.dtd">
<html xmlns="http://www.w3.org/1999/xhtml" xml:lang="en" lang="en">
 <head>
  <title>
</title>
<meta http-equiv="Content-Type" content="text/html;charset=utf-8" />
  <meta name='ocr-system' content='tesseract 3.04.00' />
  <meta name='ocr-capabilities' content='ocr_page ocr_carea ocr_par ocr_line ocrx_word'/>
</head>
<body>
  <div class='ocr_page' id='page_1' title='image "./operaomniaiussui13thom_0424.png"; bbox 0 0 2768 4134; ppageno 0'>
   <div class='ocr_carea' id='block_1_1' title="bbox 39 708 208 735">
    <p class='ocr_par' dir='ltr' id='par_1_1' title="bbox 39 708 208 735">
     <span class='ocr_line' id='line_1_1' title="bbox 39 708 208 735; baseline -0.006 -5"><span class='ocrx_word' id='word_1_1' title='bbox 39 710 49 718; x_wconf 78' lang='lat'><strong>·</strong></span> <span class='ocrx_word' id='word_1_2' title='bbox 64 708 119 735; x_wconf 82' lang='lat' dir='ltr'>Cap.</span> <span class='ocrx_word' id='word_1_3' title='bbox 136 714 208 729; x_wconf 77' lang='lat' dir='ltr'>xxxu.</span> 
     </span>
    </p>
   </div>
   <div class='ocr_carea' id='block_1_2' title="bbox 33 2714 246 2769">
    <p class='ocr_par' dir='ltr' id='par_1_2' title="bbox 33 2714 246 2769">
     <span class='ocr_line' id='line_1_2' title="bbox 34 2714 246 2736; baseline -0.005 0"><span class='ocrx_word' id='word_1_4' title='bbox 34 2716 43 2725; x_wconf 86' lang='lat'><strong>·</strong></span> <span class='ocrx_word' id='word_1_5' title='bbox 58 2714 94 2736; x_wconf 73' lang='lat' dir='ltr'>Cf.</span> <span class='ocrx_word' id='word_1_6' title='bbox 114 2714 246 2736; x_wconf 72' lang='lat' dir='ltr'>Comment.</span> 
     </span>
     <span class='ocr_line' id='line_1_3' title="bbox 33 2747 226 2769; baseline 0 -7"><span class='ocrx_word' id='word_1_7' title='bbox 33 2747 84 2769; x_wconf 75' lang='lat' dir='ltr'>cap.</span> <span class='ocrx_word' id='word_1_8' title='bbox 99 2747 147 2767; x_wconf 78' lang='lat' dir='ltr'>xvi,</span> <span class='ocrx_word' id='word_1_9' title='bbox 162 2747 183 2763; x_wconf 86' lang='lat' dir='ltr'>n.</span> <span class='ocrx_word' id='word_1_10' title='bbox 196 2747 226 2762; x_wconf 89' lang='lat' dir='ltr'>v1.</span> 
     </span>
    </p>
   </div>
   <div class='ocr_carea' id='block_1_3' title="bbox 285 317 361 355">
    <p class='ocr_par' dir='ltr' id='par_1_3' title="bbox 285 317 361 355">
     <span class='ocr_line' id='line_1_4' title="bbox 285 317 361 355; baseline -0.013 0"><span class='ocrx_word' id='word_1_11' title='bbox 285 317 361 355; x_wconf 83' lang='lat'>350</span> 
     </span>
    </p>
   </div>
   <div class='ocr_carea' id='block_1_4' title="bbox 1043 434 1381 467">
    <p class='ocr_par' dir='ltr' id='par_1_4' title="bbox 1043 434 1381 467">
     <span class='ocr_line' id='line_1_5' title="bbox 1043 434 1381 467; baseline -0.003 0"><span class='ocrx_word' id='word_1_12' title='bbox 1043 434 1381 467; x_wconf 58' lang='lat' dir='ltr'>Commentario»</span> 
     </span>
    </p>
   </div>
   <div class='ocr_carea' id='block_1_5' title="bbox 286 522 1356 609">
    <p class='ocr_par' dir='ltr' id='par_1_5' title="bbox 286 522 1356 609">
     <span class='ocr_line' id='line_1_6' title="bbox 338 522 1356 566; baseline -0.007 -7"><span class='ocrx_word' id='word_1_13' title='bbox 338 538 434 560; x_wconf 80' lang='lat' dir='ltr'>osu-rs</span> <span class='ocrx_word' id='word_1_14' title='bbox 458 528 635 558; x_wconf 90' lang='lat' dir='ltr'>rationibus</span> <span class='ocrx_word' id='word_1_15' title='bbox 659 535 774 557; x_wconf 90' lang='lat' dir='ltr'>eorum</span> <span class='ocrx_word' id='word_1_16' title='bbox 803 526 859 566; x_wconf 91' lang='lat' dir='ltr'>qui</span> <span class='ocrx_word' id='word_1_17' title='bbox 892 524 1114 556; x_wconf 86' lang='lat' dir='ltr'>aeternitatem</span> <span class='ocrx_word' id='word_1_18' title='bbox 1137 522 1253 553; x_wconf 91' lang='lat' dir='ltr'>mundi</span> <span class='ocrx_word' id='word_1_19' title='bbox 1280 532 1356 564; x_wconf 93' lang='lat' dir='ltr'>pro-</span> 
     </span>
     <span class='ocr_line' id='line_1_7' title="bbox 286 542 1356 609; baseline -0.007 -5"><span class='ocrx_word' id='word_1_20' title='bbox 286 542 335 604; x_wconf 82' lang='grc' dir='ltr'><em>Ρ</em></span> <span class='ocrx_word' id='word_1_21' title='bbox 338 575 412 604; x_wconf 86' lang='lat' dir='ltr'>bare</span> <span class='ocrx_word' id='word_1_22' title='bbox 435 572 619 609; x_wconf 89' lang='lat' dir='ltr'>voluerunt,</span> <span class='ocrx_word' id='word_1_23' title='bbox 644 571 684 602; x_wconf 90' lang='lat' dir='ltr'>ad</span> <span class='ocrx_word' id='word_1_24' title='bbox 708 580 819 602; x_wconf 89' lang='lat' dir='ltr'>earum</span> <span class='ocrx_word' id='word_1_25' title='bbox 843 570 1041 601; x_wconf 92' lang='lat' dir='ltr'>solutionem</span> <span class='ocrx_word' id='word_1_26' title='bbox 1068 567 1192 598; x_wconf 91' lang='lat' dir='ltr'>accedit</span> <span class='ocrx_word' id='word_1_27' title='bbox 1219 567 1356 598; x_wconf 90' lang='lat' dir='ltr'>Sanctus</span> 
     </span>
    </p>
   </div>
   <div class='ocr_carea' id='block_1_6' title="bbox 41 612 1355 674">
    <p class='ocr_par' dir='ltr' id='par_1_6' title="bbox 41 612 1355 674">
     <span class='ocr_line' id='line_1_8' title="bbox 41 612 1355 674; baseline -0.005 -25"><span class='ocrx_word' id='word_1_28' title='bbox 41 620 253 674; x_wconf 47' lang='lat' dir='ltr'>Zagf-xgqpq‘1521·</span> <span class='ocrx_word' id='word_1_29' title='bbox 282 619 428 649; x_wconf 89' lang='lat' dir='ltr'>Thomas</span> <span class='ocrx_word' id='word_1_30' title='bbox 438 618 465 647; x_wconf 73' lang='lat'>*.</span> <span class='ocrx_word' id='word_1_31' title='bbox 483 616 578 648; x_wconf 89' lang='lat' dir='ltr'>Circa</span> <span class='ocrx_word' id='word_1_32' title='bbox 590 616 679 657; x_wconf 90' lang='lat' dir='ltr'>quod</span> <span class='ocrx_word' id='word_1_33' title='bbox 695 616 754 646; x_wconf 90' lang='lat' dir='ltr'>tria</span> <span class='ocrx_word' id='word_1_34' title='bbox 770 614 860 646; x_wconf 87' lang='lat' dir='ltr'>facit:</span> <span class='ocrx_word' id='word_1_35' title='bbox 878 615 960 645; x_wconf 89' lang='lat' dir='ltr'>sicut</span> <span class='ocrx_word' id='word_1_36' title='bbox 977 619 1007 643; x_wconf 92' lang='lat' dir='ltr'>et</span> <span class='ocrx_word' id='word_1_37' title='bbox 1022 613 1163 643; x_wconf 86' lang='lat' dir='ltr'>rationes</span> <span class='ocrx_word' id='word_1_38' title='bbox 1180 612 1355 643; x_wconf 87' lang='lat' dir='ltr'>solvendae</span> 
     </span>
     <span class='ocr_line' id='line_1_9' title="bbox 87 662 239 673; baseline -0.007 -5"><span class='ocrx_word' id='word_1_39' title='bbox 87 664 91 668; x_wconf 95' lang='lat'>.</span> <span class='ocrx_word' id='word_1_40' title='bbox 170 662 175 673; x_wconf 92' lang='lat'>‚</span> <span class='ocrx_word' id='word_1_41' title='bbox 234 662 239 667; x_wconf 94' lang='lat'>.</span> 
     </span>
    </p>
   </div>
   <div class='ocr_carea' id='block_1_7' title="bbox 272 660 1355 3732">
    <p class='ocr_par' dir='ltr' id='par_1_7' title="bbox 281 660 764 703">
     <span class='ocr_line' id='line_1_10' title="bbox 281 660 764 703; baseline -0.008 -9"><span class='ocrx_word' id='word_1_42' title='bbox 281 664 314 694; x_wconf 90' lang='lat' dir='ltr'>in</span> <span class='ocrx_word' id='word_1_43' title='bbox 338 662 456 703; x_wconf 89' lang='lat' dir='ltr'>triplici</span> <span class='ocrx_word' id='word_1_44' title='bbox 479 660 657 692; x_wconf 85' lang='lat' dir='ltr'>differentia</span> <span class='ocrx_word' id='word_1_45' title='bbox 680 666 764 691; x_wconf 87' lang='lat' dir='ltr'>sunt.</span> 
     </span>
    </p>

    <p class='ocr_par' dir='ltr' id='par_1_8' title="bbox 337 701 1354 747">
     <span class='ocr_line' id='line_1_11' title="bbox 337 701 1354 747; baseline -0.006 -10"><span class='ocrx_word' id='word_1_46' title='bbox 337 707 359 737; x_wconf 92' lang='lat'>1.</span> <span class='ocrx_word' id='word_1_47' title='bbox 384 707 493 737; x_wconf 91' lang='lat' dir='ltr'>Primo</span> <span class='ocrx_word' id='word_1_48' title='bbox 518 715 595 747; x_wconf 88' lang='lat' dir='ltr'>ergo</span> <span class='ocrx_word' id='word_1_49' title='bbox 618 706 758 736; x_wconf 90' lang='lat' dir='ltr'>rationes</span> <span class='ocrx_word' id='word_1_50' title='bbox 783 715 821 735; x_wconf 89' lang='lat' dir='ltr'>ex</span> <span class='ocrx_word' id='word_1_51' title='bbox 844 709 934 745; x_wconf 87' lang='lat' dir='ltr'>parte</span> <span class='ocrx_word' id='word_1_52' title='bbox 961 703 1022 733; x_wconf 91' lang='lat' dir='ltr'>Dei</span> <span class='ocrx_word' id='word_1_53' title='bbox 1049 706 1194 742; x_wconf 84' lang='lat' dir='ltr'>sumptas</span> <span class='ocrx_word' id='word_1_54' title='bbox 1207 702 1224 718; x_wconf 69' lang='lat'>³*</span> <span class='ocrx_word' id='word_1_55' title='bbox 1247 701 1354 732; x_wconf 92' lang='lat' dir='ltr'>solvit.</span> 
     </span>
    </p>

    <p class='ocr_par' dir='ltr' id='par_1_9' title="bbox 279 746 1355 961">
     <span class='ocr_line' id='line_1_12' title="bbox 336 746 1355 791; baseline -0.005 -10"><span class='ocrx_word' id='word_1_56' title='bbox 336 752 377 782; x_wconf 92' lang='lat' dir='ltr'>Et</span> <span class='ocrx_word' id='word_1_57' title='bbox 400 751 444 782; x_wconf 84' lang='lat' dir='ltr'>ad</span> <span class='ocrx_word' id='word_1_58' title='bbox 460 751 615 791; x_wconf 83' lang='lat' dir='ltr'><em>primam,</em></span> <span class='ocrx_word' id='word_1_59' title='bbox 639 750 745 790; x_wconf 92' lang='lat' dir='ltr'>inquit</span> <span class='ocrx_word' id='word_1_60' title='bbox 773 749 863 790; x_wconf 93' lang='lat' dir='ltr'>quod</span> <span class='ocrx_word' id='word_1_61' title='bbox 893 757 961 778; x_wconf 92' lang='lat' dir='ltr'>non</span> <span class='ocrx_word' id='word_1_62' title='bbox 988 751 1119 787; x_wconf 87' lang='lat' dir='ltr'>oportet</span> <span class='ocrx_word' id='word_1_63' title='bbox 1145 746 1255 777; x_wconf 89' lang='lat' dir='ltr'>Deum</span> <span class='ocrx_word' id='word_1_64' title='bbox 1281 755 1355 777; x_wconf 91' lang='lat' dir='ltr'>mu-</span> 
     </span>
     <span class='ocr_line' id='line_1_13' title="bbox 279 790 1355 836; baseline -0.004 -10"><span class='ocrx_word' id='word_1_65' title='bbox 279 796 338 826; x_wconf 88' lang='lat' dir='ltr'>tari</span> <span class='ocrx_word' id='word_1_66' title='bbox 362 805 420 836; x_wconf 90' lang='lat' dir='ltr'>per</span> <span class='ocrx_word' id='word_1_67' title='bbox 443 804 477 826; x_wconf 90' lang='lat' dir='ltr'>se</span> <span class='ocrx_word' id='word_1_68' title='bbox 501 802 556 826; x_wconf 85' lang='lat' dir='ltr'>aut</span> <span class='ocrx_word' id='word_1_69' title='bbox 578 804 636 835; x_wconf 92' lang='lat' dir='ltr'>per</span> <span class='ocrx_word' id='word_1_70' title='bbox 660 794 808 825; x_wconf 89' lang='lat' dir='ltr'>accidens</span> <span class='ocrx_word' id='word_1_71' title='bbox 832 804 870 824; x_wconf 86' lang='lat' dir='ltr'>ex</span> <span class='ocrx_word' id='word_1_72' title='bbox 893 791 1104 832; x_wconf 84' lang='lat' dir='ltr'>incoeptione</span> <span class='ocrx_word' id='word_1_73' title='bbox 1128 790 1261 822; x_wconf 86' lang='lat' dir='ltr'>effectus</span> <span class='ocrx_word' id='word_1_74' title='bbox 1286 791 1355 822; x_wconf 90' lang='lat' dir='ltr'>eius</span> 
     </span>
     <span class='ocr_line' id='line_1_14' title="bbox 280 835 1352 873; baseline -0.006 -2"><span class='ocrx_word' id='word_1_75' title='bbox 280 841 320 872; x_wconf 92' lang='lat' dir='ltr'>de</span> <span class='ocrx_word' id='word_1_76' title='bbox 336 850 440 871; x_wconf 93' lang='lat' dir='ltr'>novo:</span> <span class='ocrx_word' id='word_1_77' title='bbox 467 849 543 870; x_wconf 91' lang='lat' dir='ltr'>cum</span> <span class='ocrx_word' id='word_1_78' title='bbox 566 850 623 870; x_wconf 88' lang='lat' dir='ltr'>sua</span> <span class='ocrx_word' id='word_1_79' title='bbox 639 840 723 869; x_wconf 90' lang='lat' dir='ltr'>actio</span> <span class='ocrx_word' id='word_1_80' title='bbox 739 848 807 869; x_wconf 90' lang='lat' dir='ltr'>non</span> <span class='ocrx_word' id='word_1_81' title='bbox 823 839 862 868; x_wconf 86' lang='lat' dir='ltr'>sit</span> <span class='ocrx_word' id='word_1_82' title='bbox 878 846 974 873; x_wconf 88' lang='lat' dir='ltr'>nova,</span> <span class='ocrx_word' id='word_1_83' title='bbox 990 835 1047 866; x_wconf 92' lang='lat' dir='ltr'>sed</span> <span class='ocrx_word' id='word_1_84' title='bbox 1063 836 1103 866; x_wconf 88' lang='lat' dir='ltr'>sit</span> <span class='ocrx_word' id='word_1_85' title='bbox 1119 836 1188 866; x_wconf 92' lang='lat' dir='ltr'>eius</span> <span class='ocrx_word' id='word_1_86' title='bbox 1205 836 1352 866; x_wconf 88' lang='lat' dir='ltr'>essentia.</span> 
     </span>
     <span class='ocr_line' id='line_1_15' title="bbox 279 881 1354 921; baseline -0.006 -5"><span class='ocrx_word' id='word_1_87' title='bbox 279 885 414 916; x_wconf 87' lang='lat' dir='ltr'>Novitas</span> <span class='ocrx_word' id='word_1_88' title='bbox 431 885 518 915; x_wconf 90' lang='lat' dir='ltr'>enim</span> <span class='ocrx_word' id='word_1_89' title='bbox 534 884 666 916; x_wconf 91' lang='lat' dir='ltr'>effectus</span> <span class='ocrx_word' id='word_1_90' title='bbox 689 883 809 914; x_wconf 90' lang='lat' dir='ltr'>indicat</span> <span class='ocrx_word' id='word_1_91' title='bbox 831 882 1047 913; x_wconf 88' lang='lat' dir='ltr'>mutationem</span> <span class='ocrx_word' id='word_1_92' title='bbox 1070 881 1194 921; x_wconf 86' lang='lat' dir='ltr'>agentis</span> <span class='ocrx_word' id='word_1_93' title='bbox 1215 881 1354 921; x_wconf 90' lang='lat' dir='ltr'>inquan-</span> 
     </span>
     <span class='ocr_line' id='line_1_16' title="bbox 279 927 944 961; baseline -0.008 0"><span class='ocrx_word' id='word_1_94' title='bbox 279 936 351 961; x_wconf 90' lang='lat' dir='ltr'>tum</span> <span class='ocrx_word' id='word_1_95' title='bbox 374 929 572 960; x_wconf 85' lang='lat' dir='ltr'>demonstrat</span> <span class='ocrx_word' id='word_1_96' title='bbox 595 928 774 960; x_wconf 88' lang='lat' dir='ltr'>novitatem</span> <span class='ocrx_word' id='word_1_97' title='bbox 798 927 944 958; x_wconf 89' lang='lat' dir='ltr'>actionis.</span> 
     </span>
    </p>

    <p class='ocr_par' dir='ltr' id='par_1_10' title="bbox 276 969 1354 1460">
     <span class='ocr_line' id='line_1_17' title="bbox 336 969 1352 1013; baseline -0.005 -8"><span class='ocrx_word' id='word_1_98' title='bbox 336 975 373 1006; x_wconf 93' lang='lat'>11.</span> <span class='ocrx_word' id='word_1_99' title='bbox 390 974 441 1004; x_wconf 86' lang='lat' dir='ltr'>Ad</span> <span class='ocrx_word' id='word_1_100' title='bbox 455 974 640 1010; x_wconf 84' lang='lat' dir='ltr'>secundam,</span> <span class='ocrx_word' id='word_1_101' title='bbox 658 974 701 1003; x_wconf 90' lang='lat' dir='ltr'>ait</span> <span class='ocrx_word' id='word_1_102' title='bbox 717 972 817 1013; x_wconf 93' lang='lat' dir='ltr'>quod,</span> <span class='ocrx_word' id='word_1_103' title='bbox 834 972 909 1002; x_wconf 92' lang='lat' dir='ltr'>licet</span> <span class='ocrx_word' id='word_1_104' title='bbox 932 970 1017 1001; x_wconf 89' lang='lat' dir='ltr'>actio</span> <span class='ocrx_word' id='word_1_105' title='bbox 1034 969 1142 1000; x_wconf 91' lang='lat' dir='ltr'>divina</span> <span class='ocrx_word' id='word_1_106' title='bbox 1158 970 1198 1000; x_wconf 93' lang='lat' dir='ltr'>sit</span> <span class='ocrx_word' id='word_1_107' title='bbox 1213 975 1352 1007; x_wconf 89' lang='lat' dir='ltr'>aetema‚</span> 
     </span>
     <span class='ocr_line' id='line_1_18' title="bbox 279 1014 1353 1059; baseline -0.005 -9"><span class='ocrx_word' id='word_1_108' title='bbox 279 1029 348 1050; x_wconf 91' lang='lat' dir='ltr'>non</span> <span class='ocrx_word' id='word_1_109' title='bbox 363 1025 471 1050; x_wconf 89' lang='lat' dir='ltr'>tamen</span> <span class='ocrx_word' id='word_1_110' title='bbox 488 1024 618 1059; x_wconf 91' lang='lat' dir='ltr'>oportet</span> <span class='ocrx_word' id='word_1_111' title='bbox 634 1024 669 1048; x_wconf 93' lang='lat' dir='ltr'>ut</span> <span class='ocrx_word' id='word_1_112' title='bbox 686 1018 754 1048; x_wconf 89' lang='lat' dir='ltr'>eius</span> <span class='ocrx_word' id='word_1_113' title='bbox 771 1016 904 1047; x_wconf 84' lang='lat' dir='ltr'>effectus</span> <span class='ocrx_word' id='word_1_114' title='bbox 923 1016 963 1046; x_wconf 91' lang='lat' dir='ltr'>sit</span> <span class='ocrx_word' id='word_1_115' title='bbox 982 1020 1141 1046; x_wconf 86' lang='lat' dir='ltr'>aeternus.</span> <span class='ocrx_word' id='word_1_116' title='bbox 1161 1014 1249 1052; x_wconf 83' lang='lat' dir='ltr'>Quia</span> <span class='ocrx_word' id='word_1_117' title='bbox 1263 1014 1353 1045; x_wconf 90' lang='lat' dir='ltr'>Deus</span> 
     </span>
     <span class='ocr_line' id='line_1_19' title="bbox 278 1058 1354 1104; baseline -0.005 -10"><span class='ocrx_word' id='word_1_118' title='bbox 278 1064 459 1094; x_wconf 80' lang='lat' dir='ltr'>voluntarie</span> <span class='ocrx_word' id='word_1_119' title='bbox 478 1064 542 1104; x_wconf 89' lang='lat' dir='ltr'>agit</span> <span class='ocrx_word' id='word_1_120' title='bbox 557 1064 590 1093; x_wconf 93' lang='lat' dir='ltr'>in</span> <span class='ocrx_word' id='word_1_121' title='bbox 609 1071 716 1093; x_wconf 91' lang='lat' dir='ltr'>rerum</span> <span class='ocrx_word' id='word_1_122' title='bbox 739 1061 973 1102; x_wconf 91' lang='lat' dir='ltr'>productione:</span> <span class='ocrx_word' id='word_1_123' title='bbox 998 1069 1067 1090; x_wconf 91' lang='lat' dir='ltr'>non</span> <span class='ocrx_word' id='word_1_124' title='bbox 1084 1058 1175 1100; x_wconf 92' lang='lat' dir='ltr'>quod</span> <span class='ocrx_word' id='word_1_125' title='bbox 1191 1060 1231 1090; x_wconf 88' lang='lat' dir='ltr'>sit</span> <span class='ocrx_word' id='word_1_126' title='bbox 1246 1059 1354 1100; x_wconf 91' lang='lat' dir='ltr'>aliqua</span> 
     </span>
     <span class='ocr_line' id='line_1_20' title="bbox 279 1103 1354 1140; baseline -0.005 -1"><span class='ocrx_word' id='word_1_127' title='bbox 279 1109 364 1139; x_wconf 87' lang='lat' dir='ltr'>actio</span> <span class='ocrx_word' id='word_1_128' title='bbox 387 1107 493 1138; x_wconf 89' lang='lat' dir='ltr'>media</span> <span class='ocrx_word' id='word_1_129' title='bbox 516 1108 599 1138; x_wconf 90' lang='lat' dir='ltr'>inter</span> <span class='ocrx_word' id='word_1_130' title='bbox 622 1112 730 1138; x_wconf 89' lang='lat' dir='ltr'>actum</span> <span class='ocrx_word' id='word_1_131' title='bbox 754 1106 929 1136; x_wconf 89' lang='lat' dir='ltr'>voluntatis</span> <span class='ocrx_word' id='word_1_132' title='bbox 954 1105 1023 1135; x_wconf 90' lang='lat' dir='ltr'>eius</span> <span class='ocrx_word' id='word_1_133' title='bbox 1047 1110 1079 1135; x_wconf 93' lang='lat' dir='ltr'>et</span> <span class='ocrx_word' id='word_1_134' title='bbox 1103 1103 1272 1140; x_wconf 65' lang='lat' dir='ltr'>effectum</span> <span class='ocrx_word' id='word_1_135' title='bbox 1297 1103 1354 1135; x_wconf 92' lang='lat' dir='ltr'>sed</span> 
     </span>
     <span class='ocr_line' id='line_1_21' title="bbox 279 1148 1353 1192; baseline -0.005 -9"><span class='ocrx_word' id='word_1_136' title='bbox 279 1162 375 1183; x_wconf 91' lang='lat' dir='ltr'>suum</span> <span class='ocrx_word' id='word_1_137' title='bbox 398 1152 575 1192; x_wconf 89' lang='lat' dir='ltr'>intelligere</span> <span class='ocrx_word' id='word_1_138' title='bbox 599 1157 630 1182; x_wconf 91' lang='lat' dir='ltr'>et</span> <span class='ocrx_word' id='word_1_139' title='bbox 654 1151 735 1182; x_wconf 90' lang='lat' dir='ltr'>velle</span> <span class='ocrx_word' id='word_1_140' title='bbox 760 1155 807 1181; x_wconf 89' lang='lat' dir='ltr'>est</span> <span class='ocrx_word' id='word_1_141' title='bbox 830 1159 928 1181; x_wconf 90' lang='lat' dir='ltr'>suum</span> <span class='ocrx_word' id='word_1_142' title='bbox 951 1158 1055 1190; x_wconf 84' lang='lat' dir='ltr'>agere.</span> <span class='ocrx_word' id='word_1_143' title='bbox 1080 1148 1224 1180; x_wconf 85' lang='lat' dir='ltr'>Effectus</span> <span class='ocrx_word' id='word_1_144' title='bbox 1243 1154 1353 1179; x_wconf 89' lang='lat' dir='ltr'>autem</span> 
     </span>
     <span class='ocr_line' id='line_1_22' title="bbox 278 1193 1353 1235; baseline -0.004 -8"><span class='ocrx_word' id='word_1_145' title='bbox 278 1198 318 1227; x_wconf 90' lang='lat' dir='ltr'>ab</span> <span class='ocrx_word' id='word_1_146' title='bbox 340 1197 506 1228; x_wconf 90' lang='lat' dir='ltr'>intellectu</span> <span class='ocrx_word' id='word_1_147' title='bbox 530 1202 562 1227; x_wconf 92' lang='lat' dir='ltr'>et</span> <span class='ocrx_word' id='word_1_148' title='bbox 584 1196 751 1227; x_wconf 88' lang='lat' dir='ltr'>voluntate</span> <span class='ocrx_word' id='word_1_149' title='bbox 780 1196 927 1235; x_wconf 91' lang='lat' dir='ltr'>sequitur</span> <span class='ocrx_word' id='word_1_150' title='bbox 954 1193 1136 1225; x_wconf 89' lang='lat' dir='ltr'>secundum</span> <span class='ocrx_word' id='word_1_151' title='bbox 1159 1193 1353 1224; x_wconf 89' lang='lat' dir='ltr'>determina-</span> 
     </span>
     <span class='ocr_line' id='line_1_23' title="bbox 277 1238 1353 1281; baseline -0.003 -9"><span class='ocrx_word' id='word_1_152' title='bbox 277 1242 402 1272; x_wconf 85' lang='lat' dir='ltr'>tionem</span> <span class='ocrx_word' id='word_1_153' title='bbox 420 1242 602 1279; x_wconf 81' lang='lat' dir='ltr'>intellectus</span> <span class='ocrx_word' id='word_1_154' title='bbox 618 1246 649 1271; x_wconf 90' lang='lat' dir='ltr'>et</span> <span class='ocrx_word' id='word_1_155' title='bbox 664 1241 839 1281; x_wconf 90' lang='lat' dir='ltr'>imperium</span> <span class='ocrx_word' id='word_1_156' title='bbox 857 1239 1043 1271; x_wconf 87' lang='lat' dir='ltr'>voluntatis.</span> <span class='ocrx_word' id='word_1_157' title='bbox 1068 1239 1129 1270; x_wconf 92' lang='lat' dir='ltr'>Per</span> <span class='ocrx_word' id='word_1_158' title='bbox 1151 1238 1353 1270; x_wconf 91' lang='lat' dir='ltr'>intellectum</span> 
     </span>
     <span class='ocr_line' id='line_1_24' title="bbox 277 1283 1353 1326; baseline -0.003 -10"><span class='ocrx_word' id='word_1_159' title='bbox 277 1292 387 1317; x_wconf 88' lang='lat' dir='ltr'>autem</span> <span class='ocrx_word' id='word_1_160' title='bbox 409 1285 634 1326; x_wconf 86' lang='lat' dir='ltr'>praescribitur</span> <span class='ocrx_word' id='word_1_161' title='bbox 656 1286 703 1316; x_wconf 92' lang='lat' dir='ltr'>rei</span> <span class='ocrx_word' id='word_1_162' title='bbox 732 1284 899 1316; x_wconf 84' lang='lat' dir='ltr'>faciendae</span> <span class='ocrx_word' id='word_1_163' title='bbox 928 1290 1069 1324; x_wconf 81' lang='lat' dir='ltr'>tempus,</span> <span class='ocrx_word' id='word_1_164' title='bbox 1100 1283 1142 1314; x_wconf 88' lang='lat' dir='ltr'>Et</span> <span class='ocrx_word' id='word_1_165' title='bbox 1169 1283 1244 1314; x_wconf 93' lang='lat' dir='ltr'>ideo</span> <span class='ocrx_word' id='word_1_166' title='bbox 1272 1284 1353 1314; x_wconf 89' lang='lat' dir='ltr'>nihil</span> 
     </span>
     <span class='ocr_line' id='line_1_25' title="bbox 276 1327 1353 1371; baseline -0.003 -10"><span class='ocrx_word' id='word_1_167' title='bbox 276 1331 426 1371; x_wconf 89' lang='lat' dir='ltr'>prohibet</span> <span class='ocrx_word' id='word_1_168' title='bbox 450 1330 555 1361; x_wconf 89' lang='lat' dir='ltr'>dicere</span> <span class='ocrx_word' id='word_1_169' title='bbox 579 1330 742 1361; x_wconf 87' lang='lat' dir='ltr'>actionem</span> <span class='ocrx_word' id='word_1_170' title='bbox 766 1329 828 1361; x_wconf 92' lang='lat' dir='ltr'>Dei</span> <span class='ocrx_word' id='word_1_171' title='bbox 851 1330 890 1360; x_wconf 92' lang='lat' dir='ltr'>ab</span> <span class='ocrx_word' id='word_1_172' title='bbox 915 1334 1046 1360; x_wconf 88' lang='lat' dir='ltr'>aeterno</span> <span class='ocrx_word' id='word_1_173' title='bbox 1071 1327 1180 1365; x_wconf 85' lang='lat' dir='ltr'>fuisse,</span> <span class='ocrx_word' id='word_1_174' title='bbox 1200 1327 1353 1359; x_wconf 90' lang='lat' dir='ltr'>effectum</span> 
     </span>
     <span class='ocr_line' id='line_1_26' title="bbox 277 1373 1352 1412; baseline -0.003 -6"><span class='ocrx_word' id='word_1_175' title='bbox 277 1380 386 1406; x_wconf 89' lang='lat' dir='ltr'>autem</span> <span class='ocrx_word' id='word_1_176' title='bbox 410 1376 478 1406; x_wconf 89' lang='lat' dir='ltr'>eius</span> <span class='ocrx_word' id='word_1_177' title='bbox 508 1384 575 1406; x_wconf 90' lang='lat' dir='ltr'>non</span> <span class='ocrx_word' id='word_1_178' title='bbox 609 1376 648 1405; x_wconf 91' lang='lat' dir='ltr'>ab</span> <span class='ocrx_word' id='word_1_179' title='bbox 679 1380 822 1412; x_wconf 88' lang='lat' dir='ltr'>aeterno,</span> <span class='ocrx_word' id='word_1_180' title='bbox 847 1373 903 1405; x_wconf 90' lang='lat' dir='ltr'>sed</span> <span class='ocrx_word' id='word_1_181' title='bbox 936 1379 1014 1404; x_wconf 91' lang='lat' dir='ltr'>tunc</span> <span class='ocrx_word' id='word_1_182' title='bbox 1046 1382 1121 1404; x_wconf 92' lang='lat' dir='ltr'>cum</span> <span class='ocrx_word' id='word_1_183' title='bbox 1152 1373 1191 1403; x_wconf 90' lang='lat' dir='ltr'>ab</span> <span class='ocrx_word' id='word_1_184' title='bbox 1220 1378 1352 1404; x_wconf 90' lang='lat' dir='ltr'>aeterno</span> 
     </span>
     <span class='ocr_line' id='line_1_27' title="bbox 278 1419 447 1460; baseline 0 -10"><span class='ocrx_word' id='word_1_185' title='bbox 278 1419 447 1460; x_wconf 86' lang='lat' dir='ltr'>disposuit.</span> 
     </span>
    </p>

    <p class='ocr_par' dir='ltr' id='par_1_11' title="bbox 276 1461 1355 1853">
     <span class='ocr_line' id='line_1_28' title="bbox 335 1461 1355 1504; baseline -0.003 -9"><span class='ocrx_word' id='word_1_186' title='bbox 335 1474 364 1496; x_wconf 79' lang='lat'>2.</span> <span class='ocrx_word' id='word_1_187' title='bbox 385 1464 480 1495; x_wconf 89' lang='lat' dir='ltr'>Circa</span> <span class='ocrx_word' id='word_1_188' title='bbox 495 1464 527 1495; x_wconf 93' lang='lat' dir='ltr'>id</span> <span class='ocrx_word' id='word_1_189' title='bbox 544 1463 634 1504; x_wconf 91' lang='lat' dir='ltr'>quod</span> <span class='ocrx_word' id='word_1_190' title='bbox 651 1463 778 1500; x_wconf 91' lang='lat' dir='ltr'>dicitur,</span> <span class='ocrx_word' id='word_1_191' title='bbox 799 1463 900 1504; x_wconf 91' lang='lat' dir='ltr'>quod,</span> <span class='ocrx_word' id='word_1_192' title='bbox 918 1462 1065 1504; x_wconf 81' lang='lat' dir='ltr'>quamvis</span> <span class='ocrx_word' id='word_1_193' title='bbox 1081 1462 1166 1493; x_wconf 86' lang='lat' dir='ltr'>actio</span> <span class='ocrx_word' id='word_1_194' title='bbox 1183 1461 1295 1493; x_wconf 81' lang='lat' dir='ltr'>divina</span> <span class='ocrx_word' id='word_1_195' title='bbox 1312 1462 1355 1493; x_wconf 81' lang='lat' dir='ltr'>sit</span> 
     </span>
     <span class='ocr_line' id='line_1_29' title="bbox 277 1507 1351 1549; baseline -0.003 -9"><span class='ocrx_word' id='word_1_196' title='bbox 277 1515 421 1546; x_wconf 84' lang='lat' dir='ltr'>aeterna,</span> <span class='ocrx_word' id='word_1_197' title='bbox 446 1514 552 1540; x_wconf 84' lang='lat' dir='ltr'>tamen</span> <span class='ocrx_word' id='word_1_198' title='bbox 584 1518 650 1539; x_wconf 84' lang='lat' dir='ltr'>non</span> <span class='ocrx_word' id='word_1_199' title='bbox 682 1514 730 1539; x_wconf 83' lang='lat' dir='ltr'>est</span> <span class='ocrx_word' id='word_1_200' title='bbox 759 1518 887 1540; x_wconf 83' lang='lat' dir='ltr'>necesse</span> <span class='ocrx_word' id='word_1_201' title='bbox 911 1513 947 1539; x_wconf 81' lang='lat' dir='ltr'>ut</span> <span class='ocrx_word' id='word_1_202' title='bbox 969 1508 1102 1549; x_wconf 79' lang='lat' dir='ltr'>effectus</span> <span class='ocrx_word' id='word_1_203' title='bbox 1123 1507 1167 1538; x_wconf 82' lang='lat' dir='ltr'>sit</span> <span class='ocrx_word' id='word_1_204' title='bbox 1188 1511 1351 1544; x_wconf 82' lang='lat' dir='ltr'>aeternus,</span> 
     </span>
     <span class='ocr_line' id='line_1_30' title="bbox 277 1552 1352 1596; baseline -0.003 -11"><span class='ocrx_word' id='word_1_205' title='bbox 277 1555 353 1595; x_wconf 86' lang='lat' dir='ltr'>quia</span> <span class='ocrx_word' id='word_1_206' title='bbox 376 1564 470 1585; x_wconf 84' lang='lat' dir='ltr'>suum</span> <span class='ocrx_word' id='word_1_207' title='bbox 495 1563 596 1596; x_wconf 82' lang='lat' dir='ltr'>agere</span> <span class='ocrx_word' id='word_1_208' title='bbox 626 1559 674 1584; x_wconf 81' lang='lat' dir='ltr'>est</span> <span class='ocrx_word' id='word_1_209' title='bbox 701 1563 797 1584; x_wconf 86' lang='lat' dir='ltr'>suum</span> <span class='ocrx_word' id='word_1_210' title='bbox 828 1553 1013 1595; x_wconf 77' lang='lat' dir='ltr'>intelligere</span> <span class='ocrx_word' id='word_1_211' title='bbox 1036 1557 1068 1582; x_wconf 84' lang='lat' dir='ltr'>et</span> <span class='ocrx_word' id='word_1_212' title='bbox 1090 1552 1173 1582; x_wconf 76' lang='lat' dir='ltr'>velle</span> <span class='ocrx_word' id='word_1_213' title='bbox 1196 1557 1268 1588; x_wconf 90' lang='lat' dir='ltr'>etc.,</span> <span class='ocrx_word' id='word_1_214' title='bbox 1293 1552 1352 1583; x_wconf 91' lang='lat' dir='ltr'>du-</span> 
     </span>
     <span class='ocr_line' id='line_1_31' title="bbox 277 1596 1353 1642; baseline -0.002 -13"><span class='ocrx_word' id='word_1_215' title='bbox 277 1599 368 1630; x_wconf 91' lang='lat' dir='ltr'>bium</span> <span class='ocrx_word' id='word_1_216' title='bbox 399 1599 549 1629; x_wconf 88' lang='lat' dir='ltr'>occurrit.</span> <span class='ocrx_word' id='word_1_217' title='bbox 575 1598 670 1636; x_wconf 87' lang='lat' dir='ltr'>Quia,</span> <span class='ocrx_word' id='word_1_218' title='bbox 695 1599 721 1629; x_wconf 91' lang='lat' dir='ltr'>si</span> <span class='ocrx_word' id='word_1_219' title='bbox 751 1598 929 1639; x_wconf 89' lang='lat' dir='ltr'>intelligere</span> <span class='ocrx_word' id='word_1_220' title='bbox 960 1603 990 1628; x_wconf 91' lang='lat' dir='ltr'>et</span> <span class='ocrx_word' id='word_1_221' title='bbox 1013 1596 1096 1628; x_wconf 91' lang='lat' dir='ltr'>velle</span> <span class='ocrx_word' id='word_1_222' title='bbox 1127 1596 1274 1642; x_wconf 87' lang='lat' dir='ltr'>divinum</span> <span class='ocrx_word' id='word_1_223' title='bbox 1305 1602 1353 1628; x_wconf 90' lang='lat' dir='ltr'>est</span> 
     </span>
     <span class='ocr_line' id='line_1_32' title="bbox 276 1641 1351 1684; baseline -0.001 -10"><span class='ocrx_word' id='word_1_224' title='bbox 276 1644 385 1684; x_wconf 91' lang='lat' dir='ltr'>ipsum</span> <span class='ocrx_word' id='word_1_225' title='bbox 412 1653 516 1684; x_wconf 91' lang='lat' dir='ltr'>agere,</span> <span class='ocrx_word' id='word_1_226' title='bbox 541 1644 686 1684; x_wconf 88' lang='lat' dir='ltr'>sequitur</span> <span class='ocrx_word' id='word_1_227' title='bbox 717 1643 807 1684; x_wconf 93' lang='lat' dir='ltr'>quod</span> <span class='ocrx_word' id='word_1_228' title='bbox 836 1643 944 1683; x_wconf 88' lang='lat' dir='ltr'>ipsum</span> <span class='ocrx_word' id='word_1_229' title='bbox 968 1641 1051 1672; x_wconf 90' lang='lat' dir='ltr'>velle</span> <span class='ocrx_word' id='word_1_230' title='bbox 1082 1650 1151 1672; x_wconf 90' lang='lat' dir='ltr'>rem</span> <span class='ocrx_word' id='word_1_231' title='bbox 1179 1641 1219 1671; x_wconf 92' lang='lat' dir='ltr'>sit</span> <span class='ocrx_word' id='word_1_232' title='bbox 1247 1642 1351 1682; x_wconf 88' lang='lat' dir='ltr'>ipsam</span> 
     </span>
     <span class='ocr_line' id='line_1_33' title="bbox 276 1686 1352 1729; baseline -0.002 -11"><span class='ocrx_word' id='word_1_233' title='bbox 276 1687 467 1729; x_wconf 89' lang='lat' dir='ltr'>producere.</span> <span class='ocrx_word' id='word_1_234' title='bbox 490 1687 674 1718; x_wconf 88' lang='lat' dir='ltr'>Producere</span> <span class='ocrx_word' id='word_1_235' title='bbox 698 1693 808 1718; x_wconf 90' lang='lat' dir='ltr'>autem</span> <span class='ocrx_word' id='word_1_236' title='bbox 830 1696 898 1718; x_wconf 89' lang='lat' dir='ltr'>non</span> <span class='ocrx_word' id='word_1_237' title='bbox 919 1691 967 1717; x_wconf 91' lang='lat' dir='ltr'>est</span> <span class='ocrx_word' id='word_1_238' title='bbox 982 1687 1104 1727; x_wconf 82' lang='lat' dir='ltr'>absque</span> <span class='ocrx_word' id='word_1_239' title='bbox 1120 1686 1260 1716; x_wconf 91' lang='lat' dir='ltr'>termino</span> <span class='ocrx_word' id='word_1_240' title='bbox 1276 1695 1352 1726; x_wconf 93' lang='lat' dir='ltr'>pro-</span> 
     </span>
     <span class='ocr_line' id='line_1_34' title="bbox 278 1731 1353 1771; baseline -0.001 -8"><span class='ocrx_word' id='word_1_241' title='bbox 278 1732 451 1769; x_wconf 87' lang='lat' dir='ltr'>ductionis,</span> <span class='ocrx_word' id='word_1_242' title='bbox 469 1738 523 1763; x_wconf 91' lang='lat' dir='ltr'>aut</span> <span class='ocrx_word' id='word_1_243' title='bbox 538 1733 572 1763; x_wconf 90' lang='lat' dir='ltr'>in</span> <span class='ocrx_word' id='word_1_244' title='bbox 589 1742 658 1763; x_wconf 87' lang='lat' dir='ltr'>esse</span> <span class='ocrx_word' id='word_1_245' title='bbox 674 1738 730 1762; x_wconf 91' lang='lat' dir='ltr'>aut</span> <span class='ocrx_word' id='word_1_246' title='bbox 752 1733 786 1763; x_wconf 92' lang='lat' dir='ltr'>in</span> <span class='ocrx_word' id='word_1_247' title='bbox 809 1731 889 1763; x_wconf 88' lang='lat' dir='ltr'>fieri.</span> <span class='ocrx_word' id='word_1_248' title='bbox 914 1731 1002 1771; x_wconf 89' lang='lat' dir='ltr'>Ergo</span> <span class='ocrx_word' id='word_1_249' title='bbox 1025 1740 1094 1762; x_wconf 92' lang='lat' dir='ltr'>non</span> <span class='ocrx_word' id='word_1_250' title='bbox 1117 1736 1255 1771; x_wconf 90' lang='lat' dir='ltr'>possunt</span> <span class='ocrx_word' id='word_1_251' title='bbox 1271 1736 1353 1762; x_wconf 90' lang='lat' dir='ltr'>stare</span> 
     </span>
     <span class='ocr_line' id='line_1_35' title="bbox 278 1774 1352 1818; baseline -0.001 -10"><span class='ocrx_word' id='word_1_252' title='bbox 278 1778 375 1808; x_wconf 89' lang='lat' dir='ltr'>simul</span> <span class='ocrx_word' id='word_1_253' title='bbox 391 1777 481 1818; x_wconf 91' lang='lat' dir='ltr'>quod</span> <span class='ocrx_word' id='word_1_254' title='bbox 498 1778 582 1808; x_wconf 91' lang='lat' dir='ltr'>actio</span> <span class='ocrx_word' id='word_1_255' title='bbox 599 1777 707 1808; x_wconf 87' lang='lat' dir='ltr'>divina</span> <span class='ocrx_word' id='word_1_256' title='bbox 723 1777 762 1807; x_wconf 92' lang='lat' dir='ltr'>sit</span> <span class='ocrx_word' id='word_1_257' title='bbox 783 1783 921 1812; x_wconf 85' lang='lat' dir='ltr'>aeterna,</span> <span class='ocrx_word' id='word_1_258' title='bbox 947 1782 978 1806; x_wconf 91' lang='lat' dir='ltr'>et</span> <span class='ocrx_word' id='word_1_259' title='bbox 1002 1781 1108 1807; x_wconf 85' lang='lat' dir='ltr'>tamen</span> <span class='ocrx_word' id='word_1_260' title='bbox 1135 1774 1268 1806; x_wconf 83' lang='lat' dir='ltr'>effeetus</span> <span class='ocrx_word' id='word_1_261' title='bbox 1284 1785 1352 1807; x_wconf 91' lang='lat' dir='ltr'>non</span> 
     </span>
     <span class='ocr_line' id='line_1_36' title="bbox 279 1823 500 1853; baseline -0.005 0"><span class='ocrx_word' id='word_1_262' title='bbox 279 1823 318 1853; x_wconf 90' lang='lat' dir='ltr'>sit</span> <span class='ocrx_word' id='word_1_263' title='bbox 341 1828 500 1853; x_wconf 88' lang='lat' dir='ltr'>aeternus.</span> 
     </span>
    </p>

    <p class='ocr_par' dir='ltr' id='par_1_12' title="bbox 275 1863 1353 2569">
     <span class='ocr_line' id='line_1_37' title="bbox 335 1863 1352 1904; baseline -0.004 -6"><span class='ocrx_word' id='word_1_264' title='bbox 335 1867 364 1898; x_wconf 84' lang='lat'>3.</span> <span class='ocrx_word' id='word_1_265' title='bbox 381 1866 433 1897; x_wconf 91' lang='lat' dir='ltr'>Ad</span> <span class='ocrx_word' id='word_1_266' title='bbox 448 1867 544 1897; x_wconf 89' lang='lat' dir='ltr'>huius</span> <span class='ocrx_word' id='word_1_267' title='bbox 561 1864 765 1902; x_wconf 90' lang='lat' dir='ltr'>evidentiam,</span> <span class='ocrx_word' id='word_1_268' title='bbox 782 1863 1054 1896; x_wconf 87' lang='lat' dir='ltr'>considerandum</span> <span class='ocrx_word' id='word_1_269' title='bbox 1071 1869 1118 1894; x_wconf 90' lang='lat' dir='ltr'>est</span> <span class='ocrx_word' id='word_1_270' title='bbox 1141 1863 1232 1904; x_wconf 89' lang='lat' dir='ltr'>quod</span> <span class='ocrx_word' id='word_1_271' title='bbox 1248 1863 1352 1895; x_wconf 88' lang='lat' dir='ltr'>differt</span> 
     </span>
     <span class='ocr_line' id='line_1_38' title="bbox 277 1909 1353 1941; baseline -0.002 0"><span class='ocrx_word' id='word_1_272' title='bbox 277 1912 362 1941; x_wconf 90' lang='lat' dir='ltr'>actio</span> <span class='ocrx_word' id='word_1_273' title='bbox 386 1912 567 1941; x_wconf 85' lang='lat' dir='ltr'>immanens</span> <span class='ocrx_word' id='word_1_274' title='bbox 590 1909 773 1940; x_wconf 90' lang='lat' dir='ltr'>intellectus</span> <span class='ocrx_word' id='word_1_275' title='bbox 789 1915 821 1940; x_wconf 91' lang='lat' dir='ltr'>et</span> <span class='ocrx_word' id='word_1_276' title='bbox 835 1909 1011 1939; x_wconf 89' lang='lat' dir='ltr'>voluntatis</span> <span class='ocrx_word' id='word_1_277' title='bbox 1035 1909 1074 1939; x_wconf 87' lang='lat' dir='ltr'>ab</span> <span class='ocrx_word' id='word_1_278' title='bbox 1098 1909 1227 1939; x_wconf 89' lang='lat' dir='ltr'>actione</span> <span class='ocrx_word' id='word_1_279' title='bbox 1251 1914 1353 1939; x_wconf 89' lang='lat' dir='ltr'>trans-</span> 
     </span>
     <span class='ocr_line' id='line_1_39' title="bbox 277 1952 1351 1996; baseline -0.003 -10"><span class='ocrx_word' id='word_1_280' title='bbox 277 1961 385 1992; x_wconf 87' lang='lat' dir='ltr'>eunte,</span> <span class='ocrx_word' id='word_1_281' title='bbox 410 1956 487 1996; x_wconf 91' lang='lat' dir='ltr'>quia</span> <span class='ocrx_word' id='word_1_282' title='bbox 514 1954 598 1984; x_wconf 90' lang='lat' dir='ltr'>actio</span> <span class='ocrx_word' id='word_1_283' title='bbox 628 1954 810 1984; x_wconf 90' lang='lat' dir='ltr'>immanens</span> <span class='ocrx_word' id='word_1_284' title='bbox 840 1963 908 1984; x_wconf 90' lang='lat' dir='ltr'>non</span> <span class='ocrx_word' id='word_1_285' title='bbox 938 1953 1072 1994; x_wconf 89' lang='lat' dir='ltr'>requirit</span> <span class='ocrx_word' id='word_1_286' title='bbox 1102 1952 1261 1983; x_wconf 82' lang='lat' dir='ltr'>actualem</span> <span class='ocrx_word' id='word_1_287' title='bbox 1285 1953 1351 1983; x_wconf 88' lang='lat' dir='ltr'>exi-</span> 
     </span>
     <span class='ocr_line' id='line_1_40' title="bbox 276 1996 1350 2038; baseline -0.003 -8"><span class='ocrx_word' id='word_1_288' title='bbox 276 2000 425 2030; x_wconf 88' lang='lat' dir='ltr'>stentiam</span> <span class='ocrx_word' id='word_1_289' title='bbox 451 1999 501 2030; x_wconf 90' lang='lat' dir='ltr'>sui</span> <span class='ocrx_word' id='word_1_290' title='bbox 525 1998 654 2034; x_wconf 88' lang='lat' dir='ltr'>obiecti,</span> <span class='ocrx_word' id='word_1_291' title='bbox 671 2007 712 2029; x_wconf 91' lang='lat' dir='ltr'>eo</span> <span class='ocrx_word' id='word_1_292' title='bbox 736 1997 826 2038; x_wconf 93' lang='lat' dir='ltr'>quod</span> <span class='ocrx_word' id='word_1_293' title='bbox 850 1998 952 2038; x_wconf 90' lang='lat' dir='ltr'>possit</span> <span class='ocrx_word' id='word_1_294' title='bbox 967 1998 1001 2028; x_wconf 92' lang='lat' dir='ltr'>in</span> <span class='ocrx_word' id='word_1_295' title='bbox 1017 2006 1086 2028; x_wconf 89' lang='lat' dir='ltr'>non</span> <span class='ocrx_word' id='word_1_296' title='bbox 1103 1998 1241 2028; x_wconf 86' lang='lat' dir='ltr'>existens</span> <span class='ocrx_word' id='word_1_297' title='bbox 1261 1996 1350 2028; x_wconf 86' lang='lat' dir='ltr'>ferri:</span> 
     </span>
     <span class='ocr_line' id='line_1_41' title="bbox 275 2041 1350 2084; baseline -0.002 -10"><span class='ocrx_word' id='word_1_298' title='bbox 275 2053 410 2084; x_wconf 89' lang='lat' dir='ltr'>possum</span> <span class='ocrx_word' id='word_1_299' title='bbox 442 2045 529 2074; x_wconf 92' lang='lat' dir='ltr'>enim</span> <span class='ocrx_word' id='word_1_300' title='bbox 559 2042 737 2083; x_wconf 86' lang='lat' dir='ltr'>intelligere</span> <span class='ocrx_word' id='word_1_301' title='bbox 766 2048 797 2073; x_wconf 88' lang='lat' dir='ltr'>et</span> <span class='ocrx_word' id='word_1_302' title='bbox 824 2043 907 2073; x_wconf 89' lang='lat' dir='ltr'>velle</span> <span class='ocrx_word' id='word_1_303' title='bbox 931 2041 1022 2083; x_wconf 91' lang='lat' dir='ltr'>quod</span> <span class='ocrx_word' id='word_1_304' title='bbox 1044 2051 1114 2072; x_wconf 90' lang='lat' dir='ltr'>non</span> <span class='ocrx_word' id='word_1_305' title='bbox 1138 2047 1186 2072; x_wconf 92' lang='lat' dir='ltr'>est</span> <span class='ocrx_word' id='word_1_306' title='bbox 1208 2042 1241 2072; x_wconf 92' lang='lat' dir='ltr'>in</span> <span class='ocrx_word' id='word_1_307' title='bbox 1266 2048 1350 2073; x_wconf 85' lang='lat' dir='ltr'>actu.</span> 
     </span>
     <span class='ocr_line' id='line_1_42' title="bbox 276 2086 1351 2127; baseline -0.002 -8"><span class='ocrx_word' id='word_1_308' title='bbox 276 2088 363 2119; x_wconf 90' lang='lat' dir='ltr'>Cum</span> <span class='ocrx_word' id='word_1_309' title='bbox 388 2089 475 2119; x_wconf 90' lang='lat' dir='ltr'>enim</span> <span class='ocrx_word' id='word_1_310' title='bbox 498 2087 569 2118; x_wconf 91' lang='lat' dir='ltr'>talis</span> <span class='ocrx_word' id='word_1_311' title='bbox 593 2087 678 2117; x_wconf 90' lang='lat' dir='ltr'>actio</span> <span class='ocrx_word' id='word_1_312' title='bbox 709 2087 748 2117; x_wconf 89' lang='lat' dir='ltr'>sit</span> <span class='ocrx_word' id='word_1_313' title='bbox 778 2086 935 2127; x_wconf 83' lang='lat' dir='ltr'>perfectio</span> <span class='ocrx_word' id='word_1_314' title='bbox 967 2092 1094 2117; x_wconf 90' lang='lat' dir='ltr'>tantum</span> <span class='ocrx_word' id='word_1_315' title='bbox 1124 2087 1258 2127; x_wconf 85' lang='lat' dir='ltr'>agentis,</span> <span class='ocrx_word' id='word_1_316' title='bbox 1282 2096 1351 2117; x_wconf 92' lang='lat' dir='ltr'>non</span> 
     </span>
     <span class='ocr_line' id='line_1_43' title="bbox 276 2130 1350 2173; baseline -0.002 -9"><span class='ocrx_word' id='word_1_317' title='bbox 276 2139 384 2164; x_wconf 87' lang='lat' dir='ltr'>autem</span> <span class='ocrx_word' id='word_1_318' title='bbox 401 2133 485 2173; x_wconf 92' lang='lat' dir='ltr'>passi</span> <span class='ocrx_word' id='word_1_319' title='bbox 504 2137 560 2162; x_wconf 90' lang='lat' dir='ltr'>aut</span> <span class='ocrx_word' id='word_1_320' title='bbox 583 2132 722 2168; x_wconf 88' lang='lat' dir='ltr'>termini,</span> <span class='ocrx_word' id='word_1_321' title='bbox 739 2130 856 2162; x_wconf 86' lang='lat' dir='ltr'>sufficit</span> <span class='ocrx_word' id='word_1_322' title='bbox 873 2137 909 2162; x_wconf 93' lang='lat' dir='ltr'>ut</span> <span class='ocrx_word' id='word_1_323' title='bbox 924 2132 1091 2162; x_wconf 89' lang='lat' dir='ltr'>obiectum</span> <span class='ocrx_word' id='word_1_324' title='bbox 1107 2131 1147 2162; x_wconf 88' lang='lat' dir='ltr'>sit</span> <span class='ocrx_word' id='word_1_325' title='bbox 1162 2131 1196 2162; x_wconf 92' lang='lat' dir='ltr'>in</span> <span class='ocrx_word' id='word_1_326' title='bbox 1212 2131 1284 2171; x_wconf 90' lang='lat' dir='ltr'>ipso</span> <span class='ocrx_word' id='word_1_327' title='bbox 1301 2131 1350 2162; x_wconf 91' lang='lat' dir='ltr'>in-</span> 
     </span>
     <span class='ocr_line' id='line_1_44' title="bbox 275 2175 1349 2218; baseline -0.002 -10"><span class='ocrx_word' id='word_1_328' title='bbox 275 2178 439 2218; x_wconf 85' lang='lat' dir='ltr'>telligente</span> <span class='ocrx_word' id='word_1_329' title='bbox 463 2175 644 2208; x_wconf 87' lang='lat' dir='ltr'>secundum</span> <span class='ocrx_word' id='word_1_330' title='bbox 661 2186 730 2207; x_wconf 90' lang='lat' dir='ltr'>esse</span> <span class='ocrx_word' id='word_1_331' title='bbox 746 2175 920 2217; x_wconf 89' lang='lat' dir='ltr'>spirituale.</span> <span class='ocrx_word' id='word_1_332' title='bbox 939 2176 1037 2207; x_wconf 86' lang='lat' dir='ltr'>Actio</span> <span class='ocrx_word' id='word_1_333' title='bbox 1057 2181 1166 2206; x_wconf 87' lang='lat' dir='ltr'>autem</span> <span class='ocrx_word' id='word_1_334' title='bbox 1182 2175 1349 2213; x_wconf 89' lang='lat' dir='ltr'>transiens,</span> 
     </span>
     <span class='ocr_line' id='line_1_45' title="bbox 276 2219 1351 2263; baseline -0.002 -10"><span class='ocrx_word' id='word_1_335' title='bbox 276 2223 352 2263; x_wconf 90' lang='lat' dir='ltr'>quia</span> <span class='ocrx_word' id='word_1_336' title='bbox 375 2221 501 2263; x_wconf 89' lang='lat' dir='ltr'>perficit</span> <span class='ocrx_word' id='word_1_337' title='bbox 530 2230 662 2261; x_wconf 88' lang='lat' dir='ltr'>passum</span> <span class='ocrx_word' id='word_1_338' title='bbox 686 2221 786 2252; x_wconf 91' lang='lat' dir='ltr'>veluti</span> <span class='ocrx_word' id='word_1_339' title='bbox 816 2221 885 2251; x_wconf 90' lang='lat' dir='ltr'>eius</span> <span class='ocrx_word' id='word_1_340' title='bbox 912 2219 1027 2257; x_wconf 87' lang='lat' dir='ltr'>forma,</span> <span class='ocrx_word' id='word_1_341' title='bbox 1051 2219 1127 2251; x_wconf 89' lang='lat' dir='ltr'>ideo</span> <span class='ocrx_word' id='word_1_342' title='bbox 1150 2230 1220 2251; x_wconf 90' lang='lat' dir='ltr'>non</span> <span class='ocrx_word' id='word_1_343' title='bbox 1243 2225 1351 2261; x_wconf 91' lang='lat' dir='ltr'>potest</span> 
     </span>
     <span class='ocr_line' id='line_1_46' title="bbox 276 2266 1350 2306; baseline -0.002 -9"><span class='ocrx_word' id='word_1_344' title='bbox 276 2275 345 2297; x_wconf 91' lang='lat' dir='ltr'>esse</span> <span class='ocrx_word' id='word_1_345' title='bbox 368 2267 429 2297; x_wconf 91' lang='lat' dir='ltr'>nisi</span> <span class='ocrx_word' id='word_1_346' title='bbox 453 2267 492 2296; x_wconf 92' lang='lat' dir='ltr'>sit</span> <span class='ocrx_word' id='word_1_347' title='bbox 515 2267 623 2306; x_wconf 91' lang='lat' dir='ltr'>ipsum</span> <span class='ocrx_word' id='word_1_348' title='bbox 643 2275 785 2306; x_wconf 88' lang='lat' dir='ltr'>passum,</span> <span class='ocrx_word' id='word_1_349' title='bbox 801 2266 835 2295; x_wconf 91' lang='lat' dir='ltr'>in</span> <span class='ocrx_word' id='word_1_350' title='bbox 852 2275 919 2305; x_wconf 92' lang='lat' dir='ltr'>quo</span> <span class='ocrx_word' id='word_1_351' title='bbox 936 2266 1123 2306; x_wconf 88' lang='lat' dir='ltr'>recipiatur;</span> <span class='ocrx_word' id='word_1_352' title='bbox 1147 2271 1178 2295; x_wconf 93' lang='lat' dir='ltr'>et</span> <span class='ocrx_word' id='word_1_353' title='bbox 1199 2274 1256 2305; x_wconf 90' lang='lat' dir='ltr'>per</span> <span class='ocrx_word' id='word_1_354' title='bbox 1273 2275 1350 2296; x_wconf 92' lang='lat' dir='ltr'>con-</span> 
     </span>
     <span class='ocr_line' id='line_1_47' title="bbox 276 2309 1351 2352; baseline -0.003 -9"><span class='ocrx_word' id='word_1_355' title='bbox 276 2321 425 2352; x_wconf 89' lang='lat' dir='ltr'>sequens,</span> <span class='ocrx_word' id='word_1_356' title='bbox 441 2311 503 2342; x_wconf 90' lang='lat' dir='ltr'>nisi</span> <span class='ocrx_word' id='word_1_357' title='bbox 519 2311 559 2341; x_wconf 88' lang='lat' dir='ltr'>sit</span> <span class='ocrx_word' id='word_1_358' title='bbox 574 2319 643 2341; x_wconf 89' lang='lat' dir='ltr'>esse</span> <span class='ocrx_word' id='word_1_359' title='bbox 665 2311 767 2351; x_wconf 87' lang='lat' dir='ltr'>ipsius</span> <span class='ocrx_word' id='word_1_360' title='bbox 791 2309 934 2347; x_wconf 81' lang='lat' dir='ltr'>effectus,</span> <span class='ocrx_word' id='word_1_361' title='bbox 951 2310 1063 2341; x_wconf 87' lang='lat' dir='ltr'>saltem</span> <span class='ocrx_word' id='word_1_362' title='bbox 1082 2309 1264 2341; x_wconf 90' lang='lat' dir='ltr'>secundum</span> <span class='ocrx_word' id='word_1_363' title='bbox 1281 2319 1351 2341; x_wconf 89' lang='lat' dir='ltr'>esse</span> 
     </span>
     <span class='ocr_line' id='line_1_48' title="bbox 275 2353 1349 2396; baseline -0.001 -10"><span class='ocrx_word' id='word_1_364' title='bbox 275 2355 502 2396; x_wconf 82' lang='lat' dir='ltr'>imperfectum</span> <span class='ocrx_word' id='word_1_365' title='bbox 526 2361 558 2386; x_wconf 90' lang='lat' dir='ltr'>et</span> <span class='ocrx_word' id='word_1_366' title='bbox 581 2355 614 2385; x_wconf 91' lang='lat' dir='ltr'>in</span> <span class='ocrx_word' id='word_1_367' title='bbox 637 2353 715 2385; x_wconf 88' lang='lat' dir='ltr'>fieri.</span> <span class='ocrx_word' id='word_1_368' title='bbox 741 2354 782 2385; x_wconf 90' lang='lat' dir='ltr'>Et</span> <span class='ocrx_word' id='word_1_369' title='bbox 806 2354 881 2385; x_wconf 90' lang='lat' dir='ltr'>ideo</span> <span class='ocrx_word' id='word_1_370' title='bbox 905 2364 973 2385; x_wconf 93' lang='lat' dir='ltr'>non</span> <span class='ocrx_word' id='word_1_371' title='bbox 997 2360 1105 2395; x_wconf 90' lang='lat' dir='ltr'>potest</span> <span class='ocrx_word' id='word_1_372' title='bbox 1127 2363 1197 2385; x_wconf 89' lang='lat' dir='ltr'>esse</span> <span class='ocrx_word' id='word_1_373' title='bbox 1213 2355 1349 2385; x_wconf 91' lang='lat' dir='ltr'>utactio</span> 
     </span>
     <span class='ocr_line' id='line_1_49' title="bbox 275 2398 1351 2436; baseline -0.001 -5"><span class='ocrx_word' id='word_1_374' title='bbox 275 2401 432 2431; x_wconf 89' lang='lat' dir='ltr'>transiens</span> <span class='ocrx_word' id='word_1_375' title='bbox 448 2401 487 2430; x_wconf 89' lang='lat' dir='ltr'>sit</span> <span class='ocrx_word' id='word_1_376' title='bbox 503 2405 642 2436; x_wconf 87' lang='lat' dir='ltr'>aeterna,</span> <span class='ocrx_word' id='word_1_377' title='bbox 656 2404 687 2430; x_wconf 88' lang='lat' dir='ltr'>et</span> <span class='ocrx_word' id='word_1_378' title='bbox 702 2404 811 2430; x_wconf 87' lang='lat' dir='ltr'>tamen</span> <span class='ocrx_word' id='word_1_379' title='bbox 827 2399 896 2430; x_wconf 88' lang='lat' dir='ltr'>eius</span> <span class='ocrx_word' id='word_1_380' title='bbox 913 2398 1045 2430; x_wconf 87' lang='lat' dir='ltr'>effectus</span> <span class='ocrx_word' id='word_1_381' title='bbox 1061 2409 1130 2430; x_wconf 92' lang='lat' dir='ltr'>non</span> <span class='ocrx_word' id='word_1_382' title='bbox 1146 2399 1186 2430; x_wconf 90' lang='lat' dir='ltr'>sit</span> <span class='ocrx_word' id='word_1_383' title='bbox 1201 2405 1351 2430; x_wconf 87' lang='lat' dir='ltr'>aeternus</span> 
     </span>
     <span class='ocr_line' id='line_1_50' title="bbox 276 2443 1350 2485; baseline -0.002 -9"><span class='ocrx_word' id='word_1_384' title='bbox 276 2444 457 2476; x_wconf 88' lang='lat' dir='ltr'>secundum</span> <span class='ocrx_word' id='word_1_385' title='bbox 480 2443 614 2485; x_wconf 89' lang='lat' dir='ltr'>aliquod</span> <span class='ocrx_word' id='word_1_386' title='bbox 638 2452 719 2474; x_wconf 89' lang='lat' dir='ltr'>esse:</span> <span class='ocrx_word' id='word_1_387' title='bbox 744 2444 931 2484; x_wconf 89' lang='lat' dir='ltr'>praesertim</span> <span class='ocrx_word' id='word_1_388' title='bbox 947 2453 1023 2475; x_wconf 91' lang='lat' dir='ltr'>cum</span> <span class='ocrx_word' id='word_1_389' title='bbox 1040 2444 1110 2474; x_wconf 89' lang='lat' dir='ltr'>talis</span> <span class='ocrx_word' id='word_1_390' title='bbox 1126 2444 1210 2474; x_wconf 90' lang='lat' dir='ltr'>actio</span> <span class='ocrx_word' id='word_1_391' title='bbox 1227 2445 1267 2474; x_wconf 91' lang='lat' dir='ltr'>sit</span> <span class='ocrx_word' id='word_1_392' title='bbox 1281 2453 1350 2475; x_wconf 89' lang='lat' dir='ltr'>ma-</span> 
     </span>
     <span class='ocr_line' id='line_1_51' title="bbox 275 2487 1350 2529; baseline 0 -9"><span class='ocrx_word' id='word_1_393' title='bbox 275 2489 426 2520; x_wconf 88' lang='lat' dir='ltr'>terialiter</span> <span class='ocrx_word' id='word_1_394' title='bbox 448 2488 536 2519; x_wconf 88' lang='lat' dir='ltr'>idem</span> <span class='ocrx_word' id='word_1_395' title='bbox 559 2498 636 2519; x_wconf 90' lang='lat' dir='ltr'>cum</span> <span class='ocrx_word' id='word_1_396' title='bbox 659 2497 720 2518; x_wconf 92' lang='lat' dir='ltr'>suo</span> <span class='ocrx_word' id='word_1_397' title='bbox 744 2489 895 2519; x_wconf 87' lang='lat' dir='ltr'>termino.</span> <span class='ocrx_word' id='word_1_398' title='bbox 926 2487 989 2519; x_wconf 91' lang='lat' dir='ltr'>Sed</span> <span class='ocrx_word' id='word_1_399' title='bbox 1019 2489 1103 2519; x_wconf 89' lang='lat' dir='ltr'>bene</span> <span class='ocrx_word' id='word_1_400' title='bbox 1133 2494 1241 2529; x_wconf 84' lang='lat' dir='ltr'>potest</span> <span class='ocrx_word' id='word_1_401' title='bbox 1265 2489 1350 2520; x_wconf 90' lang='lat' dir='ltr'>actio</span> 
     </span>
     <span class='ocr_line' id='line_1_52' title="bbox 276 2532 1289 2569; baseline 0 -5"><span class='ocrx_word' id='word_1_402' title='bbox 276 2535 457 2564; x_wconf 91' lang='lat' dir='ltr'>immanens</span> <span class='ocrx_word' id='word_1_403' title='bbox 480 2538 608 2564; x_wconf 88' lang='lat' dir='ltr'>aeterna</span> <span class='ocrx_word' id='word_1_404' title='bbox 632 2542 711 2569; x_wconf 89' lang='lat' dir='ltr'>esse,</span> <span class='ocrx_word' id='word_1_405' title='bbox 736 2532 853 2564; x_wconf 88' lang='lat' dir='ltr'>effectu</span> <span class='ocrx_word' id='word_1_406' title='bbox 877 2542 944 2564; x_wconf 88' lang='lat' dir='ltr'>non</span> <span class='ocrx_word' id='word_1_407' title='bbox 968 2534 1123 2564; x_wconf 87' lang='lat' dir='ltr'>existente</span> <span class='ocrx_word' id='word_1_408' title='bbox 1147 2539 1289 2564; x_wconf 89' lang='lat' dir='ltr'>aeterno.</span> 
     </span>
    </p>

    <p class='ocr_par' dir='ltr' id='par_1_13' title="bbox 272 2576 1351 3322">
     <span class='ocr_line' id='line_1_53' title="bbox 331 2576 1350 2618; baseline 0.001 -9"><span class='ocrx_word' id='word_1_409' title='bbox 331 2578 458 2609; x_wconf 88' lang='lat' dir='ltr'>Accidit</span> <span class='ocrx_word' id='word_1_410' title='bbox 482 2583 591 2609; x_wconf 91' lang='lat' dir='ltr'>autem</span> <span class='ocrx_word' id='word_1_411' title='bbox 614 2576 765 2618; x_wconf 89' lang='lat' dir='ltr'>deceptio</span> <span class='ocrx_word' id='word_1_412' title='bbox 792 2578 827 2608; x_wconf 91' lang='lat' dir='ltr'>in</span> <span class='ocrx_word' id='word_1_413' title='bbox 856 2578 918 2608; x_wconf 90' lang='lat' dir='ltr'>hac</span> <span class='ocrx_word' id='word_1_414' title='bbox 942 2578 1137 2614; x_wconf 87' lang='lat' dir='ltr'>obiectione,</span> <span class='ocrx_word' id='word_1_415' title='bbox 1162 2578 1249 2618; x_wconf 91' lang='lat' dir='ltr'>quia,</span> <span class='ocrx_word' id='word_1_416' title='bbox 1273 2588 1350 2610; x_wconf 89' lang='lat' dir='ltr'>cum</span> 
     </span>
     <span class='ocr_line' id='line_1_54' title="bbox 276 2621 1351 2663; baseline 0.001 -10"><span class='ocrx_word' id='word_1_417' title='bbox 276 2623 393 2654; x_wconf 89' lang='lat' dir='ltr'>dicitur</span> <span class='ocrx_word' id='word_1_418' title='bbox 416 2622 507 2663; x_wconf 90' lang='lat' dir='ltr'>quod</span> <span class='ocrx_word' id='word_1_419' title='bbox 530 2622 612 2652; x_wconf 91' lang='lat' dir='ltr'>velle</span> <span class='ocrx_word' id='word_1_420' title='bbox 636 2621 783 2652; x_wconf 90' lang='lat' dir='ltr'>divinum</span> <span class='ocrx_word' id='word_1_421' title='bbox 808 2627 855 2653; x_wconf 90' lang='lat' dir='ltr'>est</span> <span class='ocrx_word' id='word_1_422' title='bbox 884 2623 992 2662; x_wconf 91' lang='lat' dir='ltr'>ipsum</span> <span class='ocrx_word' id='word_1_423' title='bbox 1023 2631 1127 2663; x_wconf 87' lang='lat' dir='ltr'>agere,</span> <span class='ocrx_word' id='word_1_424' title='bbox 1152 2623 1351 2654; x_wconf 85' lang='lat' dir='ltr'>existimatur</span> 
     </span>
     <span class='ocr_line' id='line_1_55' title="bbox 275 2665 1350 2708; baseline 0 -10"><span class='ocrx_word' id='word_1_425' title='bbox 275 2668 383 2708; x_wconf 87' lang='lat' dir='ltr'>ipsum</span> <span class='ocrx_word' id='word_1_426' title='bbox 400 2667 545 2698; x_wconf 90' lang='lat' dir='ltr'>divinum</span> <span class='ocrx_word' id='word_1_427' title='bbox 562 2666 644 2697; x_wconf 92' lang='lat' dir='ltr'>velle</span> <span class='ocrx_word' id='word_1_428' title='bbox 660 2665 700 2696; x_wconf 84' lang='lat' dir='ltr'>ad</span> <span class='ocrx_word' id='word_1_429' title='bbox 718 2665 856 2698; x_wconf 91' lang='lat' dir='ltr'>modum</span> <span class='ocrx_word' id='word_1_430' title='bbox 876 2667 1011 2698; x_wconf 90' lang='lat' dir='ltr'>actionis</span> <span class='ocrx_word' id='word_1_431' title='bbox 1034 2667 1228 2698; x_wconf 80' lang='lat' dir='ltr'>transeunn‘s</span> <span class='ocrx_word' id='word_1_432' title='bbox 1244 2668 1277 2698; x_wconf 91' lang='lat' dir='ltr'>in</span> <span class='ocrx_word' id='word_1_433' title='bbox 1294 2667 1350 2699; x_wconf 88' lang='lat' dir='ltr'>ali-</span> 
     </span>
     <span class='ocr_line' id='line_1_56' title="bbox 276 2711 1349 2752; baseline 0.001 -10"><span class='ocrx_word' id='word_1_434' title='bbox 276 2712 366 2752; x_wconf 92' lang='lat' dir='ltr'>quod</span> <span class='ocrx_word' id='word_1_435' title='bbox 381 2720 512 2752; x_wconf 88' lang='lat' dir='ltr'>passum</span> <span class='ocrx_word' id='word_1_436' title='bbox 527 2716 693 2751; x_wconf 88' lang='lat' dir='ltr'>receptae:</span> <span class='ocrx_word' id='word_1_437' title='bbox 708 2719 784 2742; x_wconf 90' lang='lat' dir='ltr'>cum</span> <span class='ocrx_word' id='word_1_438' title='bbox 799 2716 909 2742; x_wconf 88' lang='lat' dir='ltr'>tamen</span> <span class='ocrx_word' id='word_1_439' title='bbox 921 2721 989 2742; x_wconf 91' lang='lat' dir='ltr'>non</span> <span class='ocrx_word' id='word_1_440' title='bbox 1006 2711 1046 2742; x_wconf 90' lang='lat' dir='ltr'>sit</span> <span class='ocrx_word' id='word_1_441' title='bbox 1058 2713 1143 2743; x_wconf 90' lang='lat' dir='ltr'>actio</span> <span class='ocrx_word' id='word_1_442' title='bbox 1155 2713 1312 2743; x_wconf 87' lang='lat' dir='ltr'>transiens</span> <span class='ocrx_word' id='word_1_443' title='bbox 1322 2713 1349 2743; x_wconf 71' lang='lat'>*.</span> 
     </span>
     <span class='ocr_line' id='line_1_57' title="bbox 275 2755 1350 2797; baseline 0.001 -10"><span class='ocrx_word' id='word_1_444' title='bbox 275 2756 339 2787; x_wconf 89' lang='lat' dir='ltr'>Sed</span> <span class='ocrx_word' id='word_1_445' title='bbox 362 2756 512 2796; x_wconf 90' lang='lat' dir='ltr'>deceptio</span> <span class='ocrx_word' id='word_1_446' title='bbox 535 2756 615 2786; x_wconf 88' lang='lat' dir='ltr'>haec</span> <span class='ocrx_word' id='word_1_447' title='bbox 638 2755 763 2786; x_wconf 88' lang='lat' dir='ltr'>tollitur</span> <span class='ocrx_word' id='word_1_448' title='bbox 785 2756 811 2786; x_wconf 91' lang='lat' dir='ltr'>si</span> <span class='ocrx_word' id='word_1_449' title='bbox 835 2755 1058 2787; x_wconf 90' lang='lat' dir='ltr'>consideretur</span> <span class='ocrx_word' id='word_1_450' title='bbox 1073 2755 1165 2797; x_wconf 90' lang='lat' dir='ltr'>quod</span> <span class='ocrx_word' id='word_1_451' title='bbox 1180 2757 1250 2797; x_wconf 91' lang='lat' dir='ltr'>ipsa</span> <span class='ocrx_word' id='word_1_452' title='bbox 1265 2757 1350 2788; x_wconf 89' lang='lat' dir='ltr'>actio</span> 
     </span>
     <span class='ocr_line' id='line_1_58' title="bbox 274 2800 1350 2840; baseline 0.001 -8"><span class='ocrx_word' id='word_1_453' title='bbox 274 2802 456 2832; x_wconf 89' lang='lat' dir='ltr'>immanens</span> <span class='ocrx_word' id='word_1_454' title='bbox 471 2800 505 2831; x_wconf 91' lang='lat' dir='ltr'>in</span> <span class='ocrx_word' id='word_1_455' title='bbox 522 2805 677 2840; x_wconf 90' lang='lat' dir='ltr'>operante</span> <span class='ocrx_word' id='word_1_456' title='bbox 700 2800 740 2830; x_wconf 92' lang='lat' dir='ltr'>sit</span> <span class='ocrx_word' id='word_1_457' title='bbox 764 2800 945 2831; x_wconf 85' lang='lat' dir='ltr'>secundum</span> <span class='ocrx_word' id='word_1_458' title='bbox 961 2810 994 2832; x_wconf 90' lang='lat' dir='ltr'>se</span> <span class='ocrx_word' id='word_1_459' title='bbox 1011 2800 1122 2832; x_wconf 87' lang='lat' dir='ltr'>efficax</span> <span class='ocrx_word' id='word_1_460' title='bbox 1138 2800 1179 2831; x_wconf 94' lang='lat' dir='ltr'>ad</span> <span class='ocrx_word' id='word_1_461' title='bbox 1197 2800 1350 2833; x_wconf 84' lang='lat' dir='ltr'>effectum</span> 
     </span>
     <span class='ocr_line' id='line_1_59' title="bbox 274 2844 1350 2886; baseline 0.002 -10"><span class='ocrx_word' id='word_1_462' title='bbox 274 2846 489 2876; x_wconf 85' lang='lat' dir='ltr'>extrinsecum</span> <span class='ocrx_word' id='word_1_463' title='bbox 518 2844 778 2885; x_wconf 88' lang='lat' dir='ltr'>producendum,</span> <span class='ocrx_word' id='word_1_464' title='bbox 802 2845 846 2875; x_wconf 90' lang='lat' dir='ltr'>ita</span> <span class='ocrx_word' id='word_1_465' title='bbox 873 2850 910 2876; x_wconf 91' lang='lat' dir='ltr'>ut</span> <span class='ocrx_word' id='word_1_466' title='bbox 936 2845 1025 2876; x_wconf 89' lang='lat' dir='ltr'>nulla</span> <span class='ocrx_word' id='word_1_467' title='bbox 1054 2846 1115 2876; x_wconf 89' lang='lat' dir='ltr'>alia</span> <span class='ocrx_word' id='word_1_468' title='bbox 1138 2847 1286 2886; x_wconf 89' lang='lat' dir='ltr'>operatio</span> <span class='ocrx_word' id='word_1_469' title='bbox 1309 2846 1350 2878; x_wconf 88' lang='lat' dir='ltr'>ad</span> 
     </span>
     <span class='ocr_line' id='line_1_60' title="bbox 275 2889 1349 2932; baseline 0.001 -11"><span class='ocrx_word' id='word_1_470' title='bbox 275 2889 426 2921; x_wconf 85' lang='lat' dir='ltr'>effectum</span> <span class='ocrx_word' id='word_1_471' title='bbox 453 2894 579 2930; x_wconf 85' lang='lat' dir='ltr'>praeter</span> <span class='ocrx_word' id='word_1_472' title='bbox 610 2890 714 2929; x_wconf 81' lang='lat' dir='ltr'>ipsam</span> <span class='ocrx_word' id='word_1_473' title='bbox 745 2889 935 2930; x_wconf 87' lang='lat' dir='ltr'>requiratur.</span> <span class='ocrx_word' id='word_1_474' title='bbox 960 2890 1056 2921; x_wconf 91' lang='lat' dir='ltr'>Tunc</span> <span class='ocrx_word' id='word_1_475' title='bbox 1088 2891 1175 2921; x_wconf 90' lang='lat' dir='ltr'>enim</span> <span class='ocrx_word' id='word_1_476' title='bbox 1205 2897 1349 2932; x_wconf 87' lang='lat' dir='ltr'>apparet,</span> 
     </span>
     <span class='ocr_line' id='line_1_61' title="bbox 274 2934 1350 2974; baseline 0.001 -8"><span class='ocrx_word' id='word_1_477' title='bbox 274 2944 350 2966; x_wconf 89' lang='lat' dir='ltr'>cum</span> <span class='ocrx_word' id='word_1_478' title='bbox 373 2935 459 2965; x_wconf 89' lang='lat' dir='ltr'>actio</span> <span class='ocrx_word' id='word_1_479' title='bbox 489 2934 670 2965; x_wconf 90' lang='lat' dir='ltr'>immanens</span> <span class='ocrx_word' id='word_1_480' title='bbox 694 2943 778 2974; x_wconf 93' lang='lat' dir='ltr'>quae</span> <span class='ocrx_word' id='word_1_481' title='bbox 803 2939 850 2965; x_wconf 89' lang='lat' dir='ltr'>est</span> <span class='ocrx_word' id='word_1_482' title='bbox 872 2934 966 2971; x_wconf 88' lang='lat' dir='ltr'>velle,</span> <span class='ocrx_word' id='word_1_483' title='bbox 990 2943 1059 2965; x_wconf 90' lang='lat' dir='ltr'>non</span> <span class='ocrx_word' id='word_1_484' title='bbox 1089 2934 1129 2966; x_wconf 92' lang='lat' dir='ltr'>de</span> <span class='ocrx_word' id='word_1_485' title='bbox 1159 2936 1350 2967; x_wconf 87' lang='lat' dir='ltr'>necessitate</span> 
     </span>
     <span class='ocr_line' id='line_1_62' title="bbox 272 2978 1348 3020; baseline 0.001 -10"><span class='ocrx_word' id='word_1_486' title='bbox 272 2979 415 3020; x_wconf 88' lang='lat' dir='ltr'>requirat</span> <span class='ocrx_word' id='word_1_487' title='bbox 438 2978 697 3009; x_wconf 85' lang='lat' dir='ltr'>co-existentiam</span> <span class='ocrx_word' id='word_1_488' title='bbox 721 2979 770 3010; x_wconf 88' lang='lat' dir='ltr'>sui</span> <span class='ocrx_word' id='word_1_489' title='bbox 794 2979 924 3016; x_wconf 90' lang='lat' dir='ltr'>obiecti,</span> <span class='ocrx_word' id='word_1_490' title='bbox 941 2979 1031 3020; x_wconf 92' lang='lat' dir='ltr'>quod</span> <span class='ocrx_word' id='word_1_491' title='bbox 1055 2984 1163 3020; x_wconf 90' lang='lat' dir='ltr'>potest</span> <span class='ocrx_word' id='word_1_492' title='bbox 1180 2989 1248 3010; x_wconf 89' lang='lat' dir='ltr'>esse</span> <span class='ocrx_word' id='word_1_493' title='bbox 1264 2980 1348 3011; x_wconf 89' lang='lat' dir='ltr'>actio</span> 
     </span>
     <span class='ocr_line' id='line_1_63' title="bbox 273 3022 1349 3066; baseline 0.002 -12"><span class='ocrx_word' id='word_1_494' title='bbox 273 3030 411 3060; x_wconf 87' lang='lat' dir='ltr'>aeterna,</span> <span class='ocrx_word' id='word_1_495' title='bbox 430 3029 462 3054; x_wconf 90' lang='lat' dir='ltr'>et</span> <span class='ocrx_word' id='word_1_496' title='bbox 483 3028 593 3053; x_wconf 89' lang='lat' dir='ltr'>tamen</span> <span class='ocrx_word' id='word_1_497' title='bbox 617 3022 750 3054; x_wconf 84' lang='lat' dir='ltr'>effectus</span> <span class='ocrx_word' id='word_1_498' title='bbox 774 3029 923 3054; x_wconf 88' lang='lat' dir='ltr'>aeternus</span> <span class='ocrx_word' id='word_1_499' title='bbox 945 3033 1014 3054; x_wconf 90' lang='lat' dir='ltr'>non</span> <span class='ocrx_word' id='word_1_500' title='bbox 1038 3024 1106 3055; x_wconf 87' lang='lat' dir='ltr'>erit.</span> <span class='ocrx_word' id='word_1_501' title='bbox 1131 3023 1227 3055; x_wconf 89' lang='lat' dir='ltr'>Unde</span> <span class='ocrx_word' id='word_1_502' title='bbox 1243 3025 1349 3066; x_wconf 90' lang='lat' dir='ltr'>inquit</span> 
     </span>
     <span class='ocr_line' id='line_1_64' title="bbox 274 3067 1350 3111; baseline 0.002 -12"><span class='ocrx_word' id='word_1_503' title='bbox 274 3067 409 3099; x_wconf 88' lang='lat' dir='ltr'>Sanctus</span> <span class='ocrx_word' id='word_1_504' title='bbox 426 3068 572 3098; x_wconf 90' lang='lat' dir='ltr'>Thomas</span> <span class='ocrx_word' id='word_1_505' title='bbox 588 3067 689 3108; x_wconf 90' lang='lat' dir='ltr'>quod,</span> <span class='ocrx_word' id='word_1_506' title='bbox 706 3068 735 3098; x_wconf 83' lang='grc' dir='ltr'>εἰ</span> <span class='ocrx_word' id='word_1_507' title='bbox 751 3068 834 3098; x_wconf 74' lang='lat' dir='ltr'>velle</span> <span class='ocrx_word' id='word_1_508' title='bbox 849 3068 986 3109; x_wconf 71' lang='lat' dir='ltr'>artificis</span> <span class='ocrx_word' id='word_1_509' title='bbox 1001 3074 1083 3099; x_wconf 82' lang='lat' dir='ltr'>esset</span> <span class='ocrx_word' id='word_1_510' title='bbox 1099 3078 1164 3109; x_wconf 80' lang='lat' dir='ltr'>per</span> <span class='ocrx_word' id='word_1_511' title='bbox 1178 3079 1213 3100; x_wconf 84' lang='lat' dir='ltr'>se</span> <span class='ocrx_word' id='word_1_512' title='bbox 1228 3069 1350 3111; x_wconf 78' lang='lat' dir='ltr'>efficax</span> 
     </span>
     <span class='ocr_line' id='line_1_65' title="bbox 273 3112 1348 3156; baseline 0.002 -13"><span class='ocrx_word' id='word_1_513' title='bbox 273 3113 317 3143; x_wconf 83' lang='lat' dir='ltr'>ad</span> <span class='ocrx_word' id='word_1_514' title='bbox 339 3113 488 3154; x_wconf 83' lang='lat' dir='ltr'>effectum</span> <span class='ocrx_word' id='word_1_515' title='bbox 506 3112 767 3156; x_wconf 68' lang='lat' dir='ltr'>producendum,</span> <span class='ocrx_word' id='word_1_516' title='bbox 791 3118 946 3153; x_wconf 91' lang='lat' dir='ltr'>tanquam</span> <span class='ocrx_word' id='word_1_517' title='bbox 970 3113 1092 3143; x_wconf 90' lang='lat' dir='ltr'>scilicet</span> <span class='ocrx_word' id='word_1_518' title='bbox 1110 3113 1234 3144; x_wconf 92' lang='lat' dir='ltr'>nullam</span> <span class='ocrx_word' id='word_1_519' title='bbox 1253 3114 1348 3145; x_wconf 89' lang='lat' dir='ltr'>aliam</span> 
     </span>
     <span class='ocr_line' id='line_1_66' title="bbox 273 3157 1349 3198; baseline 0.002 -10"><span class='ocrx_word' id='word_1_520' title='bbox 273 3159 438 3197; x_wconf 90' lang='lat' dir='ltr'>requirens</span> <span class='ocrx_word' id='word_1_521' title='bbox 457 3158 630 3194; x_wconf 88' lang='lat' dir='ltr'>actionem,</span> <span class='ocrx_word' id='word_1_522' title='bbox 645 3162 836 3198; x_wconf 84' lang='lat' dir='ltr'>sequeretur</span> <span class='ocrx_word' id='word_1_523' title='bbox 851 3157 891 3188; x_wconf 81' lang='lat' dir='ltr'>ab</span> <span class='ocrx_word' id='word_1_524' title='bbox 907 3157 1041 3198; x_wconf 82' lang='lat' dir='ltr'>antiqua</span> <span class='ocrx_word' id='word_1_525' title='bbox 1062 3158 1230 3189; x_wconf 80' lang='lat' dir='ltr'>voluntate</span> <span class='ocrx_word' id='word_1_526' title='bbox 1245 3168 1349 3190; x_wconf 80' lang='lat' dir='ltr'>novus</span> 
     </span>
     <span class='ocr_line' id='line_1_67' title="bbox 273 3201 1348 3242; baseline 0.002 -10"><span class='ocrx_word' id='word_1_527' title='bbox 273 3202 414 3242; x_wconf 80' lang='lat' dir='ltr'>effectus,</span> <span class='ocrx_word' id='word_1_528' title='bbox 433 3202 525 3233; x_wconf 87' lang='lat' dir='ltr'>nulla</span> <span class='ocrx_word' id='word_1_529' title='bbox 542 3211 627 3232; x_wconf 83' lang='lat' dir='ltr'>nova</span> <span class='ocrx_word' id='word_1_530' title='bbox 644 3202 774 3233; x_wconf 82' lang='lat' dir='ltr'>actione</span> <span class='ocrx_word' id='word_1_531' title='bbox 789 3202 955 3233; x_wconf 81' lang='lat' dir='ltr'>existente.</span> <span class='ocrx_word' id='word_1_532' title='bbox 981 3201 1073 3232; x_wconf 89' lang='lat' dir='ltr'>Esset</span> <span class='ocrx_word' id='word_1_533' title='bbox 1097 3203 1184 3233; x_wconf 90' lang='lat' dir='ltr'>enim</span> <span class='ocrx_word' id='word_1_534' title='bbox 1205 3202 1348 3240; x_wconf 83' lang='lat' dir='ltr'>effectus,</span> 
     </span>
     <span class='ocr_line' id='line_1_68' title="bbox 274 3245 1348 3287; baseline 0.002 -11"><span class='ocrx_word' id='word_1_535' title='bbox 274 3255 341 3276; x_wconf 91' lang='lat' dir='ltr'>non</span> <span class='ocrx_word' id='word_1_536' title='bbox 365 3246 643 3287; x_wconf 89' lang='lat' dir='ltr'>quandocumque</span> <span class='ocrx_word' id='word_1_537' title='bbox 675 3252 757 3278; x_wconf 89' lang='lat' dir='ltr'>esset</span> <span class='ocrx_word' id='word_1_538' title='bbox 787 3247 895 3287; x_wconf 90' lang='lat' dir='ltr'>ipsum</span> <span class='ocrx_word' id='word_1_539' title='bbox 925 3245 1018 3283; x_wconf 90' lang='lat' dir='ltr'>velle,</span> <span class='ocrx_word' id='word_1_540' title='bbox 1043 3246 1098 3277; x_wconf 90' lang='lat' dir='ltr'>sed</span> <span class='ocrx_word' id='word_1_541' title='bbox 1129 3247 1262 3287; x_wconf 91' lang='lat' dir='ltr'>quando</span> <span class='ocrx_word' id='word_1_542' title='bbox 1291 3258 1348 3278; x_wconf 93' lang='lat' dir='ltr'>vo-</span> 
     </span>
     <span class='ocr_line' id='line_1_69' title="bbox 274 3290 673 3322; baseline 0.005 -3"><span class='ocrx_word' id='word_1_543' title='bbox 274 3290 379 3321; x_wconf 89' lang='lat' dir='ltr'>luntas</span> <span class='ocrx_word' id='word_1_544' title='bbox 402 3291 498 3322; x_wconf 87' lang='lat' dir='ltr'>vellet</span> <span class='ocrx_word' id='word_1_545' title='bbox 521 3296 558 3321; x_wconf 88' lang='lat' dir='ltr'>ut</span> <span class='ocrx_word' id='word_1_546' title='bbox 582 3296 673 3321; x_wconf 87' lang='lat' dir='ltr'>esset.</span> 
     </span>
    </p>

    <p class='ocr_par' dir='ltr' id='par_1_14' title="bbox 274 3334 1348 3637">
     <span class='ocr_line' id='line_1_70' title="bbox 329 3334 1348 3376; baseline 0.002 -11"><span class='ocrx_word' id='word_1_547' title='bbox 329 3344 360 3372; x_wconf 78' lang='lat'>4.</span> <span class='ocrx_word' id='word_1_548' title='bbox 385 3335 437 3365; x_wconf 80' lang='lat' dir='ltr'>Ad</span> <span class='ocrx_word' id='word_1_549' title='bbox 460 3336 681 3366; x_wconf 88' lang='lat' dir='ltr'>obiectionem</span> <span class='ocrx_word' id='word_1_550' title='bbox 709 3345 786 3376; x_wconf 85' lang='lat' dir='ltr'>ergo</span> <span class='ocrx_word' id='word_1_551' title='bbox 815 3334 942 3371; x_wconf 89' lang='lat' dir='ltr'>dicitur,</span> <span class='ocrx_word' id='word_1_552' title='bbox 970 3334 1087 3375; x_wconf 90' lang='lat' dir='ltr'>primo,</span> <span class='ocrx_word' id='word_1_553' title='bbox 1116 3335 1206 3375; x_wconf 92' lang='lat' dir='ltr'>quod</span> <span class='ocrx_word' id='word_1_554' title='bbox 1234 3336 1348 3376; x_wconf 90' lang='lat' dir='ltr'>utique</span> 
     </span>
     <span class='ocr_line' id='line_1_71' title="bbox 274 3379 1347 3421; baseline 0.003 -13"><span class='ocrx_word' id='word_1_555' title='bbox 274 3379 381 3418; x_wconf 88' lang='lat' dir='ltr'>ipsum</span> <span class='ocrx_word' id='word_1_556' title='bbox 405 3380 496 3415; x_wconf 88' lang='lat' dir='ltr'>velle,</span> <span class='ocrx_word' id='word_1_557' title='bbox 521 3386 681 3420; x_wconf 89' lang='lat' dir='ltr'>quantum</span> <span class='ocrx_word' id='word_1_558' title='bbox 704 3380 744 3411; x_wconf 91' lang='lat' dir='ltr'>ad</span> <span class='ocrx_word' id='word_1_559' title='bbox 767 3380 979 3411; x_wconf 87' lang='lat' dir='ltr'>substantiam</span> <span class='ocrx_word' id='word_1_560' title='bbox 1002 3380 1148 3416; x_wconf 86' lang='lat' dir='ltr'>actionis,</span> <span class='ocrx_word' id='word_1_561' title='bbox 1174 3386 1221 3411; x_wconf 90' lang='lat' dir='ltr'>est</span> <span class='ocrx_word' id='word_1_562' title='bbox 1239 3381 1347 3421; x_wconf 89' lang='lat' dir='ltr'>ipsum</span> 
     </span>
     <span class='ocr_line' id='line_1_72' title="bbox 275 3423 1347 3466; baseline 0.003 -14"><span class='ocrx_word' id='word_1_563' title='bbox 275 3423 464 3462; x_wconf 89' lang='lat' dir='ltr'>producere.</span> <span class='ocrx_word' id='word_1_564' title='bbox 482 3424 522 3455; x_wconf 85' lang='lat' dir='ltr'>Et</span> <span class='ocrx_word' id='word_1_565' title='bbox 537 3434 613 3455; x_wconf 90' lang='lat' dir='ltr'>cum</span> <span class='ocrx_word' id='word_1_566' title='bbox 630 3424 746 3455; x_wconf 89' lang='lat' dir='ltr'>dicitur</span> <span class='ocrx_word' id='word_1_567' title='bbox 771 3423 861 3465; x_wconf 92' lang='lat' dir='ltr'>quod</span> <span class='ocrx_word' id='word_1_568' title='bbox 878 3423 1058 3464; x_wconf 89' lang='lat' dir='ltr'>producere</span> <span class='ocrx_word' id='word_1_569' title='bbox 1077 3434 1145 3455; x_wconf 89' lang='lat' dir='ltr'>non</span> <span class='ocrx_word' id='word_1_570' title='bbox 1163 3430 1210 3455; x_wconf 85' lang='lat' dir='ltr'>est</span> <span class='ocrx_word' id='word_1_571' title='bbox 1225 3426 1347 3466; x_wconf 89' lang='lat' dir='ltr'>absque</span> 
     </span>
     <span class='ocr_line' id='line_1_73' title="bbox 275 3468 1347 3509; baseline 0.004 -13"><span class='ocrx_word' id='word_1_572' title='bbox 275 3468 412 3497; x_wconf 90' lang='lat' dir='ltr'>termino</span> <span class='ocrx_word' id='word_1_573' title='bbox 437 3468 670 3507; x_wconf 87' lang='lat' dir='ltr'>productionis,</span> <span class='ocrx_word' id='word_1_574' title='bbox 697 3468 816 3500; x_wconf 82' lang='lat' dir='ltr'>&#39;dicitur</span> <span class='ocrx_word' id='word_1_575' title='bbox 840 3468 940 3509; x_wconf 88' lang='lat' dir='ltr'>quod,</span> <span class='ocrx_word' id='word_1_576' title='bbox 964 3468 1132 3509; x_wconf 91' lang='lat' dir='ltr'>loquendo</span> <span class='ocrx_word' id='word_1_577' title='bbox 1157 3477 1284 3509; x_wconf 89' lang='lat' dir='ltr'>semper</span> <span class='ocrx_word' id='word_1_578' title='bbox 1308 3469 1347 3500; x_wconf 89' lang='lat' dir='ltr'>de</span> 
     </span>
     <span class='ocr_line' id='line_1_74' title="bbox 275 3511 1348 3553; baseline 0.005 -14"><span class='ocrx_word' id='word_1_579' title='bbox 275 3511 346 3549; x_wconf 89' lang='lat' dir='ltr'>ipso</span> <span class='ocrx_word' id='word_1_580' title='bbox 363 3512 540 3550; x_wconf 86' lang='lat' dir='ltr'>producere</span> <span class='ocrx_word' id='word_1_581' title='bbox 562 3519 720 3553; x_wconf 87' lang='lat' dir='ltr'>quantum</span> <span class='ocrx_word' id='word_1_582' title='bbox 737 3513 777 3544; x_wconf 89' lang='lat' dir='ltr'>ad</span> <span class='ocrx_word' id='word_1_583' title='bbox 801 3513 1012 3544; x_wconf 84' lang='lat' dir='ltr'>substantiam</span> <span class='ocrx_word' id='word_1_584' title='bbox 1035 3513 1182 3549; x_wconf 88' lang='lat' dir='ltr'>actionis,</span> <span class='ocrx_word' id='word_1_585' title='bbox 1198 3513 1277 3544; x_wconf 90' lang='lat' dir='ltr'>illud</span> <span class='ocrx_word' id='word_1_586' title='bbox 1301 3519 1348 3544; x_wconf 90' lang='lat' dir='ltr'>est</span> 
     </span>
     <span class='ocr_line' id='line_1_75' title="bbox 276 3555 1348 3599; baseline 0.005 -16"><span class='ocrx_word' id='word_1_587' title='bbox 276 3563 386 3585; x_wconf 87' lang='lat' dir='ltr'>verum</span> <span class='ocrx_word' id='word_1_588' title='bbox 404 3555 443 3586; x_wconf 89' lang='lat' dir='ltr'>de</span> <span class='ocrx_word' id='word_1_589' title='bbox 460 3557 676 3597; x_wconf 90' lang='lat' dir='ltr'>productione</span> <span class='ocrx_word' id='word_1_590' title='bbox 692 3567 775 3599; x_wconf 91' lang='lat' dir='ltr'>quae</span> <span class='ocrx_word' id='word_1_591' title='bbox 800 3564 848 3588; x_wconf 88' lang='lat' dir='ltr'>est</span> <span class='ocrx_word' id='word_1_592' title='bbox 871 3558 956 3588; x_wconf 90' lang='lat' dir='ltr'>actio</span> <span class='ocrx_word' id='word_1_593' title='bbox 972 3558 1129 3589; x_wconf 86' lang='lat' dir='ltr'>transiens</span> <span class='ocrx_word' id='word_1_594' title='bbox 1153 3558 1187 3588; x_wconf 91' lang='lat' dir='ltr'>in</span> <span class='ocrx_word' id='word_1_595' title='bbox 1211 3558 1348 3589; x_wconf 89' lang='lat' dir='ltr'>exterio-</span> 
     </span>
     <span class='ocr_line' id='line_1_76' title="bbox 276 3601 1216 3637; baseline 0.006 -10"><span class='ocrx_word' id='word_1_596' title='bbox 276 3607 343 3628; x_wconf 86' lang='lat' dir='ltr'>rem</span> <span class='ocrx_word' id='word_1_597' title='bbox 367 3601 542 3637; x_wconf 86' lang='lat' dir='ltr'>materiam,</span> <span class='ocrx_word' id='word_1_598' title='bbox 566 3611 635 3632; x_wconf 90' lang='lat' dir='ltr'>non</span> <span class='ocrx_word' id='word_1_599' title='bbox 659 3607 767 3633; x_wconf 91' lang='lat' dir='ltr'>autem</span> <span class='ocrx_word' id='word_1_600' title='bbox 791 3602 831 3633; x_wconf 92' lang='lat' dir='ltr'>de</span> <span class='ocrx_word' id='word_1_601' title='bbox 854 3602 984 3633; x_wconf 88' lang='lat' dir='ltr'>actione</span> <span class='ocrx_word' id='word_1_602' title='bbox 1007 3603 1216 3633; x_wconf 90' lang='lat' dir='ltr'>immanente.</span> 
     </span>
    </p>

    <p class='ocr_par' dir='ltr' id='par_1_15' title="bbox 276 3642 1348 3732">
     <span class='ocr_line' id='line_1_77' title="bbox 332 3642 1348 3687; baseline 0.005 -15"><span class='ocrx_word' id='word_1_603' title='bbox 332 3642 456 3674; x_wconf 89' lang='lat' dir='ltr'>Dicitur</span> <span class='ocrx_word' id='word_1_604' title='bbox 479 3645 624 3677; x_wconf 88' lang='lat' dir='ltr'>secundo</span> <span class='ocrx_word' id='word_1_605' title='bbox 644 3646 744 3686; x_wconf 91' lang='lat' dir='ltr'>quod,</span> <span class='ocrx_word' id='word_1_606' title='bbox 769 3647 795 3677; x_wconf 91' lang='lat' dir='ltr'>si</span> <span class='ocrx_word' id='word_1_607' title='bbox 818 3646 992 3687; x_wconf 88' lang='lat' dir='ltr'>loquamur</span> <span class='ocrx_word' id='word_1_608' title='bbox 1015 3646 1055 3678; x_wconf 91' lang='lat' dir='ltr'>de</span> <span class='ocrx_word' id='word_1_609' title='bbox 1079 3646 1260 3687; x_wconf 89' lang='lat' dir='ltr'>producere</span> <span class='ocrx_word' id='word_1_610' title='bbox 1280 3656 1348 3677; x_wconf 91' lang='lat' dir='ltr'>non</span> 
     </span>
     <span class='ocr_line' id='line_1_78' title="bbox 276 3689 1348 3732; baseline 0.006 -16"><span class='ocrx_word' id='word_1_611' title='bbox 276 3691 400 3717; x_wconf 84' lang='lat' dir='ltr'>tantum</span> <span class='ocrx_word' id='word_1_612' title='bbox 423 3689 634 3725; x_wconf 87' lang='lat' dir='ltr'>materialiter,</span> <span class='ocrx_word' id='word_1_613' title='bbox 651 3690 706 3721; x_wconf 86' lang='lat' dir='ltr'>sed</span> <span class='ocrx_word' id='word_1_614' title='bbox 731 3691 827 3722; x_wconf 86' lang='lat' dir='ltr'>etiam</span> <span class='ocrx_word' id='word_1_615' title='bbox 851 3691 1026 3722; x_wconf 86' lang='lat' dir='ltr'>formaliter</span> <span class='ocrx_word' id='word_1_616' title='bbox 1049 3697 1196 3732; x_wconf 86' lang='lat' dir='ltr'>sumpto;</span> <span class='ocrx_word' id='word_1_617' title='bbox 1214 3697 1245 3722; x_wconf 90' lang='lat' dir='ltr'>et</span> <span class='ocrx_word' id='word_1_618' title='bbox 1261 3691 1348 3722; x_wconf 81' lang='lat' dir='ltr'>simi-</span> 
     </span>
    </p>
   </div>
   <div class='ocr_carea' id='block_1_8' title="bbox 760 310 2010 356">
    <p class='ocr_par' dir='ltr' id='par_1_16' title="bbox 760 310 2010 356">
     <span class='ocr_line' id='line_1_79' title="bbox 760 310 2010 356; baseline -0.002 -5"><span class='ocrx_word' id='word_1_619' title='bbox 760 313 947 351; x_wconf 91' lang='lat' dir='ltr'>SUMMA</span> <span class='ocrx_word' id='word_1_620' title='bbox 978 312 1200 349; x_wconf 86' lang='lat' dir='ltr'>CONTRA</span> <span class='ocrx_word' id='word_1_621' title='bbox 1229 310 1504 356; x_wconf 86' lang='lat' dir='ltr'>GENTILES,</span> <span class='ocrx_word' id='word_1_622' title='bbox 1533 311 1628 348; x_wconf 87' lang='lat' dir='ltr'>LIB.</span> <span class='ocrx_word' id='word_1_623' title='bbox 1649 311 1690 356; x_wconf 88' lang='lat'>11,</span> <span class='ocrx_word' id='word_1_624' title='bbox 1721 311 1832 348; x_wconf 90' lang='lat' dir='ltr'>CAP.</span> <span class='ocrx_word' id='word_1_625' title='bbox 1853 312 2010 349; x_wconf 86' lang='lat' dir='ltr'><strong>XXXV.</strong></span> 
     </span>
    </p>
   </div>
   <div class='ocr_carea' id='block_1_9' title="bbox 1411 432 1725 466">
    <p class='ocr_par' dir='ltr' id='par_1_17' title="bbox 1411 432 1725 466">
     <span class='ocr_line' id='line_1_80' title="bbox 1411 432 1725 466; baseline 0 0"><span class='ocrx_word' id='word_1_626' title='bbox 1411 432 1725 466; x_wconf 63' lang='lat' dir='ltr'>Fer-ramensis</span> 
     </span>
    </p>
   </div>
   <div class='ocr_carea' id='block_1_10' title="bbox 1399 521 2487 3732">
    <p class='ocr_par' dir='ltr' id='par_1_18' title="bbox 1406 521 2487 1268">
     <span class='ocr_line' id='line_1_81' title="bbox 1410 521 2486 567; baseline 0.007 -15"><span class='ocrx_word' id='word_1_627' title='bbox 1410 522 1480 553; x_wconf 91' lang='lat' dir='ltr'>liter</span> <span class='ocrx_word' id='word_1_628' title='bbox 1496 522 1537 553; x_wconf 92' lang='lat' dir='ltr'>de</span> <span class='ocrx_word' id='word_1_629' title='bbox 1553 522 1635 553; x_wconf 89' lang='lat' dir='ltr'>velle</span> <span class='ocrx_word' id='word_1_630' title='bbox 1652 521 1846 554; x_wconf 85' lang='lat' dir='ltr'>formaliter:</span> <span class='ocrx_word' id='word_1_631' title='bbox 1863 524 1909 555; x_wconf 94' lang='lat' dir='ltr'>sic</span> <span class='ocrx_word' id='word_1_632' title='bbox 1931 524 2014 555; x_wconf 89' lang='lat' dir='ltr'>velle</span> <span class='ocrx_word' id='word_1_633' title='bbox 2037 534 2107 556; x_wconf 92' lang='lat' dir='ltr'>non</span> <span class='ocrx_word' id='word_1_634' title='bbox 2124 530 2171 555; x_wconf 89' lang='lat' dir='ltr'>est</span> <span class='ocrx_word' id='word_1_635' title='bbox 2194 525 2386 567; x_wconf 88' lang='lat' dir='ltr'>producere.</span> <span class='ocrx_word' id='word_1_636' title='bbox 2402 529 2486 560; x_wconf 87' lang='lat' dir='ltr'>Nam</span> 
     </span>
     <span class='ocr_line' id='line_1_82' title="bbox 1409 566 2486 611; baseline 0.007 -15"><span class='ocrx_word' id='word_1_637' title='bbox 1409 566 1590 608; x_wconf 90' lang='lat' dir='ltr'>producere</span> <span class='ocrx_word' id='word_1_638' title='bbox 1614 576 1711 607; x_wconf 89' lang='lat' dir='ltr'>supra</span> <span class='ocrx_word' id='word_1_639' title='bbox 1734 567 1817 598; x_wconf 92' lang='lat' dir='ltr'>velle</span> <span class='ocrx_word' id='word_1_640' title='bbox 1841 567 1929 599; x_wconf 89' lang='lat' dir='ltr'>addit</span> <span class='ocrx_word' id='word_1_641' title='bbox 1951 574 2136 610; x_wconf 88' lang='lat' dir='ltr'>respectum</span> <span class='ocrx_word' id='word_1_642' title='bbox 2158 570 2192 600; x_wconf 90' lang='lat' dir='ltr'>in</span> <span class='ocrx_word' id='word_1_643' title='bbox 2216 577 2331 611; x_wconf 87' lang='lat' dir='ltr'>agente</span> <span class='ocrx_word' id='word_1_644' title='bbox 2350 572 2391 603; x_wconf 92' lang='lat' dir='ltr'>ad</span> <span class='ocrx_word' id='word_1_645' title='bbox 2411 573 2486 604; x_wconf 84' lang='lat' dir='ltr'>effe-</span> 
     </span>
     <span class='ocr_line' id='line_1_83' title="bbox 1409 611 2486 656; baseline 0.006 -14"><span class='ocrx_word' id='word_1_646' title='bbox 1409 617 1498 642; x_wconf 92' lang='lat' dir='ltr'>ctum</span> <span class='ocrx_word' id='word_1_647' title='bbox 1515 611 1724 652; x_wconf 90' lang='lat' dir='ltr'>productum.</span> <span class='ocrx_word' id='word_1_648' title='bbox 1741 611 1847 649; x_wconf 91' lang='lat' dir='ltr'>Unde,</span> <span class='ocrx_word' id='word_1_649' title='bbox 1860 613 1936 644; x_wconf 91' lang='lat' dir='ltr'>licet</span> <span class='ocrx_word' id='word_1_650' title='bbox 1951 614 2128 645; x_wconf 85' lang='lat' dir='ltr'>substantia</span> <span class='ocrx_word' id='word_1_651' title='bbox 2143 615 2245 656; x_wconf 90' lang='lat' dir='ltr'>ipsius</span> <span class='ocrx_word' id='word_1_652' title='bbox 2260 615 2486 656; x_wconf 88' lang='lat' dir='ltr'>productionis</span> 
     </span>
     <span class='ocr_line' id='line_1_84' title="bbox 1408 656 2487 694; baseline 0.005 -7"><span class='ocrx_word' id='word_1_653' title='bbox 1408 657 1449 687; x_wconf 90' lang='lat' dir='ltr'>sit</span> <span class='ocrx_word' id='word_1_654' title='bbox 1464 661 1603 693; x_wconf 89' lang='lat' dir='ltr'>aeterna,</span> <span class='ocrx_word' id='word_1_655' title='bbox 1620 657 1703 687; x_wconf 86' lang='lat' dir='ltr'>sicut</span> <span class='ocrx_word' id='word_1_656' title='bbox 1726 662 1757 688; x_wconf 90' lang='lat' dir='ltr'>et</span> <span class='ocrx_word' id='word_1_657' title='bbox 1772 656 1866 694; x_wconf 86' lang='lat' dir='ltr'>vene,</span> <span class='ocrx_word' id='word_1_658' title='bbox 1881 667 1952 688; x_wconf 90' lang='lat' dir='ltr'>non</span> <span class='ocrx_word' id='word_1_659' title='bbox 1974 664 2084 690; x_wconf 84' lang='lat' dir='ltr'>tamen</span> <span class='ocrx_word' id='word_1_660' title='bbox 2107 659 2147 690; x_wconf 92' lang='lat' dir='ltr'>ab</span> <span class='ocrx_word' id='word_1_661' title='bbox 2171 665 2303 691; x_wconf 87' lang='lat' dir='ltr'>aeterno</span> <span class='ocrx_word' id='word_1_662' title='bbox 2326 661 2423 692; x_wconf 87' lang='lat' dir='ltr'>habet</span> <span class='ocrx_word' id='word_1_663' title='bbox 2438 671 2487 692; x_wconf 87' lang='lat' dir='ltr'>ra-</span> 
     </span>
     <span class='ocr_line' id='line_1_85' title="bbox 1407 701 2487 746; baseline 0.006 -16"><span class='ocrx_word' id='word_1_664' title='bbox 1407 702 1534 731; x_wconf 89' lang='lat' dir='ltr'>tionem</span> <span class='ocrx_word' id='word_1_665' title='bbox 1550 701 1647 731; x_wconf 86' lang='lat' dir='ltr'>huius</span> <span class='ocrx_word' id='word_1_666' title='bbox 1663 701 1755 741; x_wconf 93' lang='lat' dir='ltr'>quod</span> <span class='ocrx_word' id='word_1_667' title='bbox 1771 701 1847 732; x_wconf 91' lang='lat' dir='ltr'>dico</span> <span class='ocrx_word' id='word_1_668' title='bbox 1857 702 2063 742; x_wconf 79' lang='lat' dir='ltr'>producere:</span> <span class='ocrx_word' id='word_1_669' title='bbox 2086 705 2164 744; x_wconf 88' lang='lat' dir='ltr'>quia</span> <span class='ocrx_word' id='word_1_670' title='bbox 2181 711 2348 745; x_wconf 89' lang='lat' dir='ltr'>respectus</span> <span class='ocrx_word' id='word_1_671' title='bbox 2363 707 2487 746; x_wconf 81' lang='lat' dir='ltr'>agentis</span> 
     </span>
     <span class='ocr_line' id='line_1_86' title="bbox 1408 744 2487 787; baseline 0.006 -12"><span class='ocrx_word' id='word_1_672' title='bbox 1408 745 1448 776; x_wconf 89' lang='lat' dir='ltr'>ad</span> <span class='ocrx_word' id='word_1_673' title='bbox 1472 744 1636 782; x_wconf 87' lang='lat' dir='ltr'>effectum,</span> <span class='ocrx_word' id='word_1_674' title='bbox 1659 746 1692 776; x_wconf 90' lang='lat' dir='ltr'>in</span> <span class='ocrx_word' id='word_1_675' title='bbox 1715 746 1788 786; x_wconf 91' lang='lat' dir='ltr'>ipso</span> <span class='ocrx_word' id='word_1_676' title='bbox 1813 746 1994 787; x_wconf 90' lang='lat' dir='ltr'>producere</span> <span class='ocrx_word' id='word_1_677' title='bbox 2013 754 2221 786; x_wconf 82' lang='lat' dir='ltr'>connotatus,</span> <span class='ocrx_word' id='word_1_678' title='bbox 2237 759 2307 781; x_wconf 91' lang='lat' dir='ltr'>non</span> <span class='ocrx_word' id='word_1_679' title='bbox 2323 756 2371 781; x_wconf 92' lang='lat' dir='ltr'>est</span> <span class='ocrx_word' id='word_1_680' title='bbox 2386 756 2487 781; x_wconf 90' lang='lat' dir='ltr'>aeter-</span> 
     </span>
     <span class='ocr_line' id='line_1_87' title="bbox 1407 789 2486 836; baseline 0.006 -16"><span class='ocrx_word' id='word_1_681' title='bbox 1407 800 1479 827; x_wconf 90' lang='lat' dir='ltr'>nus,</span> <span class='ocrx_word' id='word_1_682' title='bbox 1496 789 1553 820; x_wconf 90' lang='lat' dir='ltr'>sed</span> <span class='ocrx_word' id='word_1_683' title='bbox 1573 791 1772 831; x_wconf 90' lang='lat' dir='ltr'>temporalis,</span> <span class='ocrx_word' id='word_1_684' title='bbox 1788 791 1872 823; x_wconf 89' lang='lat' dir='ltr'>sicut</span> <span class='ocrx_word' id='word_1_685' title='bbox 1896 797 1928 824; x_wconf 88' lang='lat' dir='ltr'>et</span> <span class='ocrx_word' id='word_1_686' title='bbox 1950 798 2116 833; x_wconf 85' lang='lat' dir='ltr'>respectus</span> <span class='ocrx_word' id='word_1_687' title='bbox 2138 793 2291 834; x_wconf 88' lang='lat' dir='ltr'>producti</span> <span class='ocrx_word' id='word_1_688' title='bbox 2315 794 2356 826; x_wconf 92' lang='lat' dir='ltr'>ad</span> <span class='ocrx_word' id='word_1_689' title='bbox 2378 795 2486 836; x_wconf 88' lang='lat' dir='ltr'>ipsum</span> 
     </span>
     <span class='ocr_line' id='line_1_88' title="bbox 1406 834 2486 878; baseline 0.006 -13"><span class='ocrx_word' id='word_1_690' title='bbox 1406 834 1654 876; x_wconf 90' lang='lat' dir='ltr'>producentem.</span> <span class='ocrx_word' id='word_1_691' title='bbox 1681 835 1733 866; x_wconf 92' lang='lat' dir='ltr'>Sic</span> <span class='ocrx_word' id='word_1_692' title='bbox 1757 836 1855 867; x_wconf 90' lang='lat' dir='ltr'>etiam</span> <span class='ocrx_word' id='word_1_693' title='bbox 1879 836 2070 868; x_wconf 91' lang='lat' dir='ltr'>conceditur</span> <span class='ocrx_word' id='word_1_694' title='bbox 2093 838 2184 878; x_wconf 93' lang='lat' dir='ltr'>quod</span> <span class='ocrx_word' id='word_1_695' title='bbox 2213 838 2395 878; x_wconf 90' lang='lat' dir='ltr'>producere</span> <span class='ocrx_word' id='word_1_696' title='bbox 2418 849 2486 870; x_wconf 91' lang='lat' dir='ltr'>non</span> 
     </span>
     <span class='ocr_line' id='line_1_89' title="bbox 1408 880 2486 923; baseline 0.005 -13"><span class='ocrx_word' id='word_1_697' title='bbox 1408 885 1455 910; x_wconf 90' lang='lat' dir='ltr'>est</span> <span class='ocrx_word' id='word_1_698' title='bbox 1471 880 1593 920; x_wconf 89' lang='lat' dir='ltr'>absque</span> <span class='ocrx_word' id='word_1_699' title='bbox 1608 880 1765 911; x_wconf 87' lang='lat' dir='ltr'>termino:</span> <span class='ocrx_word' id='word_1_700' title='bbox 1790 881 1867 922; x_wconf 93' lang='lat' dir='ltr'>quia</span> <span class='ocrx_word' id='word_1_701' title='bbox 1889 881 1961 912; x_wconf 90' lang='lat' dir='ltr'>talis</span> <span class='ocrx_word' id='word_1_702' title='bbox 1980 887 2147 922; x_wconf 86' lang='lat' dir='ltr'>respectus</span> <span class='ocrx_word' id='word_1_703' title='bbox 2166 882 2201 913; x_wconf 88' lang='lat' dir='ltr'>in</span> <span class='ocrx_word' id='word_1_704' title='bbox 2217 889 2332 923; x_wconf 83' lang='lat' dir='ltr'>agente</span> <span class='ocrx_word' id='word_1_705' title='bbox 2348 884 2486 915; x_wconf 89' lang='lat' dir='ltr'>existens</span> 
     </span>
     <span class='ocr_line' id='line_1_90' title="bbox 1406 924 2486 968; baseline 0.005 -13"><span class='ocrx_word' id='word_1_706' title='bbox 1406 924 1583 956; x_wconf 87' lang='lat' dir='ltr'>terminum</span> <span class='ocrx_word' id='word_1_707' title='bbox 1606 925 1771 966; x_wconf 84' lang='lat' dir='ltr'>co-exigit.</span> <span class='ocrx_word' id='word_1_708' title='bbox 1796 924 1861 957; x_wconf 89' lang='lat' dir='ltr'>Sed</span> <span class='ocrx_word' id='word_1_709' title='bbox 1883 925 1948 957; x_wconf 91' lang='lat' dir='ltr'>hoc</span> <span class='ocrx_word' id='word_1_710' title='bbox 1971 926 2073 957; x_wconf 91' lang='lat' dir='ltr'>modo</span> <span class='ocrx_word' id='word_1_711' title='bbox 2097 936 2167 958; x_wconf 91' lang='lat' dir='ltr'>non</span> <span class='ocrx_word' id='word_1_712' title='bbox 2189 927 2335 968; x_wconf 88' lang='lat' dir='ltr'>loquitur</span> <span class='ocrx_word' id='word_1_713' title='bbox 2349 928 2486 960; x_wconf 89' lang='lat' dir='ltr'>Sanctus</span> 
     </span>
     <span class='ocr_line' id='line_1_91' title="bbox 1407 969 2487 1012; baseline 0.005 -13"><span class='ocrx_word' id='word_1_714' title='bbox 1407 969 1555 1000; x_wconf 89' lang='lat' dir='ltr'>Thomas</span> <span class='ocrx_word' id='word_1_715' title='bbox 1578 969 1618 1000; x_wconf 94' lang='lat' dir='ltr'>de</span> <span class='ocrx_word' id='word_1_716' title='bbox 1641 969 1834 1010; x_wconf 89' lang='lat' dir='ltr'>producere,</span> <span class='ocrx_word' id='word_1_717' title='bbox 1859 980 1936 1002; x_wconf 90' lang='lat' dir='ltr'>cum</span> <span class='ocrx_word' id='word_1_718' title='bbox 1966 971 2073 1012; x_wconf 89' lang='lat' dir='ltr'>inquit</span> <span class='ocrx_word' id='word_1_719' title='bbox 2097 971 2188 1012; x_wconf 93' lang='lat' dir='ltr'>quod</span> <span class='ocrx_word' id='word_1_720' title='bbox 2218 972 2322 1012; x_wconf 76' lang='lat' dir='ltr'>ipsum</span> <span class='ocrx_word' id='word_1_721' title='bbox 2350 974 2433 1004; x_wconf 72' lang='lat' dir='ltr'>velle</span> <span class='ocrx_word' id='word_1_722' title='bbox 2455 979 2487 1004; x_wconf 87' lang='lat' dir='ltr'>et</span> 
     </span>
     <span class='ocr_line' id='line_1_92' title="bbox 1407 1014 2486 1058; baseline 0.005 -14"><span class='ocrx_word' id='word_1_723' title='bbox 1407 1014 1594 1056; x_wconf 80' lang='lat' dir='ltr'>intelligere</span> <span class='ocrx_word' id='word_1_724' title='bbox 1609 1020 1657 1046; x_wconf 83' lang='lat' dir='ltr'>est</span> <span class='ocrx_word' id='word_1_725' title='bbox 1679 1015 1784 1055; x_wconf 81' lang='lat' dir='ltr'>ipsum</span> <span class='ocrx_word' id='word_1_726' title='bbox 1797 1016 1930 1057; x_wconf 85' lang='lat' dir='ltr'>facere.</span> <span class='ocrx_word' id='word_1_727' title='bbox 1955 1015 2118 1056; x_wconf 88' lang='lat' dir='ltr'>Loquitur</span> <span class='ocrx_word' id='word_1_728' title='bbox 2134 1016 2222 1047; x_wconf 89' lang='lat' dir='ltr'>enim</span> <span class='ocrx_word' id='word_1_729' title='bbox 2238 1016 2279 1048; x_wconf 90' lang='lat' dir='ltr'>de</span> <span class='ocrx_word' id='word_1_730' title='bbox 2294 1017 2368 1058; x_wconf 85' lang='lat' dir='ltr'>ipso</span> <span class='ocrx_word' id='word_1_731' title='bbox 2383 1027 2486 1058; x_wconf 83' lang='lat' dir='ltr'>quan—</span> 
     </span>
     <span class='ocr_line' id='line_1_93' title="bbox 1406 1058 2486 1102; baseline 0.004 -13"><span class='ocrx_word' id='word_1_732' title='bbox 1406 1064 1478 1089; x_wconf 91' lang='lat' dir='ltr'>tum</span> <span class='ocrx_word' id='word_1_733' title='bbox 1501 1058 1542 1090; x_wconf 93' lang='lat' dir='ltr'>ad</span> <span class='ocrx_word' id='word_1_734' title='bbox 1564 1059 1776 1090; x_wconf 90' lang='lat' dir='ltr'>substantiam</span> <span class='ocrx_word' id='word_1_735' title='bbox 1799 1059 1959 1097; x_wconf 88' lang='lat' dir='ltr'>factionis,</span> <span class='ocrx_word' id='word_1_736' title='bbox 1976 1070 2045 1091; x_wconf 91' lang='lat' dir='ltr'>non</span> <span class='ocrx_word' id='word_1_737' title='bbox 2069 1066 2179 1092; x_wconf 84' lang='lat' dir='ltr'>autem</span> <span class='ocrx_word' id='word_1_738' title='bbox 2202 1061 2363 1102; x_wconf 89' lang='lat' dir='ltr'>quantum</span> <span class='ocrx_word' id='word_1_739' title='bbox 2381 1061 2422 1094; x_wconf 90' lang='lat' dir='ltr'>ad</span> <span class='ocrx_word' id='word_1_740' title='bbox 2437 1072 2486 1094; x_wconf 89' lang='lat' dir='ltr'>re-</span> 
     </span>
     <span class='ocr_line' id='line_1_94' title="bbox 1406 1105 2485 1147; baseline 0.005 -14"><span class='ocrx_word' id='word_1_741' title='bbox 1406 1109 1536 1144; x_wconf 92' lang='lat' dir='ltr'>spectus</span> <span class='ocrx_word' id='word_1_742' title='bbox 1560 1110 1769 1135; x_wconf 86' lang='lat' dir='ltr'>connotatos:</span> <span class='ocrx_word' id='word_1_743' title='bbox 1796 1106 1872 1145; x_wconf 88' lang='lat' dir='ltr'>quia</span> <span class='ocrx_word' id='word_1_744' title='bbox 1896 1110 1928 1135; x_wconf 91' lang='lat' dir='ltr'>et</span> <span class='ocrx_word' id='word_1_745' title='bbox 1951 1105 2094 1136; x_wconf 90' lang='lat' dir='ltr'>obiectio</span> <span class='ocrx_word' id='word_1_746' title='bbox 2119 1105 2159 1137; x_wconf 91' lang='lat' dir='ltr'>ad</span> <span class='ocrx_word' id='word_1_747' title='bbox 2182 1114 2282 1146; x_wconf 89' lang='lat' dir='ltr'>quam</span> <span class='ocrx_word' id='word_1_748' title='bbox 2300 1106 2485 1147; x_wconf 89' lang='lat' dir='ltr'>respondet,</span> 
     </span>
     <span class='ocr_line' id='line_1_95' title="bbox 1407 1147 2487 1191; baseline 0.004 -13"><span class='ocrx_word' id='word_1_749' title='bbox 1407 1147 1447 1178; x_wconf 94' lang='lat' dir='ltr'>de</span> <span class='ocrx_word' id='word_1_750' title='bbox 1463 1147 1605 1179; x_wconf 89' lang='lat' dir='ltr'>factione</span> <span class='ocrx_word' id='word_1_751' title='bbox 1623 1149 1830 1180; x_wconf 86' lang='lat' dir='ltr'>materialiter</span> <span class='ocrx_word' id='word_1_752' title='bbox 1852 1155 1983 1190; x_wconf 88' lang='lat' dir='ltr'>sumpta</span> <span class='ocrx_word' id='word_1_753' title='bbox 1998 1155 2030 1181; x_wconf 90' lang='lat' dir='ltr'>et</span> <span class='ocrx_word' id='word_1_754' title='bbox 2045 1150 2156 1191; x_wconf 85' lang='lat' dir='ltr'>quoad</span> <span class='ocrx_word' id='word_1_755' title='bbox 2179 1150 2401 1189; x_wconf 85' lang='lat' dir='ltr'>substantiam,</span> <span class='ocrx_word' id='word_1_756' title='bbox 2417 1161 2487 1183; x_wconf 91' lang='lat' dir='ltr'>non</span> 
     </span>
     <span class='ocr_line' id='line_1_96' title="bbox 1406 1192 2487 1268; baseline 0.004 -45"><span class='ocrx_word' id='word_1_757' title='bbox 1406 1198 1516 1268; x_wconf 55' lang='lat' dir='ltr'>auctlem</span> <span class='ocrx_word' id='word_1_758' title='bbox 1539 1192 1718 1225; x_wconf 86' lang='lat' dir='ltr'>formaliter</span> <span class='ocrx_word' id='word_1_759' title='bbox 1733 1194 1844 1234; x_wconf 91' lang='lat' dir='ltr'>quoad</span> <span class='ocrx_word' id='word_1_760' title='bbox 1860 1203 1976 1226; x_wconf 89' lang='lat' dir='ltr'>omnes</span> <span class='ocrx_word' id='word_1_761' title='bbox 1998 1201 2164 1236; x_wconf 90' lang='lat' dir='ltr'>respectus</span> <span class='ocrx_word' id='word_1_762' title='bbox 2187 1201 2395 1234; x_wconf 86' lang='lat' dir='ltr'>connotatos,</span> <span class='ocrx_word' id='word_1_763' title='bbox 2410 1205 2487 1237; x_wconf 88' lang='lat' dir='ltr'>pro-</span> 
     </span>
     <span class='ocr_line' id='line_1_97' title="bbox 1407 1238 1551 1268; baseline 0 0"><span class='ocrx_word' id='word_1_764' title='bbox 1407 1247 1444 1268; x_wconf 95' lang='lat' dir='ltr'>ce</span> <span class='ocrx_word' id='word_1_765' title='bbox 1469 1238 1551 1268; x_wconf 88' lang='lat' dir='ltr'>ebat.</span> 
     </span>
    </p>

    <p class='ocr_par' dir='ltr' id='par_1_19' title="bbox 1404 1282 2486 1594">
     <span class='ocr_line' id='line_1_98' title="bbox 1463 1282 2486 1327; baseline 0.004 -15"><span class='ocrx_word' id='word_1_766' title='bbox 1463 1282 1514 1313; x_wconf 91' lang='lat'>111.</span> <span class='ocrx_word' id='word_1_767' title='bbox 1540 1283 1591 1313; x_wconf 84' lang='lat' dir='ltr'>Ad</span> <span class='ocrx_word' id='word_1_768' title='bbox 1615 1283 1744 1314; x_wconf 79' lang='lat' dir='ltr'>tertiam</span> <span class='ocrx_word' id='word_1_769' title='bbox 1768 1284 1991 1320; x_wconf 79' lang='lat' dir='ltr'>abiectionem,</span> <span class='ocrx_word' id='word_1_770' title='bbox 2016 1284 2093 1316; x_wconf 91' lang='lat' dir='ltr'>dicit</span> <span class='ocrx_word' id='word_1_771' title='bbox 2122 1285 2241 1326; x_wconf 88' lang='lat' dir='ltr'>primo,</span> <span class='ocrx_word' id='word_1_772' title='bbox 2266 1284 2358 1326; x_wconf 92' lang='lat' dir='ltr'>quod</span> <span class='ocrx_word' id='word_1_773' title='bbox 2380 1286 2486 1327; x_wconf 81' lang='lat' dir='ltr'>posita</span> 
     </span>
     <span class='ocr_line' id='line_1_99' title="bbox 1406 1327 2485 1370; baseline 0.004 -13"><span class='ocrx_word' id='word_1_774' title='bbox 1406 1336 1502 1358; x_wconf 89' lang='lat' dir='ltr'>causa</span> <span class='ocrx_word' id='word_1_775' title='bbox 1526 1327 1706 1359; x_wconf 88' lang='lat' dir='ltr'>sufficiente</span> <span class='ocrx_word' id='word_1_776' title='bbox 1729 1329 1864 1369; x_wconf 91' lang='lat' dir='ltr'>ponitur</span> <span class='ocrx_word' id='word_1_777' title='bbox 1887 1329 1957 1360; x_wconf 90' lang='lat' dir='ltr'>eius</span> <span class='ocrx_word' id='word_1_778' title='bbox 1981 1328 2124 1367; x_wconf 84' lang='lat' dir='ltr'>effectus,</span> <span class='ocrx_word' id='word_1_779' title='bbox 2140 1339 2210 1361; x_wconf 91' lang='lat' dir='ltr'>non</span> <span class='ocrx_word' id='word_1_780' title='bbox 2226 1329 2360 1370; x_wconf 84' lang='lat' dir='ltr'>quidem</span> <span class='ocrx_word' id='word_1_781' title='bbox 2383 1335 2485 1362; x_wconf 88' lang='lat' dir='ltr'>extra-</span> 
     </span>
     <span class='ocr_line' id='line_1_100' title="bbox 1405 1371 2485 1415; baseline 0.004 -13"><span class='ocrx_word' id='word_1_782' title='bbox 1405 1380 1498 1408; x_wconf 90' lang='lat' dir='ltr'>neus,</span> <span class='ocrx_word' id='word_1_783' title='bbox 1515 1371 1572 1403; x_wconf 90' lang='lat' dir='ltr'>sed</span> <span class='ocrx_word' id='word_1_784' title='bbox 1587 1373 1749 1414; x_wconf 88' lang='lat' dir='ltr'>proprius.</span> <span class='ocrx_word' id='word_1_785' title='bbox 1774 1373 1816 1405; x_wconf 93' lang='lat' dir='ltr'>Et</span> <span class='ocrx_word' id='word_1_786' title='bbox 1838 1373 1925 1410; x_wconf 88' lang='lat' dir='ltr'>ideo,</span> <span class='ocrx_word' id='word_1_787' title='bbox 1943 1382 2019 1404; x_wconf 90' lang='lat' dir='ltr'>cum</span> <span class='ocrx_word' id='word_1_788' title='bbox 2043 1375 2194 1415; x_wconf 88' lang='lat' dir='ltr'>proprius</span> <span class='ocrx_word' id='word_1_789' title='bbox 2219 1373 2352 1406; x_wconf 83' lang='lat' dir='ltr'>effectus</span> <span class='ocrx_word' id='word_1_790' title='bbox 2367 1375 2485 1406; x_wconf 88' lang='lat' dir='ltr'>volun-</span> 
     </span>
     <span class='ocr_line' id='line_1_101' title="bbox 1405 1415 2485 1458; baseline 0.004 -11"><span class='ocrx_word' id='word_1_791' title='bbox 1405 1417 1477 1447; x_wconf 88' lang='lat' dir='ltr'>tatis</span> <span class='ocrx_word' id='word_1_792' title='bbox 1493 1417 1533 1447; x_wconf 89' lang='lat' dir='ltr'>sit</span> <span class='ocrx_word' id='word_1_793' title='bbox 1548 1422 1585 1448; x_wconf 91' lang='lat' dir='ltr'>ut</span> <span class='ocrx_word' id='word_1_794' title='bbox 1601 1417 1641 1448; x_wconf 92' lang='lat' dir='ltr'>sit</span> <span class='ocrx_word' id='word_1_795' title='bbox 1656 1417 1720 1448; x_wconf 94' lang='lat' dir='ltr'>hoc</span> <span class='ocrx_word' id='word_1_796' title='bbox 1737 1418 1828 1458; x_wconf 93' lang='lat' dir='ltr'>quod</span> <span class='ocrx_word' id='word_1_797' title='bbox 1850 1415 2001 1450; x_wconf 85' lang='lat' dir='ltr'>voluntas</span> <span class='ocrx_word' id='word_1_798' title='bbox 2024 1418 2107 1455; x_wconf 85' lang='lat' dir='ltr'>vult;</span> <span class='ocrx_word' id='word_1_799' title='bbox 2131 1419 2210 1450; x_wconf 82' lang='lat' dir='ltr'>velit</span> <span class='ocrx_word' id='word_1_800' title='bbox 2231 1425 2341 1450; x_wconf 88' lang='lat' dir='ltr'>autem</span> <span class='ocrx_word' id='word_1_801' title='bbox 2364 1425 2402 1451; x_wconf 90' lang='lat' dir='ltr'>ut</span> <span class='ocrx_word' id='word_1_802' title='bbox 2420 1419 2485 1451; x_wconf 88' lang='lat' dir='ltr'>hoc</span> 
     </span>
     <span class='ocr_line' id='line_1_102' title="bbox 1405 1461 2484 1504; baseline 0.003 -12"><span class='ocrx_word' id='word_1_803' title='bbox 1405 1462 1445 1492; x_wconf 90' lang='lat' dir='ltr'>sit</span> <span class='ocrx_word' id='word_1_804' title='bbox 1463 1466 1559 1492; x_wconf 86' lang='lat' dir='ltr'>tunc:</span> <span class='ocrx_word' id='word_1_805' title='bbox 1584 1468 1716 1503; x_wconf 88' lang='lat' dir='ltr'>oportet</span> <span class='ocrx_word' id='word_1_806' title='bbox 1731 1462 1772 1494; x_wconf 86' lang='lat' dir='ltr'>ad</span> <span class='ocrx_word' id='word_1_807' title='bbox 1787 1463 1853 1494; x_wconf 89' lang='lat' dir='ltr'>hoc</span> <span class='ocrx_word' id='word_1_808' title='bbox 1869 1461 1959 1504; x_wconf 92' lang='lat' dir='ltr'>quod</span> <span class='ocrx_word' id='word_1_809' title='bbox 1976 1463 2127 1494; x_wconf 89' lang='lat' dir='ltr'>voluntas</span> <span class='ocrx_word' id='word_1_810' title='bbox 2143 1464 2183 1494; x_wconf 89' lang='lat' dir='ltr'>sit</span> <span class='ocrx_word' id='word_1_811' title='bbox 2197 1463 2361 1495; x_wconf 83' lang='lat' dir='ltr'>sufficiens</span> <span class='ocrx_word' id='word_1_812' title='bbox 2377 1474 2484 1502; x_wconf 83' lang='lat' dir='ltr'>causa,</span> 
     </span>
     <span class='ocr_line' id='line_1_103' title="bbox 1405 1506 2484 1550; baseline 0.003 -13"><span class='ocrx_word' id='word_1_813' title='bbox 1405 1512 1442 1537; x_wconf 91' lang='lat' dir='ltr'>ut</span> <span class='ocrx_word' id='word_1_814' title='bbox 1465 1506 1599 1538; x_wconf 85' lang='lat' dir='ltr'>effectus</span> <span class='ocrx_word' id='word_1_815' title='bbox 1623 1507 1663 1538; x_wconf 91' lang='lat' dir='ltr'>sit</span> <span class='ocrx_word' id='word_1_816' title='bbox 1686 1507 1820 1548; x_wconf 89' lang='lat' dir='ltr'>quando</span> <span class='ocrx_word' id='word_1_817' title='bbox 1843 1508 1994 1539; x_wconf 86' lang='lat' dir='ltr'>voluntas</span> <span class='ocrx_word' id='word_1_818' title='bbox 2018 1513 2066 1539; x_wconf 90' lang='lat' dir='ltr'>est</span> <span class='ocrx_word' id='word_1_819' title='bbox 2088 1513 2126 1539; x_wconf 89' lang='lat' dir='ltr'>ut</span> <span class='ocrx_word' id='word_1_820' title='bbox 2148 1509 2199 1546; x_wconf 88' lang='lat' dir='ltr'>sit,</span> <span class='ocrx_word' id='word_1_821' title='bbox 2218 1515 2251 1540; x_wconf 90' lang='lat' dir='ltr'>et</span> <span class='ocrx_word' id='word_1_822' title='bbox 2274 1509 2407 1550; x_wconf 88' lang='lat' dir='ltr'>quando</span> <span class='ocrx_word' id='word_1_823' title='bbox 2425 1518 2484 1541; x_wconf 83' lang='lat' dir='ltr'>vo-</span> 
     </span>
     <span class='ocr_line' id='line_1_104' title="bbox 1404 1550 2003 1594; baseline 0.002 -12"><span class='ocrx_word' id='word_1_824' title='bbox 1404 1551 1512 1582; x_wconf 88' lang='lat' dir='ltr'>luntas</span> <span class='ocrx_word' id='word_1_825' title='bbox 1535 1550 1687 1583; x_wconf 84' lang='lat' dir='ltr'>effectum</span> <span class='ocrx_word' id='word_1_826' title='bbox 1711 1562 1781 1583; x_wconf 91' lang='lat' dir='ltr'>esse</span> <span class='ocrx_word' id='word_1_827' title='bbox 1805 1552 1966 1594; x_wconf 89' lang='lat' dir='ltr'>disposuit</span> <span class='ocrx_word' id='word_1_828' title='bbox 1976 1553 2003 1583; x_wconf 74' lang='lat'>⁵.</span> 
     </span>
    </p>

    <p class='ocr_par' dir='ltr' id='par_1_20' title="bbox 1404 1595 2485 1949">
     <span class='ocr_line' id='line_1_105' title="bbox 1461 1595 2485 1638; baseline 0.004 -12"><span class='ocrx_word' id='word_1_829' title='bbox 1461 1595 1547 1627; x_wconf 93' lang='lat' dir='ltr'>Dicit</span> <span class='ocrx_word' id='word_1_830' title='bbox 1570 1595 1726 1634; x_wconf 91' lang='lat' dir='ltr'>secundo,</span> <span class='ocrx_word' id='word_1_831' title='bbox 1751 1596 1843 1638; x_wconf 90' lang='lat' dir='ltr'>quod</span> <span class='ocrx_word' id='word_1_832' title='bbox 1872 1598 1907 1628; x_wconf 90' lang='lat' dir='ltr'>in</span> <span class='ocrx_word' id='word_1_833' title='bbox 1937 1597 2002 1628; x_wconf 86' lang='lat' dir='ltr'>hoc</span> <span class='ocrx_word' id='word_1_834' title='bbox 2033 1596 2138 1628; x_wconf 84' lang='lat' dir='ltr'>differt</span> <span class='ocrx_word' id='word_1_835' title='bbox 2168 1607 2264 1629; x_wconf 85' lang='lat' dir='ltr'>causa</span> <span class='ocrx_word' id='word_1_836' title='bbox 2290 1597 2444 1630; x_wconf 74' lang='lat' dir='ltr'>naturalis</span> <span class='ocrx_word' id='word_1_837' title='bbox 2465 1609 2485 1630; x_wconf 88' lang='lat' dir='ltr'>a</span> 
     </span>
     <span class='ocr_line' id='line_1_106' title="bbox 1404 1640 2485 1684; baseline 0.003 -13"><span class='ocrx_word' id='word_1_838' title='bbox 1404 1640 1596 1678; x_wconf 89' lang='lat' dir='ltr'>voluntaria,</span> <span class='ocrx_word' id='word_1_839' title='bbox 1622 1641 1713 1682; x_wconf 92' lang='lat' dir='ltr'>quod</span> <span class='ocrx_word' id='word_1_840' title='bbox 1740 1641 1780 1672; x_wconf 92' lang='lat' dir='ltr'>ad</span> <span class='ocrx_word' id='word_1_841' title='bbox 1805 1651 1874 1672; x_wconf 90' lang='lat' dir='ltr'>esse</span> <span class='ocrx_word' id='word_1_842' title='bbox 1907 1651 2023 1672; x_wconf 89' lang='lat' dir='ltr'>causae</span> <span class='ocrx_word' id='word_1_843' title='bbox 2054 1642 2207 1673; x_wconf 89' lang='lat' dir='ltr'>naturalis</span> <span class='ocrx_word' id='word_1_844' title='bbox 2237 1643 2330 1684; x_wconf 90' lang='lat' dir='ltr'>sequi</span> <span class='ocrx_word' id='word_1_845' title='bbox 2354 1648 2485 1684; x_wconf 88' lang='lat' dir='ltr'>oportet</span> 
     </span>
     <span class='ocr_line' id='line_1_107' title="bbox 1405 1685 2482 1728; baseline 0.002 -12"><span class='ocrx_word' id='word_1_846' title='bbox 1405 1685 1568 1722; x_wconf 84' lang='lat' dir='ltr'>effectum,</span> <span class='ocrx_word' id='word_1_847' title='bbox 1586 1687 1662 1726; x_wconf 88' lang='lat' dir='ltr'>quia</span> <span class='ocrx_word' id='word_1_848' title='bbox 1686 1686 1770 1717; x_wconf 91' lang='lat' dir='ltr'>actio</span> <span class='ocrx_word' id='word_1_849' title='bbox 1794 1691 1928 1717; x_wconf 86' lang='lat' dir='ltr'>naturae</span> <span class='ocrx_word' id='word_1_850' title='bbox 1951 1691 2000 1717; x_wconf 92' lang='lat' dir='ltr'>est</span> <span class='ocrx_word' id='word_1_851' title='bbox 2023 1686 2204 1718; x_wconf 88' lang='lat' dir='ltr'>secundum</span> <span class='ocrx_word' id='word_1_852' title='bbox 2228 1686 2320 1728; x_wconf 89' lang='lat' dir='ltr'>quod</span> <span class='ocrx_word' id='word_1_853' title='bbox 2335 1686 2404 1728; x_wconf 83' lang='lat' dir='ltr'>ipsa</span> <span class='ocrx_word' id='word_1_854' title='bbox 2420 1692 2482 1718; x_wconf 78' lang='lat' dir='ltr'>est:</span> 
     </span>
     <span class='ocr_line' id='line_1_108' title="bbox 1405 1730 2482 1773; baseline 0.003 -13"><span class='ocrx_word' id='word_1_855' title='bbox 1405 1740 1473 1761; x_wconf 92' lang='lat' dir='ltr'>non</span> <span class='ocrx_word' id='word_1_856' title='bbox 1497 1735 1607 1760; x_wconf 87' lang='lat' dir='ltr'>autem</span> <span class='ocrx_word' id='word_1_857' title='bbox 1631 1730 1671 1761; x_wconf 91' lang='lat' dir='ltr'>ad</span> <span class='ocrx_word' id='word_1_858' title='bbox 1695 1740 1765 1762; x_wconf 91' lang='lat' dir='ltr'>esse</span> <span class='ocrx_word' id='word_1_859' title='bbox 1788 1740 1904 1762; x_wconf 91' lang='lat' dir='ltr'>causae</span> <span class='ocrx_word' id='word_1_860' title='bbox 1921 1731 2131 1768; x_wconf 84' lang='lat' dir='ltr'>voluntariae,</span> <span class='ocrx_word' id='word_1_861' title='bbox 2148 1732 2225 1772; x_wconf 88' lang='lat' dir='ltr'>quia</span> <span class='ocrx_word' id='word_1_862' title='bbox 2239 1732 2392 1763; x_wconf 87' lang='lat' dir='ltr'>voluntas</span> <span class='ocrx_word' id='word_1_863' title='bbox 2407 1733 2482 1773; x_wconf 79' lang='lat' dir='ltr'>agit,</span> 
     </span>
     <span class='ocr_line' id='line_1_109' title="bbox 1405 1774 2483 1812; baseline 0.002 -6"><span class='ocrx_word' id='word_1_864' title='bbox 1405 1785 1473 1806; x_wconf 91' lang='lat' dir='ltr'>non</span> <span class='ocrx_word' id='word_1_865' title='bbox 1497 1774 1679 1806; x_wconf 90' lang='lat' dir='ltr'>secundum</span> <span class='ocrx_word' id='word_1_866' title='bbox 1708 1774 1847 1806; x_wconf 89' lang='lat' dir='ltr'>modum</span> <span class='ocrx_word' id='word_1_867' title='bbox 1877 1776 1929 1806; x_wconf 89' lang='lat' dir='ltr'>sui</span> <span class='ocrx_word' id='word_1_868' title='bbox 1952 1784 2032 1812; x_wconf 87' lang='lat' dir='ltr'>esse,</span> <span class='ocrx_word' id='word_1_869' title='bbox 2055 1775 2113 1807; x_wconf 91' lang='lat' dir='ltr'>sed</span> <span class='ocrx_word' id='word_1_870' title='bbox 2135 1776 2318 1808; x_wconf 86' lang='lat' dir='ltr'>secundum</span> <span class='ocrx_word' id='word_1_871' title='bbox 2344 1776 2483 1808; x_wconf 84' lang='lat' dir='ltr'>modum</span> 
     </span>
     <span class='ocr_line' id='line_1_110' title="bbox 1405 1819 2482 1862; baseline 0.003 -12"><span class='ocrx_word' id='word_1_872' title='bbox 1405 1820 1455 1851; x_wconf 91' lang='lat' dir='ltr'>sui</span> <span class='ocrx_word' id='word_1_873' title='bbox 1478 1820 1649 1860; x_wconf 90' lang='lat' dir='ltr'>propositi.</span> <span class='ocrx_word' id='word_1_874' title='bbox 1674 1819 1779 1856; x_wconf 93' lang='lat' dir='ltr'>Unde,</span> <span class='ocrx_word' id='word_1_875' title='bbox 1804 1829 1881 1851; x_wconf 89' lang='lat' dir='ltr'>cum</span> <span class='ocrx_word' id='word_1_876' title='bbox 1905 1819 1994 1851; x_wconf 87' lang='lat' dir='ltr'>Deus</span> <span class='ocrx_word' id='word_1_877' title='bbox 2017 1821 2059 1850; x_wconf 90' lang='lat' dir='ltr'>sit</span> <span class='ocrx_word' id='word_1_878' title='bbox 2081 1830 2180 1861; x_wconf 82' lang='lat' dir='ltr'>agens</span> <span class='ocrx_word' id='word_1_879' title='bbox 2195 1830 2254 1862; x_wconf 90' lang='lat' dir='ltr'>per</span> <span class='ocrx_word' id='word_1_880' title='bbox 2268 1821 2482 1859; x_wconf 81' lang='lat' dir='ltr'>voluntatem,</span> 
     </span>
     <span class='ocr_line' id='line_1_111' title="bbox 1405 1863 2484 1908; baseline 0.003 -13"><span class='ocrx_word' id='word_1_881' title='bbox 1405 1864 1481 1895; x_wconf 89' lang='lat' dir='ltr'>licet</span> <span class='ocrx_word' id='word_1_882' title='bbox 1503 1865 1544 1895; x_wconf 93' lang='lat' dir='ltr'>sit</span> <span class='ocrx_word' id='word_1_883' title='bbox 1567 1863 1729 1895; x_wconf 85' lang='lat' dir='ltr'>sufficiens</span> <span class='ocrx_word' id='word_1_884' title='bbox 1750 1874 1846 1895; x_wconf 90' lang='lat' dir='ltr'>causa</span> <span class='ocrx_word' id='word_1_885' title='bbox 1862 1869 1895 1894; x_wconf 89' lang='lat' dir='ltr'>et</span> <span class='ocrx_word' id='word_1_886' title='bbox 1910 1865 1951 1894; x_wconf 87' lang='lat' dir='ltr'>sit</span> <span class='ocrx_word' id='word_1_887' title='bbox 1966 1870 2125 1902; x_wconf 90' lang='lat' dir='ltr'>aeternus,</span> <span class='ocrx_word' id='word_1_888' title='bbox 2141 1875 2211 1896; x_wconf 90' lang='lat' dir='ltr'>non</span> <span class='ocrx_word' id='word_1_889' title='bbox 2226 1870 2336 1898; x_wconf 87' lang='lat' dir='ltr'>tamen</span> <span class='ocrx_word' id='word_1_890' title='bbox 2351 1871 2484 1908; x_wconf 86' lang='lat' dir='ltr'>oportet</span> 
     </span>
     <span class='ocr_line' id='line_1_112' title="bbox 1405 1907 2094 1949; baseline 0.001 -10"><span class='ocrx_word' id='word_1_891' title='bbox 1405 1908 1497 1949; x_wconf 92' lang='lat' dir='ltr'>quod</span> <span class='ocrx_word' id='word_1_892' title='bbox 1521 1909 1590 1939; x_wconf 90' lang='lat' dir='ltr'>eius</span> <span class='ocrx_word' id='word_1_893' title='bbox 1613 1907 1747 1939; x_wconf 85' lang='lat' dir='ltr'>effectus</span> <span class='ocrx_word' id='word_1_894' title='bbox 1770 1913 1912 1948; x_wconf 88' lang='lat' dir='ltr'>ponatur</span> <span class='ocrx_word' id='word_1_895' title='bbox 1935 1913 2094 1940; x_wconf 86' lang='lat' dir='ltr'>aeternus.</span> 
     </span>
    </p>

    <p class='ocr_par' dir='ltr' id='par_1_21' title="bbox 1402 1951 2483 2261">
     <span class='ocr_line' id='line_1_113' title="bbox 1462 1951 2482 1992; baseline 0.003 -9"><span class='ocrx_word' id='word_1_896' title='bbox 1462 1961 1492 1983; x_wconf 88' lang='lat'>2.</span> <span class='ocrx_word' id='word_1_897' title='bbox 1517 1951 1613 1984; x_wconf 87' lang='lat' dir='ltr'>Circa</span> <span class='ocrx_word' id='word_1_898' title='bbox 1643 1951 1857 1984; x_wconf 81' lang='lat' dir='ltr'>differentiam</span> <span class='ocrx_word' id='word_1_899' title='bbox 1887 1961 2004 1984; x_wconf 83' lang='lat' dir='ltr'>causae</span> <span class='ocrx_word' id='word_1_900' title='bbox 2033 1953 2186 1984; x_wconf 88' lang='lat' dir='ltr'>naturalis</span> <span class='ocrx_word' id='word_1_901' title='bbox 2214 1959 2246 1984; x_wconf 90' lang='lat' dir='ltr'>et</span> <span class='ocrx_word' id='word_1_902' title='bbox 2269 1953 2482 1992; x_wconf 81' lang='lat' dir='ltr'>voluntariae,</span> 
     </span>
     <span class='ocr_line' id='line_1_114' title="bbox 1405 1996 2483 2039; baseline 0.002 -11"><span class='ocrx_word' id='word_1_903' title='bbox 1405 1997 1482 2038; x_wconf 90' lang='lat' dir='ltr'>quia</span> <span class='ocrx_word' id='word_1_904' title='bbox 1504 1996 1655 2027; x_wconf 91' lang='lat' dir='ltr'>videlicet</span> <span class='ocrx_word' id='word_1_905' title='bbox 1678 1997 1843 2028; x_wconf 81' lang='lat' dir='ltr'>naturalis</span> <span class='ocrx_word' id='word_1_906' title='bbox 1873 1997 1946 2038; x_wconf 75' lang='lat' dir='ltr'>agit</span> <span class='ocrx_word' id='word_1_907' title='bbox 1973 1996 2150 2028; x_wconf 81' lang='lat' dir='ltr'>secundum</span> <span class='ocrx_word' id='word_1_908' title='bbox 2174 1998 2263 2039; x_wconf 83' lang='lat' dir='ltr'>quod</span> <span class='ocrx_word' id='word_1_909' title='bbox 2284 2004 2342 2035; x_wconf 83' lang='lat' dir='ltr'>est,</span> <span class='ocrx_word' id='word_1_910' title='bbox 2367 1999 2483 2030; x_wconf 67' lang='lat' dir='ltr'>rolan-</span> 
     </span>
     <span class='ocr_line' id='line_1_115' title="bbox 1404 2041 2482 2084; baseline 0.004 -12"><span class='ocrx_word' id='word_1_911' title='bbox 1404 2042 1492 2072; x_wconf 81' lang='lat' dir='ltr'>taria</span> <span class='ocrx_word' id='word_1_912' title='bbox 1523 2046 1631 2072; x_wconf 85' lang='lat' dir='ltr'>autem</span> <span class='ocrx_word' id='word_1_913' title='bbox 1659 2041 1837 2072; x_wconf 82' lang='lat' dir='ltr'>secundum</span> <span class='ocrx_word' id='word_1_914' title='bbox 1869 2041 2001 2072; x_wconf 84' lang='lat' dir='ltr'>modum</span> <span class='ocrx_word' id='word_1_915' title='bbox 2030 2042 2084 2073; x_wconf 81' lang='lat' dir='ltr'>sui</span> <span class='ocrx_word' id='word_1_916' title='bbox 2107 2043 2282 2084; x_wconf 74' lang='lat' dir='ltr'>propositi,</span> <span class='ocrx_word' id='word_1_917' title='bbox 2307 2043 2482 2076; x_wconf 78' lang='lat' dir='ltr'>dubitatur.</span> 
     </span>
     <span class='ocr_line' id='line_1_116' title="bbox 1404 2086 2482 2130; baseline 0.004 -13"><span class='ocrx_word' id='word_1_918' title='bbox 1404 2086 1491 2125; x_wconf 91' lang='lat' dir='ltr'>Quia</span> <span class='ocrx_word' id='word_1_919' title='bbox 1514 2086 1604 2117; x_wconf 85' lang='lat' dir='ltr'>Deus</span> <span class='ocrx_word' id='word_1_920' title='bbox 1627 2086 1661 2116; x_wconf 90' lang='lat' dir='ltr'>in</span> <span class='ocrx_word' id='word_1_921' title='bbox 1684 2086 1902 2127; x_wconf 89' lang='lat' dir='ltr'>productione</span> <span class='ocrx_word' id='word_1_922' title='bbox 1925 2092 2145 2118; x_wconf 88' lang='lat' dir='ltr'>creaturarum</span> <span class='ocrx_word' id='word_1_923' title='bbox 2169 2093 2217 2119; x_wconf 90' lang='lat' dir='ltr'>est</span> <span class='ocrx_word' id='word_1_924' title='bbox 2243 2097 2342 2130; x_wconf 82' lang='lat' dir='ltr'>agens</span> <span class='ocrx_word' id='word_1_925' title='bbox 2363 2089 2482 2121; x_wconf 85' lang='lat' dir='ltr'>voluu-</span> 
     </span>
     <span class='ocr_line' id='line_1_117' title="bbox 1403 2130 2482 2173; baseline 0.005 -12"><span class='ocrx_word' id='word_1_926' title='bbox 1403 2131 1531 2162; x_wconf 88' lang='lat' dir='ltr'>tarium.</span> <span class='ocrx_word' id='word_1_927' title='bbox 1556 2130 1598 2162; x_wconf 92' lang='lat' dir='ltr'>Et</span> <span class='ocrx_word' id='word_1_928' title='bbox 1621 2136 1730 2162; x_wconf 88' lang='lat' dir='ltr'>tamen</span> <span class='ocrx_word' id='word_1_929' title='bbox 1761 2131 1826 2172; x_wconf 83' lang='lat' dir='ltr'>agit</span> <span class='ocrx_word' id='word_1_930' title='bbox 1855 2130 2037 2162; x_wconf 87' lang='lat' dir='ltr'>secundum</span> <span class='ocrx_word' id='word_1_931' title='bbox 2062 2131 2154 2173; x_wconf 91' lang='lat' dir='ltr'>quod</span> <span class='ocrx_word' id='word_1_932' title='bbox 2177 2138 2240 2164; x_wconf 89' lang='lat' dir='ltr'>est:</span> <span class='ocrx_word' id='word_1_933' title='bbox 2265 2142 2342 2164; x_wconf 90' lang='lat' dir='ltr'>nam</span> <span class='ocrx_word' id='word_1_934' title='bbox 2364 2133 2482 2172; x_wconf 77' lang='lat' dir='ltr'>Prima,</span> 
     </span>
     <span class='ocr_line' id='line_1_118' title="bbox 1404 2174 2482 2217; baseline 0.005 -12"><span class='ocrx_word' id='word_1_935' title='bbox 1404 2185 1435 2217; x_wconf 91' lang='lat' dir='ltr'>q.</span> <span class='ocrx_word' id='word_1_936' title='bbox 1452 2186 1524 2212; x_wconf 66' lang='grc' dir='ltr'>ην,</span> <span class='ocrx_word' id='word_1_937' title='bbox 1540 2185 1568 2206; x_wconf 91' lang='lat' dir='ltr'>a.</span> <span class='ocrx_word' id='word_1_938' title='bbox 1586 2175 1617 2212; x_wconf 86' lang='lat'>6,</span> <span class='ocrx_word' id='word_1_939' title='bbox 1642 2174 1760 2206; x_wconf 90' lang='lat' dir='ltr'>dicitur</span> <span class='ocrx_word' id='word_1_940' title='bbox 1783 2174 1874 2217; x_wconf 91' lang='lat' dir='ltr'>quod</span> <span class='ocrx_word' id='word_1_941' title='bbox 1897 2184 2013 2207; x_wconf 85' lang='lat' dir='ltr'>creare</span> <span class='ocrx_word' id='word_1_942' title='bbox 2035 2177 2187 2208; x_wconf 77' lang='lat' dir='ltr'>convenit</span> <span class='ocrx_word' id='word_1_943' title='bbox 2208 2177 2280 2208; x_wconf 89' lang='lat' dir='ltr'>Deo</span> <span class='ocrx_word' id='word_1_944' title='bbox 2304 2177 2482 2210; x_wconf 76' lang='lat' dir='ltr'>secundum</span> 
     </span>
     <span class='ocr_line' id='line_1_119' title="bbox 1402 2219 2049 2261; baseline 0.002 -10"><span class='ocrx_word' id='word_1_945' title='bbox 1402 2223 1498 2251; x_wconf 70' lang='lat' dir='ltr'>suum</span> <span class='ocrx_word' id='word_1_946' title='bbox 1521 2229 1600 2256; x_wconf 83' lang='lat' dir='ltr'>esse,</span> <span class='ocrx_word' id='word_1_947' title='bbox 1624 2219 1713 2261; x_wconf 82' lang='lat' dir='ltr'>quod</span> <span class='ocrx_word' id='word_1_948' title='bbox 1735 2225 1783 2251; x_wconf 80' lang='lat' dir='ltr'>est</span> <span class='ocrx_word' id='word_1_949' title='bbox 1806 2220 1876 2251; x_wconf 88' lang='lat' dir='ltr'>eius</span> <span class='ocrx_word' id='word_1_950' title='bbox 1899 2221 2049 2252; x_wconf 78' lang='lat' dir='ltr'>essentia.</span> 
     </span>
    </p>

    <p class='ocr_par' dir='ltr' id='par_1_22' title="bbox 1402 2264 2482 2709">
     <span class='ocr_line' id='line_1_120' title="bbox 1458 2264 2481 2307; baseline 0.003 -11"><span class='ocrx_word' id='word_1_951' title='bbox 1458 2264 1689 2306; x_wconf 87' lang='lat' dir='ltr'>Respondetur</span> <span class='ocrx_word' id='word_1_952' title='bbox 1718 2264 1810 2305; x_wconf 91' lang='lat' dir='ltr'>quod</span> <span class='ocrx_word' id='word_1_953' title='bbox 1840 2265 1982 2306; x_wconf 86' lang='lat' dir='ltr'>aliquam</span> <span class='ocrx_word' id='word_1_954' title='bbox 2013 2275 2144 2296; x_wconf 87' lang='lat' dir='ltr'>causam</span> <span class='ocrx_word' id='word_1_955' title='bbox 2173 2275 2268 2307; x_wconf 78' lang='lat' dir='ltr'>agere</span> <span class='ocrx_word' id='word_1_956' title='bbox 2299 2266 2481 2299; x_wconf 79' lang='lat' dir='ltr'>secundum</span> 
     </span>
     <span class='ocr_line' id='line_1_121' title="bbox 1404 2309 2482 2354; baseline 0.002 -13"><span class='ocrx_word' id='word_1_957' title='bbox 1404 2310 1495 2351; x_wconf 92' lang='lat' dir='ltr'>quod</span> <span class='ocrx_word' id='word_1_958' title='bbox 1510 2316 1568 2347; x_wconf 89' lang='lat' dir='ltr'>est,</span> <span class='ocrx_word' id='word_1_959' title='bbox 1585 2309 1757 2350; x_wconf 88' lang='lat' dir='ltr'>dupliciter</span> <span class='ocrx_word' id='word_1_960' title='bbox 1780 2315 1888 2350; x_wconf 89' lang='lat' dir='ltr'>potest</span> <span class='ocrx_word' id='word_1_961' title='bbox 1910 2309 2056 2351; x_wconf 81' lang='lat' dir='ltr'>intelligi.</span> <span class='ocrx_word' id='word_1_962' title='bbox 2081 2310 2157 2343; x_wconf 86' lang='lat' dir='ltr'>Uno</span> <span class='ocrx_word' id='word_1_963' title='bbox 2172 2310 2286 2348; x_wconf 90' lang='lat' dir='ltr'>modo,</span> <span class='ocrx_word' id='word_1_964' title='bbox 2303 2311 2395 2352; x_wconf 83' lang='lat' dir='ltr'>quod</span> <span class='ocrx_word' id='word_1_965' title='bbox 2411 2312 2482 2354; x_wconf 71' lang='lat' dir='ltr'>ipsa</span> 
     </span>
     <span class='ocr_line' id='line_1_122' title="bbox 1403 2353 2482 2397; baseline 0.003 -12"><span class='ocrx_word' id='word_1_966' title='bbox 1403 2355 1580 2386; x_wconf 88' lang='lat' dir='ltr'>substantia</span> <span class='ocrx_word' id='word_1_967' title='bbox 1602 2355 1658 2391; x_wconf 90' lang='lat' dir='ltr'>rei,</span> <span class='ocrx_word' id='word_1_968' title='bbox 1686 2353 1870 2386; x_wconf 88' lang='lat' dir='ltr'>secundum</span> <span class='ocrx_word' id='word_1_969' title='bbox 1892 2363 1992 2396; x_wconf 89' lang='lat' dir='ltr'>quam</span> <span class='ocrx_word' id='word_1_970' title='bbox 2020 2359 2081 2392; x_wconf 89' lang='lat' dir='ltr'>est,</span> <span class='ocrx_word' id='word_1_971' title='bbox 2105 2355 2254 2386; x_wconf 88' lang='lat' dir='ltr'>absolute</span> <span class='ocrx_word' id='word_1_972' title='bbox 2277 2362 2417 2397; x_wconf 69' lang='lat' dir='ltr'>sumpta,</span> <span class='ocrx_word' id='word_1_973' title='bbox 2441 2357 2482 2388; x_wconf 81' lang='lat' dir='ltr'>sit</span> 
     </span>
     <span class='ocr_line' id='line_1_123' title="bbox 1403 2398 2482 2440; baseline 0.002 -10"><span class='ocrx_word' id='word_1_974' title='bbox 1403 2400 1464 2431; x_wconf 90' lang='lat' dir='ltr'>sibi</span> <span class='ocrx_word' id='word_1_975' title='bbox 1486 2399 1684 2440; x_wconf 87' lang='lat' dir='ltr'>principium</span> <span class='ocrx_word' id='word_1_976' title='bbox 1714 2400 1857 2439; x_wconf 90' lang='lat' dir='ltr'>primum</span> <span class='ocrx_word' id='word_1_977' title='bbox 1889 2398 2015 2440; x_wconf 79' lang='lat' dir='ltr'>agendi.</span> <span class='ocrx_word' id='word_1_978' title='bbox 2047 2399 2089 2430; x_wconf 89' lang='lat' dir='ltr'>Et</span> <span class='ocrx_word' id='word_1_979' title='bbox 2112 2400 2158 2431; x_wconf 87' lang='lat' dir='ltr'>sic</span> <span class='ocrx_word' id='word_1_980' title='bbox 2181 2400 2335 2431; x_wconf 90' lang='lat' dir='ltr'>convenit</span> <span class='ocrx_word' id='word_1_981' title='bbox 2365 2409 2482 2432; x_wconf 75' lang='lat' dir='ltr'>causae</span> 
     </span>
     <span class='ocr_line' id='line_1_124' title="bbox 1403 2443 2481 2485; baseline 0.002 -11"><span class='ocrx_word' id='word_1_982' title='bbox 1403 2444 1540 2475; x_wconf 88' lang='lat' dir='ltr'>naturali</span> <span class='ocrx_word' id='word_1_983' title='bbox 1563 2453 1657 2485; x_wconf 83' lang='lat' dir='ltr'>agere</span> <span class='ocrx_word' id='word_1_984' title='bbox 1681 2443 1864 2475; x_wconf 87' lang='lat' dir='ltr'>secundum</span> <span class='ocrx_word' id='word_1_985' title='bbox 1883 2444 1975 2485; x_wconf 93' lang='lat' dir='ltr'>quod</span> <span class='ocrx_word' id='word_1_986' title='bbox 1991 2449 2048 2481; x_wconf 82' lang='lat' dir='ltr'>est,</span> <span class='ocrx_word' id='word_1_987' title='bbox 2065 2453 2135 2476; x_wconf 90' lang='lat' dir='ltr'>non</span> <span class='ocrx_word' id='word_1_988' title='bbox 2158 2450 2268 2476; x_wconf 85' lang='lat' dir='ltr'>autem</span> <span class='ocrx_word' id='word_1_989' title='bbox 2291 2454 2407 2476; x_wconf 86' lang='lat' dir='ltr'>causae</span> <span class='ocrx_word' id='word_1_990' title='bbox 2422 2454 2481 2477; x_wconf 89' lang='lat' dir='ltr'>vo-</span> 
     </span>
     <span class='ocr_line' id='line_1_125' title="bbox 1402 2488 2480 2531; baseline 0.002 -11"><span class='ocrx_word' id='word_1_991' title='bbox 1402 2489 1569 2520; x_wconf 87' lang='lat' dir='ltr'>luntariae.</span> <span class='ocrx_word' id='word_1_992' title='bbox 1594 2506 1617 2510; x_wconf 94' lang='lat'>—</span> <span class='ocrx_word' id='word_1_993' title='bbox 1639 2488 1715 2519; x_wconf 90' lang='lat' dir='ltr'>Alio</span> <span class='ocrx_word' id='word_1_994' title='bbox 1739 2488 1853 2526; x_wconf 86' lang='lat' dir='ltr'>modo,</span> <span class='ocrx_word' id='word_1_995' title='bbox 1877 2489 1969 2529; x_wconf 92' lang='lat' dir='ltr'>quod</span> <span class='ocrx_word' id='word_1_996' title='bbox 1991 2489 2061 2530; x_wconf 87' lang='lat' dir='ltr'>ipsa</span> <span class='ocrx_word' id='word_1_997' title='bbox 2085 2489 2263 2520; x_wconf 80' lang='lat' dir='ltr'>substantia</span> <span class='ocrx_word' id='word_1_998' title='bbox 2285 2489 2325 2521; x_wconf 86' lang='lat' dir='ltr'>sit</span> <span class='ocrx_word' id='word_1_999' title='bbox 2347 2488 2480 2531; x_wconf 80' lang='lat' dir='ltr'>quidem</span> 
     </span>
     <span class='ocr_line' id='line_1_126' title="bbox 1403 2533 2481 2574; baseline 0.002 -10"><span class='ocrx_word' id='word_1_1000' title='bbox 1403 2533 1601 2574; x_wconf 88' lang='lat' dir='ltr'>principium</span> <span class='ocrx_word' id='word_1_1001' title='bbox 1625 2533 1742 2574; x_wconf 85' lang='lat' dir='ltr'>agendi</span> <span class='ocrx_word' id='word_1_1002' title='bbox 1771 2539 1927 2574; x_wconf 89' lang='lat' dir='ltr'>tanquam</span> <span class='ocrx_word' id='word_1_1003' title='bbox 1957 2533 1991 2565; x_wconf 91' lang='lat' dir='ltr'>id</span> <span class='ocrx_word' id='word_1_1004' title='bbox 2014 2533 2105 2574; x_wconf 93' lang='lat' dir='ltr'>quod</span> <span class='ocrx_word' id='word_1_1005' title='bbox 2128 2534 2401 2572; x_wconf 83' lang='lat' dir='ltr'>communicatur,</span> <span class='ocrx_word' id='word_1_1006' title='bbox 2422 2533 2481 2566; x_wconf 76' lang='lat' dir='ltr'>sed</span> 
     </span>
     <span class='ocr_line' id='line_1_127' title="bbox 1402 2578 2482 2620; baseline 0.002 -10"><span class='ocrx_word' id='word_1_1007' title='bbox 1402 2588 1471 2610; x_wconf 89' lang='lat' dir='ltr'>non</span> <span class='ocrx_word' id='word_1_1008' title='bbox 1494 2578 1654 2619; x_wconf 90' lang='lat' dir='ltr'>primum:</span> <span class='ocrx_word' id='word_1_1009' title='bbox 1679 2578 1793 2615; x_wconf 86' lang='lat' dir='ltr'>immo,</span> <span class='ocrx_word' id='word_1_1010' title='bbox 1809 2583 1936 2610; x_wconf 89' lang='lat' dir='ltr'>tantum</span> <span class='ocrx_word' id='word_1_1011' title='bbox 1952 2583 1989 2610; x_wconf 86' lang='lat' dir='ltr'>ut</span> <span class='ocrx_word' id='word_1_1012' title='bbox 2004 2578 2127 2610; x_wconf 88' lang='lat' dir='ltr'>substat</span> <span class='ocrx_word' id='word_1_1013' title='bbox 2141 2578 2281 2620; x_wconf 88' lang='lat' dir='ltr'>imperio</span> <span class='ocrx_word' id='word_1_1014' title='bbox 2304 2578 2482 2612; x_wconf 70' lang='lat' dir='ltr'>voluntatis</span> 
     </span>
     <span class='ocr_line' id='line_1_128' title="bbox 1403 2622 2482 2665; baseline 0.002 -11"><span class='ocrx_word' id='word_1_1015' title='bbox 1403 2629 1434 2654; x_wconf 89' lang='lat' dir='ltr'>et</span> <span class='ocrx_word' id='word_1_1016' title='bbox 1458 2623 1668 2663; x_wconf 86' lang='lat' dir='ltr'>conceptioni</span> <span class='ocrx_word' id='word_1_1017' title='bbox 1699 2622 1892 2654; x_wconf 89' lang='lat' dir='ltr'>intellectus.</span> <span class='ocrx_word' id='word_1_1018' title='bbox 1923 2623 1965 2654; x_wconf 92' lang='lat' dir='ltr'>Et</span> <span class='ocrx_word' id='word_1_1019' title='bbox 1992 2623 2038 2654; x_wconf 89' lang='lat' dir='ltr'>sic</span> <span class='ocrx_word' id='word_1_1020' title='bbox 2065 2632 2160 2664; x_wconf 83' lang='lat' dir='ltr'>agere</span> <span class='ocrx_word' id='word_1_1021' title='bbox 2182 2623 2366 2655; x_wconf 89' lang='lat' dir='ltr'>secundum</span> <span class='ocrx_word' id='word_1_1022' title='bbox 2389 2623 2482 2665; x_wconf 81' lang='lat' dir='ltr'>quod</span> 
     </span>
     <span class='ocr_line' id='line_1_129' title="bbox 1403 2667 2249 2709; baseline 0 -10"><span class='ocrx_word' id='word_1_1023' title='bbox 1403 2673 1451 2699; x_wconf 89' lang='lat' dir='ltr'>est</span> <span class='ocrx_word' id='word_1_1024' title='bbox 1475 2667 1650 2699; x_wconf 88' lang='lat' dir='ltr'>convenire</span> <span class='ocrx_word' id='word_1_1025' title='bbox 1673 2673 1781 2708; x_wconf 88' lang='lat' dir='ltr'>potest</span> <span class='ocrx_word' id='word_1_1026' title='bbox 1805 2667 1901 2699; x_wconf 89' lang='lat' dir='ltr'>alicui</span> <span class='ocrx_word' id='word_1_1027' title='bbox 1924 2667 2031 2709; x_wconf 81' lang='lat' dir='ltr'>agenti</span> <span class='ocrx_word' id='word_1_1028' title='bbox 2053 2667 2249 2699; x_wconf 85' lang='lat' dir='ltr'>voluntario.</span> 
     </span>
    </p>

    <p class='ocr_par' dir='ltr' id='par_1_23' title="bbox 1401 2711 2481 3110">
     <span class='ocr_line' id='line_1_130' title="bbox 1459 2711 2480 2753; baseline 0.001 -10"><span class='ocrx_word' id='word_1_1029' title='bbox 1459 2713 1548 2743; x_wconf 90' lang='lat' dir='ltr'>Deus</span> <span class='ocrx_word' id='word_1_1030' title='bbox 1572 2721 1649 2753; x_wconf 85' lang='lat' dir='ltr'>ergo</span> <span class='ocrx_word' id='word_1_1031' title='bbox 1673 2712 1738 2753; x_wconf 84' lang='lat' dir='ltr'>agit</span> <span class='ocrx_word' id='word_1_1032' title='bbox 1761 2712 1942 2743; x_wconf 88' lang='lat' dir='ltr'>secundum</span> <span class='ocrx_word' id='word_1_1033' title='bbox 1970 2721 2068 2743; x_wconf 90' lang='lat' dir='ltr'>suum</span> <span class='ocrx_word' id='word_1_1034' title='bbox 2097 2722 2167 2743; x_wconf 90' lang='lat' dir='ltr'>esse</span> <span class='ocrx_word' id='word_1_1035' title='bbox 2197 2711 2343 2744; x_wconf 86' lang='lat' dir='ltr'>secundo</span> <span class='ocrx_word' id='word_1_1036' title='bbox 2366 2711 2480 2750; x_wconf 88' lang='lat' dir='ltr'>modo,</span> 
     </span>
     <span class='ocr_line' id='line_1_131' title="bbox 1402 2756 2481 2798; baseline 0 -10"><span class='ocrx_word' id='word_1_1037' title='bbox 1402 2766 1470 2788; x_wconf 91' lang='lat' dir='ltr'>non</span> <span class='ocrx_word' id='word_1_1038' title='bbox 1487 2762 1597 2788; x_wconf 88' lang='lat' dir='ltr'>autem</span> <span class='ocrx_word' id='word_1_1039' title='bbox 1613 2757 1720 2797; x_wconf 86' lang='lat' dir='ltr'>primo</span> <span class='ocrx_word' id='word_1_1040' title='bbox 1736 2756 1849 2788; x_wconf 87' lang='lat' dir='ltr'>modo.</span> <span class='ocrx_word' id='word_1_1041' title='bbox 1873 2756 1951 2788; x_wconf 91' lang='lat' dir='ltr'>ldeo</span> <span class='ocrx_word' id='word_1_1042' title='bbox 1973 2765 2042 2788; x_wconf 89' lang='lat' dir='ltr'>non</span> <span class='ocrx_word' id='word_1_1043' title='bbox 2058 2757 2205 2798; x_wconf 76' lang='lat' dir='ltr'>sequitur</span> <span class='ocrx_word' id='word_1_1044' title='bbox 2221 2756 2312 2798; x_wconf 90' lang='lat' dir='ltr'>quod</span> <span class='ocrx_word' id='word_1_1045' title='bbox 2326 2757 2368 2788; x_wconf 89' lang='lat' dir='ltr'>sit</span> <span class='ocrx_word' id='word_1_1046' title='bbox 2382 2765 2481 2798; x_wconf 74' lang='lat' dir='ltr'>agens</span> 
     </span>
     <span class='ocr_line' id='line_1_132' title="bbox 1402 2801 2480 2844; baseline 0.001 -12"><span class='ocrx_word' id='word_1_1047' title='bbox 1402 2802 1557 2833; x_wconf 89' lang='lat' dir='ltr'>naturale.</span> <span class='ocrx_word' id='word_1_1048' title='bbox 1582 2801 1623 2832; x_wconf 91' lang='lat' dir='ltr'>Et</span> <span class='ocrx_word' id='word_1_1049' title='bbox 1647 2807 1695 2832; x_wconf 84' lang='lat' dir='ltr'>est</span> <span class='ocrx_word' id='word_1_1050' title='bbox 1718 2801 1822 2832; x_wconf 85' lang='lat' dir='ltr'>simile</span> <span class='ocrx_word' id='word_1_1051' title='bbox 1839 2811 1876 2832; x_wconf 88' lang='lat' dir='ltr'>ac</span> <span class='ocrx_word' id='word_1_1052' title='bbox 1892 2802 1918 2832; x_wconf 84' lang='lat' dir='ltr'>si</span> <span class='ocrx_word' id='word_1_1053' title='bbox 1937 2801 2120 2833; x_wconf 82' lang='lat' dir='ltr'>diceremus</span> <span class='ocrx_word' id='word_1_1054' title='bbox 2136 2801 2176 2833; x_wconf 89' lang='lat' dir='ltr'>de</span> <span class='ocrx_word' id='word_1_1055' title='bbox 2191 2802 2277 2842; x_wconf 78' lang='lat' dir='ltr'>igne,</span> <span class='ocrx_word' id='word_1_1056' title='bbox 2294 2801 2321 2832; x_wconf 77' lang='lat' dir='ltr'>si</span> <span class='ocrx_word' id='word_1_1057' title='bbox 2337 2802 2480 2844; x_wconf 71' lang='lat' dir='ltr'>seipsum</span> 
     </span>
     <span class='ocr_line' id='line_1_133' title="bbox 1402 2846 2480 2887; baseline 0.002 -10"><span class='ocrx_word' id='word_1_1058' title='bbox 1402 2846 1583 2878; x_wconf 87' lang='lat' dir='ltr'>voluntarie</span> <span class='ocrx_word' id='word_1_1059' title='bbox 1614 2847 1885 2883; x_wconf 87' lang='lat' dir='ltr'>communicaret,</span> <span class='ocrx_word' id='word_1_1060' title='bbox 1910 2846 2002 2887; x_wconf 90' lang='lat' dir='ltr'>quod</span> <span class='ocrx_word' id='word_1_1061' title='bbox 2030 2846 2148 2887; x_wconf 83' lang='lat' dir='ltr'>igniret</span> <span class='ocrx_word' id='word_1_1062' title='bbox 2177 2846 2359 2878; x_wconf 86' lang='lat' dir='ltr'>secundum</span> <span class='ocrx_word' id='word_1_1063' title='bbox 2387 2855 2480 2879; x_wconf 74' lang='lat' dir='ltr'>suam</span> 
     </span>
     <span class='ocr_line' id='line_1_134' title="bbox 1402 2890 2480 2932; baseline 0.001 -10"><span class='ocrx_word' id='word_1_1064' title='bbox 1402 2891 1585 2928; x_wconf 88' lang='lat' dir='ltr'>essentiam,</span> <span class='ocrx_word' id='word_1_1065' title='bbox 1602 2891 1680 2932; x_wconf 88' lang='lat' dir='ltr'>quia</span> <span class='ocrx_word' id='word_1_1066' title='bbox 1695 2900 1752 2922; x_wconf 88' lang='lat' dir='ltr'>sua</span> <span class='ocrx_word' id='word_1_1067' title='bbox 1769 2891 1906 2922; x_wconf 83' lang='lat' dir='ltr'>essentia</span> <span class='ocrx_word' id='word_1_1068' title='bbox 1923 2897 2006 2923; x_wconf 83' lang='lat' dir='ltr'>esset</span> <span class='ocrx_word' id='word_1_1069' title='bbox 2020 2890 2218 2932; x_wconf 88' lang='lat' dir='ltr'>principium</span> <span class='ocrx_word' id='word_1_1070' title='bbox 2241 2890 2396 2932; x_wconf 80' lang='lat' dir='ltr'>igniendi,</span> <span class='ocrx_word' id='word_1_1071' title='bbox 2411 2900 2480 2923; x_wconf 84' lang='lat' dir='ltr'>non</span> 
     </span>
     <span class='ocr_line' id='line_1_135' title="bbox 1402 2934 2480 2978; baseline 0.001 -11"><span class='ocrx_word' id='word_1_1072' title='bbox 1402 2936 1550 2967; x_wconf 88' lang='lat' dir='ltr'>absolute</span> <span class='ocrx_word' id='word_1_1073' title='bbox 1569 2940 1712 2976; x_wconf 88' lang='lat' dir='ltr'>accepta,</span> <span class='ocrx_word' id='word_1_1074' title='bbox 1729 2934 1785 2967; x_wconf 91' lang='lat' dir='ltr'>sed</span> <span class='ocrx_word' id='word_1_1075' title='bbox 1801 2941 1838 2967; x_wconf 91' lang='lat' dir='ltr'>ut</span> <span class='ocrx_word' id='word_1_1076' title='bbox 1853 2945 1911 2978; x_wconf 90' lang='lat' dir='ltr'>per</span> <span class='ocrx_word' id='word_1_1077' title='bbox 1926 2936 2129 2967; x_wconf 82' lang='lat' dir='ltr'>voluntatem</span> <span class='ocrx_word' id='word_1_1078' title='bbox 2153 2941 2184 2967; x_wconf 90' lang='lat' dir='ltr'>et</span> <span class='ocrx_word' id='word_1_1079' title='bbox 2206 2935 2409 2967; x_wconf 85' lang='lat' dir='ltr'>intellectum</span> <span class='ocrx_word' id='word_1_1080' title='bbox 2424 2935 2480 2968; x_wconf 86' lang='lat' dir='ltr'>de-</span> 
     </span>
     <span class='ocr_line' id='line_1_136' title="bbox 1401 2980 2480 3022; baseline 0 -10"><span class='ocrx_word' id='word_1_1081' title='bbox 1401 2981 1642 3012; x_wconf 89' lang='lat' dir='ltr'>terminaretur:</span> <span class='ocrx_word' id='word_1_1082' title='bbox 1667 2986 1750 3011; x_wconf 86' lang='lat' dir='ltr'>esset</span> <span class='ocrx_word' id='word_1_1083' title='bbox 1769 2981 1857 3011; x_wconf 89' lang='lat' dir='ltr'>enim</span> <span class='ocrx_word' id='word_1_1084' title='bbox 1872 2980 2024 3012; x_wconf 86' lang='lat' dir='ltr'>voluntas</span> <span class='ocrx_word' id='word_1_1085' title='bbox 2038 2981 2182 3022; x_wconf 89' lang='lat' dir='ltr'>primum</span> <span class='ocrx_word' id='word_1_1086' title='bbox 2201 2980 2400 3022; x_wconf 84' lang='lat' dir='ltr'>principium</span> <span class='ocrx_word' id='word_1_1087' title='bbox 2418 2980 2480 3012; x_wconf 83' lang='lat' dir='ltr'>im·</span> 
     </span>
     <span class='ocr_line' id='line_1_137' title="bbox 1401 3023 2479 3066; baseline 0.001 -11"><span class='ocrx_word' id='word_1_1088' title='bbox 1401 3034 1528 3066; x_wconf 86' lang='lat' dir='ltr'>perans,</span> <span class='ocrx_word' id='word_1_1089' title='bbox 1552 3025 1689 3056; x_wconf 89' lang='lat' dir='ltr'>essentia</span> <span class='ocrx_word' id='word_1_1090' title='bbox 1717 3029 1827 3056; x_wconf 90' lang='lat' dir='ltr'>autem</span> <span class='ocrx_word' id='word_1_1091' title='bbox 1855 3025 2053 3066; x_wconf 89' lang='lat' dir='ltr'>principium</span> <span class='ocrx_word' id='word_1_1092' title='bbox 2080 3030 2236 3066; x_wconf 85' lang='lat' dir='ltr'>tanquam</span> <span class='ocrx_word' id='word_1_1093' title='bbox 2260 3023 2365 3056; x_wconf 83' lang='lat' dir='ltr'>forma</span> <span class='ocrx_word' id='word_1_1094' title='bbox 2388 3033 2479 3056; x_wconf 86' lang='lat' dir='ltr'>com-</span> 
     </span>
     <span class='ocr_line' id='line_1_138' title="bbox 1401 3068 2478 3110; baseline -0.001 -9"><span class='ocrx_word' id='word_1_1095' title='bbox 1401 3070 1565 3101; x_wconf 89' lang='lat' dir='ltr'>municata</span> <span class='ocrx_word' id='word_1_1096' title='bbox 1589 3079 1647 3110; x_wconf 88' lang='lat' dir='ltr'>per</span> <span class='ocrx_word' id='word_1_1097' title='bbox 1677 3069 1878 3101; x_wconf 88' lang='lat' dir='ltr'>intellectum</span> <span class='ocrx_word' id='word_1_1098' title='bbox 1906 3075 1938 3101; x_wconf 89' lang='lat' dir='ltr'>et</span> <span class='ocrx_word' id='word_1_1099' title='bbox 1961 3069 2172 3100; x_wconf 88' lang='lat' dir='ltr'>voluntatem.</span> <span class='ocrx_word' id='word_1_1100' title='bbox 2198 3069 2243 3100; x_wconf 89' lang='lat' dir='ltr'>lta</span> <span class='ocrx_word' id='word_1_1101' title='bbox 2267 3074 2315 3100; x_wconf 85' lang='lat' dir='ltr'>est</span> <span class='ocrx_word' id='word_1_1102' title='bbox 2337 3070 2372 3101; x_wconf 91' lang='lat' dir='ltr'>in</span> <span class='ocrx_word' id='word_1_1103' title='bbox 2395 3068 2478 3100; x_wconf 79' lang='lat' dir='ltr'>Deo.</span> 
     </span>
    </p>

    <p class='ocr_par' dir='ltr' id='par_1_24' title="bbox 1401 3113 2479 3333">
     <span class='ocr_line' id='line_1_139' title="bbox 1458 3113 2479 3155; baseline -0.002 -9"><span class='ocrx_word' id='word_1_1104' title='bbox 1458 3115 1510 3146; x_wconf 83' lang='lat' dir='ltr'>lv.</span> <span class='ocrx_word' id='word_1_1105' title='bbox 1535 3114 1587 3145; x_wconf 83' lang='lat' dir='ltr'>Ad</span> <span class='ocrx_word' id='word_1_1106' title='bbox 1609 3119 1771 3155; x_wconf 82' lang='lat' dir='ltr'>quartam,</span> <span class='ocrx_word' id='word_1_1107' title='bbox 1795 3119 1884 3155; x_wconf 89' lang='lat' dir='ltr'>patet</span> <span class='ocrx_word' id='word_1_1108' title='bbox 1906 3123 1965 3155; x_wconf 87' lang='lat' dir='ltr'>per</span> <span class='ocrx_word' id='word_1_1109' title='bbox 1987 3114 2074 3145; x_wconf 91' lang='lat' dir='ltr'>idem</span> <span class='ocrx_word' id='word_1_1110' title='bbox 2097 3114 2189 3155; x_wconf 90' lang='lat' dir='ltr'>quod</span> <span class='ocrx_word' id='word_1_1111' title='bbox 2211 3113 2339 3145; x_wconf 86' lang='lat' dir='ltr'>divinae</span> <span class='ocrx_word' id='word_1_1112' title='bbox 2362 3113 2479 3145; x_wconf 84' lang='lat' dir='ltr'>volun·</span> 
     </span>
     <span class='ocr_line' id='line_1_140' title="bbox 1402 3157 2479 3200; baseline -0.002 -10"><span class='ocrx_word' id='word_1_1113' title='bbox 1402 3160 1474 3190; x_wconf 89' lang='lat' dir='ltr'>tatis</span> <span class='ocrx_word' id='word_1_1114' title='bbox 1497 3168 1565 3190; x_wconf 90' lang='lat' dir='ltr'>non</span> <span class='ocrx_word' id='word_1_1115' title='bbox 1589 3158 1765 3190; x_wconf 83' lang='lat' dir='ltr'>retardatur</span> <span class='ocrx_word' id='word_1_1116' title='bbox 1789 3158 1933 3197; x_wconf 81' lang='lat' dir='ltr'>effectus,</span> <span class='ocrx_word' id='word_1_1117' title='bbox 1958 3159 2106 3200; x_wconf 82' lang='lat' dir='ltr'>quamvis</span> <span class='ocrx_word' id='word_1_1118' title='bbox 2136 3168 2204 3191; x_wconf 92' lang='lat' dir='ltr'>non</span> <span class='ocrx_word' id='word_1_1119' title='bbox 2231 3167 2360 3199; x_wconf 81' lang='lat' dir='ltr'>semper</span> <span class='ocrx_word' id='word_1_1120' title='bbox 2381 3157 2479 3190; x_wconf 80' lang='lat' dir='ltr'>fuerit</span> 
     </span>
     <span class='ocr_line' id='line_1_141' title="bbox 1402 3201 2477 3244; baseline -0.001 -11"><span class='ocrx_word' id='word_1_1121' title='bbox 1402 3204 1568 3235; x_wconf 88' lang='lat' dir='ltr'>voluntate</span> <span class='ocrx_word' id='word_1_1122' title='bbox 1599 3204 1771 3235; x_wconf 84' lang='lat' dir='ltr'>existente:</span> <span class='ocrx_word' id='word_1_1123' title='bbox 1797 3204 1874 3244; x_wconf 87' lang='lat' dir='ltr'>quia</span> <span class='ocrx_word' id='word_1_1124' title='bbox 1896 3203 1957 3235; x_wconf 84' lang='lat' dir='ltr'>sub</span> <span class='ocrx_word' id='word_1_1125' title='bbox 1980 3203 2148 3235; x_wconf 88' lang='lat' dir='ltr'>voluntate</span> <span class='ocrx_word' id='word_1_1126' title='bbox 2171 3202 2279 3235; x_wconf 84' lang='lat' dir='ltr'>divina</span> <span class='ocrx_word' id='word_1_1127' title='bbox 2302 3201 2388 3233; x_wconf 86' lang='lat' dir='ltr'>cadit</span> <span class='ocrx_word' id='word_1_1128' title='bbox 2408 3209 2477 3233; x_wconf 90' lang='lat' dir='ltr'>non</span> 
     </span>
     <span class='ocr_line' id='line_1_142' title="bbox 1401 3244 2477 3289; baseline -0.003 -11"><span class='ocrx_word' id='word_1_1129' title='bbox 1401 3248 1509 3279; x_wconf 89' lang='lat' dir='ltr'>solum</span> <span class='ocrx_word' id='word_1_1130' title='bbox 1533 3247 1624 3288; x_wconf 93' lang='lat' dir='ltr'>quod</span> <span class='ocrx_word' id='word_1_1131' title='bbox 1656 3248 1725 3279; x_wconf 87' lang='lat' dir='ltr'>eius</span> <span class='ocrx_word' id='word_1_1132' title='bbox 1756 3246 1888 3279; x_wconf 83' lang='lat' dir='ltr'>effectus</span> <span class='ocrx_word' id='word_1_1133' title='bbox 1912 3249 1962 3285; x_wconf 90' lang='lat' dir='ltr'>sit,</span> <span class='ocrx_word' id='word_1_1134' title='bbox 1987 3247 2043 3279; x_wconf 89' lang='lat' dir='ltr'>sed</span> <span class='ocrx_word' id='word_1_1135' title='bbox 2067 3247 2158 3289; x_wconf 90' lang='lat' dir='ltr'>quod</span> <span class='ocrx_word' id='word_1_1136' title='bbox 2180 3253 2259 3278; x_wconf 88' lang='lat' dir='ltr'>tunc</span> <span class='ocrx_word' id='word_1_1137' title='bbox 2281 3246 2321 3276; x_wconf 87' lang='lat' dir='ltr'>sit</span> <span class='ocrx_word' id='word_1_1138' title='bbox 2344 3244 2477 3286; x_wconf 89' lang='lat' dir='ltr'>quando</span> 
     </span>
     <span class='ocr_line' id='line_1_143' title="bbox 1401 3291 1910 3333; baseline 0.002 -11"><span class='ocrx_word' id='word_1_1139' title='bbox 1401 3292 1490 3323; x_wconf 90' lang='lat' dir='ltr'>Deus</span> <span class='ocrx_word' id='word_1_1140' title='bbox 1514 3292 1622 3333; x_wconf 88' lang='lat' dir='ltr'>ipsum</span> <span class='ocrx_word' id='word_1_1141' title='bbox 1647 3301 1716 3323; x_wconf 86' lang='lat' dir='ltr'>esse</span> <span class='ocrx_word' id='word_1_1142' title='bbox 1740 3291 1910 3333; x_wconf 89' lang='lat' dir='ltr'>disposuit.</span> 
     </span>
    </p>

    <p class='ocr_par' dir='ltr' id='par_1_25' title="bbox 1399 3334 2477 3732">
     <span class='ocr_line' id='line_1_144' title="bbox 1457 3334 2477 3377; baseline -0.003 -10"><span class='ocrx_word' id='word_1_1143' title='bbox 1457 3335 1701 3368; x_wconf 83' lang='lat' dir='ltr'>Advertendum</span> <span class='ocrx_word' id='word_1_1144' title='bbox 1724 3336 1816 3377; x_wconf 90' lang='lat' dir='ltr'>quod</span> <span class='ocrx_word' id='word_1_1145' title='bbox 1839 3342 1917 3368; x_wconf 90' lang='lat' dir='ltr'>tunc</span> <span class='ocrx_word' id='word_1_1146' title='bbox 1941 3336 2059 3367; x_wconf 88' lang='lat' dir='ltr'>dicitur</span> <span class='ocrx_word' id='word_1_1147' title='bbox 2081 3334 2215 3366; x_wconf 84' lang='lat' dir='ltr'>effectus</span> <span class='ocrx_word' id='word_1_1148' title='bbox 2237 3334 2361 3374; x_wconf 83' lang='lat' dir='ltr'>agentis</span> <span class='ocrx_word' id='word_1_1149' title='bbox 2379 3338 2477 3365; x_wconf 86' lang='lat' dir='ltr'>retar-</span> 
     </span>
     <span class='ocr_line' id='line_1_145' title="bbox 1401 3379 2476 3422; baseline -0.003 -10"><span class='ocrx_word' id='word_1_1150' title='bbox 1401 3380 1478 3418; x_wconf 87' lang='lat' dir='ltr'>dari,</span> <span class='ocrx_word' id='word_1_1151' title='bbox 1503 3381 1637 3422; x_wconf 88' lang='lat' dir='ltr'>quando</span> <span class='ocrx_word' id='word_1_1152' title='bbox 1665 3382 1861 3421; x_wconf 87' lang='lat' dir='ltr'>protrahitur</span> <span class='ocrx_word' id='word_1_1153' title='bbox 1888 3381 1957 3412; x_wconf 87' lang='lat' dir='ltr'>eius</span> <span class='ocrx_word' id='word_1_1154' title='bbox 1987 3379 2161 3421; x_wconf 87' lang='lat' dir='ltr'>productio</span> <span class='ocrx_word' id='word_1_1155' title='bbox 2184 3379 2268 3410; x_wconf 86' lang='lat' dir='ltr'>ultra</span> <span class='ocrx_word' id='word_1_1156' title='bbox 2290 3387 2476 3410; x_wconf 84' lang='lat' dir='ltr'>mensuram</span> 
     </span>
     <span class='ocr_line' id='line_1_146' title="bbox 1400 3422 2476 3466; baseline -0.003 -10"><span class='ocrx_word' id='word_1_1157' title='bbox 1400 3426 1433 3456; x_wconf 92' lang='lat' dir='ltr'>in</span> <span class='ocrx_word' id='word_1_1158' title='bbox 1458 3435 1523 3466; x_wconf 87' lang='lat' dir='ltr'>qua</span> <span class='ocrx_word' id='word_1_1159' title='bbox 1546 3425 1685 3466; x_wconf 90' lang='lat' dir='ltr'>produci</span> <span class='ocrx_word' id='word_1_1160' title='bbox 1715 3424 1846 3457; x_wconf 86' lang='lat' dir='ltr'>deberet</span> <span class='ocrx_word' id='word_1_1161' title='bbox 1876 3433 1991 3456; x_wconf 87' lang='lat' dir='ltr'>causae</span> <span class='ocrx_word' id='word_1_1162' title='bbox 2019 3422 2208 3455; x_wconf 81' lang='lat' dir='ltr'>conditione</span> <span class='ocrx_word' id='word_1_1163' title='bbox 2238 3422 2419 3454; x_wconf 85' lang='lat' dir='ltr'>secundum</span> <span class='ocrx_word' id='word_1_1164' title='bbox 2442 3432 2476 3454; x_wconf 85' lang='lat' dir='ltr'>se</span> 
     </span>
     <span class='ocr_line' id='line_1_147' title="bbox 1400 3467 2477 3508; baseline -0.003 -7"><span class='ocrx_word' id='word_1_1165' title='bbox 1400 3469 1610 3501; x_wconf 88' lang='lat' dir='ltr'>considerata.</span> <span class='ocrx_word' id='word_1_1166' title='bbox 1635 3469 1779 3508; x_wconf 90' lang='lat' dir='ltr'>Quando</span> <span class='ocrx_word' id='word_1_1167' title='bbox 1803 3475 1912 3501; x_wconf 85' lang='lat' dir='ltr'>autem</span> <span class='ocrx_word' id='word_1_1168' title='bbox 1929 3467 2095 3499; x_wconf 84' lang='lat' dir='ltr'>causalitas</span> <span class='ocrx_word' id='word_1_1169' title='bbox 2111 3477 2226 3498; x_wconf 87' lang='lat' dir='ltr'>causae</span> <span class='ocrx_word' id='word_1_1170' title='bbox 2242 3468 2365 3508; x_wconf 83' lang='lat' dir='ltr'>agentis</span> <span class='ocrx_word' id='word_1_1171' title='bbox 2380 3467 2477 3498; x_wconf 85' lang='lat' dir='ltr'>habet</span> 
     </span>
     <span class='ocr_line' id='line_1_148' title="bbox 1400 3511 2475 3555; baseline -0.002 -11"><span class='ocrx_word' id='word_1_1172' title='bbox 1400 3523 1460 3554; x_wconf 86' lang='lat' dir='ltr'>pro</span> <span class='ocrx_word' id='word_1_1173' title='bbox 1485 3513 1602 3546; x_wconf 87' lang='lat' dir='ltr'>effectu</span> <span class='ocrx_word' id='word_1_1174' title='bbox 1633 3515 1766 3555; x_wconf 89' lang='lat' dir='ltr'>proprio</span> <span class='ocrx_word' id='word_1_1175' title='bbox 1798 3523 1866 3545; x_wconf 89' lang='lat' dir='ltr'>non</span> <span class='ocrx_word' id='word_1_1176' title='bbox 1897 3512 2004 3544; x_wconf 83' lang='lat' dir='ltr'>solum</span> <span class='ocrx_word' id='word_1_1177' title='bbox 2033 3511 2124 3553; x_wconf 89' lang='lat' dir='ltr'>quod</span> <span class='ocrx_word' id='word_1_1178' title='bbox 2152 3522 2202 3543; x_wconf 90' lang='lat' dir='ltr'>res</span> <span class='ocrx_word' id='word_1_1179' title='bbox 2225 3512 2274 3549; x_wconf 88' lang='lat' dir='ltr'>sit,</span> <span class='ocrx_word' id='word_1_1180' title='bbox 2299 3511 2356 3544; x_wconf 86' lang='lat' dir='ltr'>sed</span> <span class='ocrx_word' id='word_1_1181' title='bbox 2379 3512 2475 3543; x_wconf 89' lang='lat' dir='ltr'>etiam</span> 
     </span>
     <span class='ocr_line' id='line_1_149' title="bbox 1401 3556 2475 3599; baseline -0.002 -10"><span class='ocrx_word' id='word_1_1182' title='bbox 1401 3558 1492 3598; x_wconf 87' lang='lat' dir='ltr'>quod</span> <span class='ocrx_word' id='word_1_1183' title='bbox 1514 3559 1570 3589; x_wconf 90' lang='lat' dir='ltr'>tali</span> <span class='ocrx_word' id='word_1_1184' title='bbox 1593 3564 1742 3599; x_wconf 89' lang='lat' dir='ltr'>tempore</span> <span class='ocrx_word' id='word_1_1185' title='bbox 1757 3563 1814 3589; x_wconf 83' lang='lat' dir='ltr'>aut</span> <span class='ocrx_word' id='word_1_1186' title='bbox 1828 3558 1862 3588; x_wconf 89' lang='lat' dir='ltr'>in</span> <span class='ocrx_word' id='word_1_1187' title='bbox 1877 3557 1932 3588; x_wconf 91' lang='lat' dir='ltr'>tali</span> <span class='ocrx_word' id='word_1_1188' title='bbox 1947 3556 2118 3588; x_wconf 86' lang='lat' dir='ltr'>duratione</span> <span class='ocrx_word' id='word_1_1189' title='bbox 2141 3558 2197 3594; x_wconf 86' lang='lat' dir='ltr'>sit;</span> <span class='ocrx_word' id='word_1_1190' title='bbox 2222 3562 2475 3597; x_wconf 85' lang='lat' dir='ltr'>quantumcum-</span> 
     </span>
     <span class='ocr_line' id='line_1_150' title="bbox 1400 3599 2474 3643; baseline -0.003 -9"><span class='ocrx_word' id='word_1_1191' title='bbox 1400 3612 1475 3643; x_wconf 90' lang='lat' dir='ltr'>que,</span> <span class='ocrx_word' id='word_1_1192' title='bbox 1493 3603 1648 3634; x_wconf 85' lang='lat' dir='ltr'>existente</span> <span class='ocrx_word' id='word_1_1193' title='bbox 1672 3612 1778 3639; x_wconf 80' lang='lat' dir='ltr'>causa,</span> <span class='ocrx_word' id='word_1_1194' title='bbox 1795 3601 1928 3633; x_wconf 75' lang='lat' dir='ltr'>effectus</span> <span class='ocrx_word' id='word_1_1195' title='bbox 1943 3600 2094 3632; x_wconf 89' lang='lat' dir='ltr'>nondum</span> <span class='ocrx_word' id='word_1_1196' title='bbox 2109 3606 2251 3642; x_wconf 86' lang='lat' dir='ltr'>ponatur</span> <span class='ocrx_word' id='word_1_1197' title='bbox 2267 3602 2300 3632; x_wconf 91' lang='lat' dir='ltr'>in</span> <span class='ocrx_word' id='word_1_1198' title='bbox 2316 3605 2401 3638; x_wconf 87' lang='lat' dir='ltr'>actu,</span> <span class='ocrx_word' id='word_1_1199' title='bbox 2418 3599 2474 3631; x_wconf 84' lang='lat' dir='ltr'>sed</span> 
     </span>
     <span class='ocr_line' id='line_1_151' title="bbox 1399 3645 2474 3687; baseline -0.002 -9"><span class='ocrx_word' id='word_1_1200' title='bbox 1399 3653 1540 3687; x_wconf 88' lang='lat' dir='ltr'>ponatur</span> <span class='ocrx_word' id='word_1_1201' title='bbox 1563 3647 1597 3678; x_wconf 91' lang='lat' dir='ltr'>in</span> <span class='ocrx_word' id='word_1_1202' title='bbox 1621 3652 1695 3678; x_wconf 89' lang='lat' dir='ltr'>actu</span> <span class='ocrx_word' id='word_1_1203' title='bbox 1718 3647 1752 3678; x_wconf 91' lang='lat' dir='ltr'>in</span> <span class='ocrx_word' id='word_1_1204' title='bbox 1775 3655 1926 3677; x_wconf 87' lang='lat' dir='ltr'>mensura</span> <span class='ocrx_word' id='word_1_1205' title='bbox 1941 3646 2091 3686; x_wconf 90' lang='lat' dir='ltr'>sequenti</span> <span class='ocrx_word' id='word_1_1206' title='bbox 2114 3651 2169 3677; x_wconf 88' lang='lat' dir='ltr'>aut</span> <span class='ocrx_word' id='word_1_1207' title='bbox 2191 3645 2374 3687; x_wconf 89' lang='lat' dir='ltr'>posteriori,</span> <span class='ocrx_word' id='word_1_1208' title='bbox 2391 3653 2474 3686; x_wconf 88' lang='lat' dir='ltr'>quae</span> 
     </span>
     <span class='ocr_line' id='line_1_152' title="bbox 1400 3689 2473 3732; baseline -0.002 -10"><span class='ocrx_word' id='word_1_1209' title='bbox 1400 3692 1439 3722; x_wconf 90' lang='lat' dir='ltr'>ab</span> <span class='ocrx_word' id='word_1_1210' title='bbox 1456 3692 1524 3732; x_wconf 87' lang='lat' dir='ltr'>ipsa</span> <span class='ocrx_word' id='word_1_1211' title='bbox 1541 3701 1636 3722; x_wconf 85' lang='lat' dir='ltr'>causa</span> <span class='ocrx_word' id='word_1_1212' title='bbox 1652 3696 1698 3722; x_wconf 89' lang='lat' dir='ltr'>est</span> <span class='ocrx_word' id='word_1_1213' title='bbox 1721 3696 1838 3722; x_wconf 86' lang='lat' dir='ltr'>statuta</span> <span class='ocrx_word' id='word_1_1214' title='bbox 1861 3690 1907 3721; x_wconf 92' lang='lat' dir='ltr'>illi</span> <span class='ocrx_word' id='word_1_1215' title='bbox 1931 3690 2061 3722; x_wconf 80' lang='lat' dir='ltr'>effectui</span> <span class='ocrx_word' id='word_1_1216' title='bbox 2085 3696 2116 3721; x_wconf 92' lang='lat' dir='ltr'>et</span> <span class='ocrx_word' id='word_1_1217' title='bbox 2139 3689 2381 3731; x_wconf 75' lang='lat' dir='ltr'>praeordinata3</span> <span class='ocrx_word' id='word_1_1218' title='bbox 2404 3698 2473 3720; x_wconf 85' lang='lat' dir='ltr'>non</span> 
     </span>
    </p>
   </div>
   <div class='ocr_carea' id='block_1_11' title="bbox 2513 1551 2729 1575">
    <p class='ocr_par' dir='ltr' id='par_1_26' title="bbox 2513 1551 2729 1575">
     <span class='ocr_line' id='line_1_153' title="bbox 2513 1551 2729 1575; baseline -0.005 0"><span class='ocrx_word' id='word_1_1219' title='bbox 2513 1554 2522 1563; x_wconf 83' lang='lat'>¹</span> <span class='ocrx_word' id='word_1_1220' title='bbox 2532 1551 2568 1575; x_wconf 85' lang='lat' dir='ltr'>ef.</span> <span class='ocrx_word' id='word_1_1221' title='bbox 2576 1555 2632 1575; x_wconf 80' lang='lat' dir='ltr'>text.</span> <span class='ocrx_word' id='word_1_1222' title='bbox 2643 1556 2666 1575; x_wconf 80' lang='lat' dir='ltr'>et</span> <span class='ocrx_word' id='word_1_1223' title='bbox 2677 1558 2729 1575; x_wconf 72' lang='lat' dir='ltr'>var-</span> 
     </span>
    </p>
   </div>
  </div>
 </body>
</html>
