2768 4134
42 793 52 802 '¹
66 791 135 813 Nun.
151 797 173 811 v.

41 1319 178 1366 {Capaenffi
186 1317 253 1339 ssrh.

51 1361 58 1368 .
69 1352 103 1372 ¹4-

43 2031 95 2052 ‘De
110 2031 162 2052 Diu.
176 2030 253 2057 Nom„

41 2063 92 2085 cap.
108 2063 153 2083 vn;
170 2064 189 2078 s.

285 322 362 358 490

284 388 374 427 quod
389 393 436 420 est
458 388 491 416 in
507 384 664 425 potentia,
681 387 789 422 potest
804 387 913 411 tamen
929 381 1037 411 anima
1051 379 1234 410 secundum
1250 388 1354 409 unum

284 432 449 471 quoddam
472 439 540 460 esse
563 429 597 458 in
621 427 767 467 potentia
791 431 823 456 et
845 424 1027 456 secundum
1054 424 1143 454 aliud
1165 424 1200 454 in
1224 428 1308 453 actu.

338 477 388 508 111.
414 475 507 506 Circa
537 473 681 514 primum
712 471 835 501 dictum
864 469 1096 508 responsionis,
1125 467 1354 498 declarandum

283 521 422 553 occurrit
437 518 470 550 id
493 517 584 559 quod
599 521 631 547 et
654 516 706 546 hic
730 521 762 545 et
784 515 818 544 in
842 514 1047 554 praecedenti
1068 513 1173 552 capite
1195 521 1354 552 saepenu-

281 575 371 598 mero
396 564 519 594 dictum
542 567 599 597 est,
623 560 746 590 scilicet
763 558 853 599 quod
878 558 1059 588 intellectus
1075 566 1179 598 agens
1196 557 1354 596 phantas—

282 615 379 645 mata,
396 611 566 649 quaesunt
581 604 800 646 intelligibilia
819 604 851 634 in
863 603 1023 643 potentia,
1031 603 1123 644 facit
1133 601 1355 642 intelligibilia

282 657 314 686 in
339 659 413 685 actu
422 660 433 689 ;
457 657 487 682 et
515 651 591 691 quia
613 651 676 680 hoc
695 650 742 690 fit
759 658 823 689 per
846 648 1118 678 illuminationem
1142 646 1287 686 ipsorum
1314 645 1354 675 ab

282 700 444 730 intellectu
468 700 597 738 agente.
625 694 703 725 Ideo
728 694 834 734 primo
858 692 1035 723 videndum
1053 697 1100 721 est
1115 689 1287 730 quomodo
1304 690 1352 720 in-

281 744 428 775 tellectus
444 750 540 781 agens
563 739 725 770 illuminet
740 738 977 778 phantasmata;
1002 735 1157 771 secundo,
1183 733 1354 774 quomodo

281 788 376 819 faciat
398 787 452 817 illa
475 791 550 816 actu
573 783 786 823 intelligibilia
801 783 827 812 ⁴².

335 832 505 870 Quantum
529 828 570 860 ad
593 830 746 869 primum,
771 824 1003 857 attendendum
1027 824 1134 864 primo
1152 822 1252 863 quod,
1277 831 1354 852 cum

280 878 392 908 lumen
415 877 449 906 in
471 874 596 904 visione
619 872 781 913 corporali
804 875 944 911 ponatur
966 868 1184 900 necessarium
1207 872 1263 897 aut
1278 876 1355 907 pro-

280 927 351 962 pter
373 921 483 961 ipsum
505 918 639 954 visibile,
663 923 709 953 ut,
734 915 878 955 inquam,
898 914 953 944 fiat
973 912 1136 953 complete
1155 912 1190 942 in
1213 917 1297 948 actu,
1314 911 1354 942 ad

281 967 345 997 hoc
369 971 405 996 ut
428 964 530 1005 possit
545 971 678 993 movere
701 962 823 996 visum;
840 964 896 989 aut
911 964 1044 999 propter
1066 956 1225 992 medium,
1241 961 1277 986 ut
1292 956 1354 986 sci-

280 1011 356 1042 licet
370 1009 426 1040 fiat
442 1014 516 1039 actu
531 1007 687 1042 lucidum,
704 1005 871 1045 possitque
888 1003 1032 1043 speciem
1044 1001 1177 1032 visibilis
1192 1000 1353 1041 recipere;

281 1053 462 1086 secundum
492 1052 630 1082 diversas
661 1050 848 1090 opiniones:
881 1047 994 1078 lumen
1024 1051 1134 1076 tamen
1168 1044 1353 1076 intellectus

281 1099 403 1139 agentis
426 1097 548 1136 ubique
564 1100 652 1126 tenet
676 1093 812 1124 Sanctus
828 1091 973 1122 Thomas
992 1091 1112 1130 requiri
1135 1094 1270 1130 propter
1283 1090 1355 1130 ipsa

280 1144 501 1183 phantasmata
516 1145 548 1170 et
571 1143 703 1179 propter
717 1136 930 1177 intelligibilia
947 1135 1133 1166 materialia.
1157 1135 1250 1165 Licet
1265 1134 1354 1164 enim

280 1189 314 1218 in
337 1186 401 1224 Qu.
418 1185 458 1215 de
480 1177 608 1219 Anima,
625 1188 682 1213 art.
699 1191 731 1220 4,
753 1180 793 1212 ad
808 1190 840 1220 4,
857 1186 966 1212 teneat
987 1179 1149 1210 veriorem
1172 1188 1242 1210 esse
1264 1178 1354 1211 illam

281 1231 471 1271 opinionem
486 1237 570 1269 quae
593 1227 687 1268 ponit
709 1227 822 1257 lumen
845 1226 879 1256 in
895 1226 1020 1256 visione
1036 1224 1198 1265 corporali
1222 1228 1355 1264 propter

279 1275 425 1306 medium
447 1273 577 1313 requiri,
602 1281 670 1302 non
694 1276 804 1302 autem
828 1275 961 1310 propter
983 1270 1092 1310 ipsum
1115 1268 1251 1304 visibile,
1276 1268 1354 1308 quia

280 1319 381 1356 color,
399 1319 425 1348 ΙΙ
445 1318 484 1348 de
508 1317 626 1347 Anima
642 1317 668 1352 ⁸³,
686 1315 803 1346 dicitur
819 1314 954 1346 visibilis
963 1324 1029 1355 per
1042 1323 1088 1350 se,
1106 1318 1138 1343 et
1153 1312 1270 1343 dicitur
1285 1322 1354 1343 mo-

280 1365 364 1395 tivus
381 1362 481 1393 lucidi
503 1361 680 1392 secundum
699 1365 825 1390 actum:
848 1360 971 1399 absque
987 1358 1088 1389 dubio
1107 1363 1218 1388 tamen
1241 1363 1354 1388 tenen—

281 1409 359 1439 dum
383 1413 430 1438 est
453 1406 544 1447 quod
567 1405 749 1436 intellectus
765 1413 863 1444 agens
879 1409 927 1434 est
946 1403 1180 1434 illuminativus
1202 1402 1354 1442 phantas-

280 1453 384 1489 matis,
409 1457 441 1482 et
462 1450 544 1481 illud
566 1451 600 1481 in
623 1455 698 1480 actu
721 1449 888 1489 completo
912 1449 1090 1479 constituit.

337 1507 366 1527 2.
391 1495 567 1527 Sciendum
590 1493 747 1530 secundo,
771 1492 863 1533 quod
887 1492 1058 1533 dupliciter
1076 1501 1253 1532 possumus
1274 1491 1355 1522 ima—

279 1542 381 1582 ginari
396 1539 598 1571 intellectum
614 1539 795 1569 illuminare
811 1538 1044 1578 phantasmata.
1057 1536 1133 1568 Uno
1149 1536 1262 1572 modo,
1279 1545 1355 1566 cau-

280 1585 381 1616 sando
406 1583 528 1625 aliquid
551 1584 584 1614 in
608 1584 680 1624 ipso
704 1583 937 1623 phantasmate,
962 1587 1137 1622 postquam
1157 1579 1355 1621 productum

281 1636 338 1666 est,
362 1639 420 1670 per
443 1628 534 1670 quod
557 1627 613 1658 fiat
635 1627 741 1658 habile
758 1626 798 1657 ad
822 1626 1022 1657 causandum
1037 1626 1181 1666 speciem
1203 1624 1354 1664 intelligi-

281 1675 380 1705 bilem
396 1675 430 1704 in
446 1673 622 1703 intellectu.
635 1689 658 1694 —
669 1672 745 1702 Alio
761 1671 874 1708 modo,
887 1671 968 1702 nihil
982 1671 1048 1701 hoc
1060 1669 1162 1701 modo
1179 1668 1354 1705 causando,

281 1719 339 1750 sed
362 1727 400 1749 ex
423 1718 493 1748 sola
515 1717 748 1748 coniunctione
771 1717 872 1755 ipsius
889 1725 966 1746 cum
981 1715 1038 1745 illo
1061 1713 1227 1745 reddendo
1246 1715 1355 1754 ipsum

283 1774 301 1794 a
316 1773 374 1793 sua
389 1762 598 1802 generatione
615 1761 842 1791 virtuosiorem
860 1765 891 1790 et
906 1759 1100 1790 habiliorem
1111 1758 1152 1790 ad
1167 1757 1356 1790 huiusmodi

283 1807 503 1838 causationem
526 1805 656 1845 speciei.

340 1851 369 1881 3.
398 1851 489 1881 Licet
515 1855 624 1880 autem
651 1854 788 1889 uterque
815 1848 934 1879 modus
961 1847 1110 1879 sustineri
1136 1848 1249 1887 possit,
1275 1846 1357 1877 mihi

282 1901 391 1926 tamen
407 1894 533 1924 videtur
556 1893 717 1924 secundus
741 1892 943 1923 conformior
966 1901 1036 1922 esse
1055 1891 1222 1922 doctrinae
1246 1890 1356 1922 Sancti

282 1940 441 1970 Thomae.
455 1938 507 1969 Ad
520 1938 612 1968 cuius
628 1937 883 1977 intelligentiam,
897 1935 1170 1967 considerandum
1191 1940 1238 1966 est
1254 1934 1356 1975 quod,

282 1984 364 2014 sicut
375 1992 561 2023 supremum
574 1982 745 2022 inferioris
763 1981 905 2022 attingit,
924 1980 1104 2011 secundum
1121 1979 1271 2020 Dionysii
1283 1988 1356 2009 sen-

282 2028 415 2058 tentiam
430 2028 457 2063 *‚
483 2026 629 2067 infimum
658 2026 849 2065 superioris,
874 2026 918 2055 ita
941 2024 1074 2055 inferior
1096 2024 1253 2064 potentia,
1277 2032 1357 2054 con-

248 2073 253 2078 '
282 2073 392 2103 iuncta
422 2070 581 2111 superiori
613 2075 644 2100 et
670 2070 705 2100 in
736 2069 850 2100 eadem
884 2069 1010 2099 animae
1039 2069 1176 2099 essentia
1206 2067 1356 2104 radicata,

282 2115 456 2157 perfectior
471 2121 503 2145 et
517 2115 692 2145 virtuosior
704 2113 850 2145 efficitur.
863 2114 957 2150 Nam,
971 2122 1048 2144 cum
1064 2114 1173 2143 anima
1188 2112 1268 2143 dans
1283 2121 1356 2153 per.-

282 2160 451 2191 fectiorem
473 2159 610 2199 gradum
626 2158 752 2190 essendi
767 2159 807 2189 sit
826 2158 1036 2189 essentialiter
1051 2157 1226 2198 perfectior
1249 2157 1357 2187 anima

282 2204 378 2235 dante
408 2210 534 2235 tantum
564 2203 839 2243 imperfectiorem
868 2202 1015 2243 gradum,
1040 2207 1171 2243 oportet
1198 2206 1236 2232 ut
1259 2201 1357 2232 etiam

282 2250 416 2280 virtutes
438 2258 523 2289 quae
547 2249 586 2278 ab
609 2249 680 2288 ipsa
711 2247 859 2284 effluunt,
882 2247 1056 2278 intrinsece
1088 2252 1120 2277 et
1142 2247 1177 2277 in
1200 2255 1258 2277 sua
1281 2246 1357 2276 sub—

282 2294 398 2324 stantia
419 2292 628 2333 perfectiores
643 2293 721 2323 sint:
738 2292 887 2323 videmus
903 2293 991 2323 enim
1007 2291 1097 2332 quod
1114 2292 1247 2322 virtutes
1261 2299 1358 2330 vege-

282 2339 400 2368 tativae
415 2347 498 2378 quae
515 2343 763 2377 consequuntur
778 2337 921 2367 animam
944 2337 1041 2373 bruti,
1057 2341 1134 2366 sunt
1149 2335 1358 2377 perfectiores

283 2382 345 2413 illis
363 2383 441 2423 ipsis
457 2382 734 2422 consequentibus
756 2382 899 2412 animam
922 2381 1065 2421 plantae;
1090 2381 1236 2411 similiter
1258 2380 1359 2410 virtus

283 2427 434 2458 sensitiva
457 2426 591 2457 effluens
614 2426 654 2456 ab
678 2426 785 2456 anima
808 2425 1005 2456 intellectiva
1032 2430 1079 2455 est
1108 2424 1283 2465 perfectior
1305 2423 1359 2454 illa

284 2480 370 2512 quae
381 2471 422 2502 ad
433 2471 575 2502 animam
586 2471 671 2501 bruti
685 2471 906 2510 consequitur.
920 2470 962 2501 Et
974 2470 1051 2510 quia
1066 2469 1240 2510 perfectior
1254 2468 1360 2499 forma

284 2521 392 2556 potest
407 2514 581 2556 perfectius
603 2524 690 2555 opus
713 2514 850 2551 efficere,
867 2523 1074 2555 consequens
1097 2519 1145 2545 est
1167 2519 1204 2544 ut
1225 2514 1359 2544 virtutes

284 2561 454 2591 sensitivae
463 2560 498 2590 in
509 2560 654 2596 homine,
664 2560 853 2600 praesertim
865 2560 1043 2595 interiores,
1055 2557 1248 2599 perfectiora
1260 2566 1359 2598 opera

284 2604 403 2636 faciant
418 2614 518 2645 quam
533 2605 667 2635 virtutes
682 2604 852 2635 sensitivae
865 2604 1036 2635 brutorum
1051 2603 1258 2634 animalium:
1275 2603 1360 2633 sicut

286 2654 318 2680 et
339 2650 440 2680 virtus
459 2650 638 2690 vegetativa
653 2649 795 2680 hominis
812 2654 920 2689 potest
935 2657 1065 2679 carnem
1081 2657 1244 2688 generare,
1261 2656 1361 2688 quam

285 2694 385 2724 virtus
408 2694 588 2734 vegetativa
615 2693 744 2734 plantae
774 2702 927 2734 generare
957 2702 1026 2724 non
1050 2698 1168 2733 potest.
1199 2692 1252 2724 Sic
1284 2701 1361 2732 ergo

286 2739 386 2769 virtus
409 2737 579 2770 formativa
602 2738 864 2779 phantasmatum
887 2738 922 2769 in
948 2738 1094 2774 homine,
1119 2747 1159 2768 ex
1181 2737 1247 2768 hoc
1270 2735 1362 2778 quod

285 2783 320 2813 in
344 2782 458 2814 eadem
482 2783 620 2814 essentia
643 2792 719 2813 cum
742 2782 911 2813 intellectu
937 2782 1109 2819 radicatur,
1133 2781 1232 2822 longe
1253 2781 1360 2822 perfe-

287 2828 369 2858 ctior
384 2833 432 2858 est
453 2828 621 2868 phantasia
637 2828 736 2858 bruti:
763 2832 795 2858 et
809 2826 885 2858 ideo
909 2827 1103 2868 perfectiora
1122 2832 1155 2858 et
1170 2827 1364 2858 virtuosiora

287 2872 509 2912 phantasmata
532 2871 639 2908 efficit,
663 2877 779 2912 utpote
803 2881 842 2902 ex
864 2881 923 2902 sua
944 2877 1059 2902 natura
1082 2871 1200 2902 habilia
1223 2870 1264 2902 ad
1287 2880 1363 2902 cau-

288 2915 436 2953 sandum,
455 2917 553 2948 simul
577 2926 653 2947 cum
676 2917 843 2948 intellectu
859 2922 984 2957 agente,
1000 2917 1125 2957 species
1147 2915 1364 2956 intelligibiles

288 2961 322 2990 in
346 2961 511 2992 intellectu
535 2961 698 3002 possibili;
723 2960 815 3002 quod
838 2961 1053 3002 phantasmati
1081 2961 1166 2992 bruti
1189 2970 1258 2991 non
1285 2970 1364 2992 con-

289 3006 421 3036 veniret.
446 3005 638 3036 Phantasma
654 3015 731 3046 ergo
755 3005 905 3037 illustrari
921 3006 961 3036 ab
977 3006 1143 3036 intellectu
1165 3011 1281 3046 agente
1295 3015 1364 3036 non

290 3055 337 3079 est
359 3050 466 3089 ipsum
489 3051 632 3091 recipere
654 3050 777 3091 aliquid
792 3049 989 3082 accidentale
1005 3050 1044 3081 ab
1061 3050 1228 3082 intellectu
1250 3055 1365 3091 agente

291 3099 464 3134 postquam
487 3100 676 3135 generatum
691 3101 750 3132 est,
767 3104 808 3126 eo
826 3094 929 3126 modo
945 3104 1014 3135 quo
1038 3104 1093 3126 aer
1114 3095 1230 3135 recipit
1253 3095 1365 3126 lumen

291 3147 310 3167 a
332 3138 416 3168 sole:
442 3139 498 3170 sed
514 3145 562 3170 est
577 3140 695 3180 ipsum,
713 3149 751 3170 ex
775 3140 839 3170 hoc
863 3139 955 3179 quod
977 3139 1176 3180 productum
1200 3144 1248 3170 est
1271 3149 1289 3170 a
1305 3149 1365 3180 po-

290 3183 390 3212 tentia
412 3182 550 3214 radicata
572 3185 606 3214 in
637 3183 751 3215 eadem
782 3184 920 3215 essentia
943 3185 1070 3215 animae
1093 3193 1170 3215 cum
1200 3184 1367 3216 intellectu

293 3232 416 3266 agente,
441 3229 497 3267 qui
521 3233 568 3258 est
590 3228 702 3259 lumen
726 3229 824 3269 partis
846 3228 1073 3265 intellectivae,
1098 3238 1167 3259 esse
1191 3238 1230 3259 ex
1252 3234 1367 3260 natura

293 3280 350 3300 sua
373 3276 404 3301 et
426 3271 598 3303 intrinsece
621 3273 736 3304 clarius
760 3279 792 3304 et
814 3273 990 3304 virtuosius
1013 3282 1112 3314 quam
1136 3273 1163 3304 si
1187 3279 1269 3304 esset
1291 3283 1366 3314 pro-

294 3314 427 3346 ductum
451 3326 469 3346 a
492 3317 638 3357 potentia
653 3327 721 3348 non
739 3319 914 3349 coniuncta
933 3317 1113 3348 intellectui
1131 3318 1248 3357 agenti.
1266 3318 1307 3348 Et
1322 3318 1366 3348 sic

295 3358 410 3390 dicitur
433 3360 613 3391 illuminare
638 3362 860 3402 phantasmata
876 3362 1058 3393 intellectus
1082 3371 1190 3402 agens,
1206 3371 1275 3392 non
1291 3371 1367 3402 pro-

294 3403 363 3442 prie
379 3403 524 3436 effective
540 3405 661 3445 aliquid
676 3406 874 3438 accidentale
893 3406 1109 3447 phantasmati
1124 3407 1188 3437 iam
1205 3406 1366 3447 producto

297 3446 512 3479 infundendo:
549 3449 604 3480 sed
639 3450 818 3482 radicaliter
848 3457 880 3482 et
911 3450 1208 3487 fundamentaliter,
1243 3451 1367 3482 ratione

744 304 932 341 SUMMA
961 303 1184 340 CONTRA
1211 301 1486 346 GENTILES,
1514 301 1610 337 LIB.
1631 301 1673 345 Π,
1703 299 1814 336 CAP.
1834 300 2023 336 LXXVII.

1408 380 1515 410 Prima
1537 379 1640 414 Parte,
1665 387 1696 417 q.
1713 387 1826 413 Lxxxv,
1850 387 1878 407 a.
1906 384 1934 413 ι,
1953 376 1994 407 ad
2012 386 2045 415 4,
2069 378 2126 408 ubi
2148 379 2193 409 ait
2215 379 2307 419 quod
2325 380 2483 420 phantas-

1408 429 1497 454 mata
1513 422 1744 453 illuminantur
1755 421 1795 451 ab
1809 421 1973 452 intellectu
1986 427 2115 462 agente,
2128 422 2216 462 quia,
2227 423 2400 464 sicutpars
2411 434 2483 456 sen-

1408 468 1504 499 sitiva
1528 477 1570 497 ex
1588 466 1820 496 coniunctione
1843 465 1887 496 ad
1906 465 2103 496 intellectum
2126 466 2270 507 efficitur
2291 467 2482 506 virtuosior,

1410 513 1454 543 ita
1473 512 1708 553 phantasmata
1731 520 1774 540 ex
1797 510 1917 541 virtute
1945 510 2126 541 intellectus
2149 511 2279 552 agentis
2302 512 2486 544 redduntur

1408 557 1530 587 habilia
1555 561 1591 586 ut
1617 555 1656 586 ab
1686 555 1734 586 eis
1763 554 1960 585 intentiones
1988 555 2210 596 intelligibiles
2238 556 2482 588 abstrahantur.

1410 601 1546 632 Constat
1569 605 1679 630 autem
1695 599 1787 640 quod
1809 609 1882 639 pars
1897 600 2048 630 sensitiva
2063 609 2134 630 non
2156 599 2194 630 fit
2210 600 2385 631 virtuosior
2407 602 2485 641 quia

1409 644 1532 685 aliquid
1555 645 1691 684 accipiat
1710 645 1750 674 ab
1773 644 1942 674 intellectu
1964 654 2042 675 suae
2064 650 2199 675 naturae
2221 644 2483 685 superadditum:

1409 689 1465 721 sed
1488 694 1615 720 tantum
1638 689 1726 729 quia,
1750 697 1827 719 cum
1849 689 1884 719 in
1911 688 2025 719 eadem
2054 690 2192 720 essentia
2219 698 2296 720 cum
2318 689 2484 721 intellectu

1409 732 1572 770 fundetur,
1597 738 1630 764 et
1652 738 1893 773 consequenter
1915 743 1934 763 a
1956 731 2143 773 perfectiori
2168 739 2283 764 natura
2306 734 2486 774 originetur

1409 787 1508 819 quam
1531 787 1604 818 pars
1627 778 1778 808 sensitiva
1797 777 1893 813 bruti,
1917 783 1965 807 est
1986 778 2160 808 intrinsece
2179 784 2212 808 et
2232 778 2268 809 in
2290 787 2349 809 sua
2370 783 2485 809 natura

1408 823 1583 853 virtuosior
1598 831 1636 852 ac
1658 821 1842 862 perfectior.
1860 821 1958 861 Ergo,
1975 821 2156 853 secundum
2171 822 2292 863 ipsum,
2315 822 2357 854 de
2380 823 2484 863 phan-

1408 873 1542 898 tasmate
1564 866 1654 897 idem
1677 865 1854 897 dicendum
1876 866 1946 896 erit.

1464 912 1518 943 IV.
1542 911 1607 943 Sed
1630 911 1772 942 occurrit
1793 915 1907 941 contra
1929 911 2014 941 hanc
2037 910 2341 942 determinationem
2364 911 2485 952 duplex

1409 956 1556 987 dubium.
1581 956 1727 986 Primum
1743 961 1802 992 est,
1819 955 1897 995 quia
1912 955 1946 986 in
1967 954 2114 986 secundo
2131 954 2218 986 dicto
2234 957 2456 996 responsionis
2467 957 2485 975 ⁹

1408 1002 1515 1042 inquit
1538 1001 1675 1032 Sanctus
1697 1000 1843 1030 Thomas
1867 998 1959 1039 quod
1982 999 2068 1030 actio
2093 999 2276 1031 intellectus
2298 1000 2428 1042 agentis
2450 1001 2484 1031 in

1402 1046 1636 1087 phantasmata
1654 1044 1826 1085 praecedit
1852 1044 2068 1084 receptionem
2100 1043 2283 1075 intellectus
2308 1044 2485 1085 possibilis,

1408 1100 1448 1122 ac
1469 1091 1499 1122 si
1510 1091 1527 1108 ⁴*
1545 1089 1777 1131 principalitas
1799 1088 1940 1120 actionis
1963 1098 2030 1119 non
2053 1089 2255 1119 attribuatur
2271 1089 2486 1129 phantasma-

1409 1136 1503 1172 tibus,
1528 1135 1585 1166 sed
1612 1134 1792 1165 intellectui
1820 1133 1944 1175 agenti.
1976 1134 2026 1164 Ex
2051 1134 2092 1164 iis
2119 1134 2209 1164 enim
2230 1134 2337 1164 verbis
2358 1133 2487 1165 videtur

1407 1181 1518 1212 haberi
1541 1178 1633 1220 quod
1655 1179 1840 1210 intellectus
1861 1187 1960 1219 agens
1978 1177 2103 1219 aliquid
2123 1178 2160 1209 in
2181 1178 2486 1218 phantasmataism

1408 1224 1568 1266 producta
1594 1229 1677 1264 agat.

1463 1267 1653 1300 Secundum
1669 1267 1808 1299 dubium
1825 1273 1882 1304 est,
1899 1267 1977 1308 quia
1991 1266 2119 1298 videtur
2133 1266 2219 1298 velle
2234 1265 2371 1298 Sanctus
2394 1265 2486 1298 'rho-

1407 1324 1476 1345 mas
1499 1314 1725 1355 phantasmata
1748 1321 1783 1342 se
1805 1312 1924 1342 habere
1939 1311 1980 1342 ad
2002 1311 2207 1343 intellectum
2230 1317 2380 1352 agentem
2403 1310 2488 1342 sicut

1407 1359 1621 1390 instrumenta
1655 1356 1696 1388 ad
1729 1361 1841 1387 artem.
1872 1355 1937 1387 Sed
1975 1356 2008 1386 in
2039 1355 2265 1387 instrumentis
2291 1355 2332 1387 ab
2360 1355 2487 1397 arffioe

1408 1404 1513 1439 motis,
1539 1408 1575 1433 ut
1597 1402 1715 1433 dicitur
1737 1401 1875 1439 Quarto,
1891 1400 1923 1431 d.
1939 1410 1961 1437 1,
1974 1409 2007 1441 q.
2023 1409 2090 1438 1,.a.
2105 1410 2138 1440 4,
2155 1401 2216 1441 qu·
2231 1410 2251 1431 2
2263 1401 2291 1437 ‘‚
2312 1405 2362 1432 est
2383 1396 2487 1432 virtus

1408 1449 1491 1479 artis
1512 1457 1576 1488 per
1603 1447 1734 1477 modum
1765 1445 1966 1477 intentionis.
1994 1445 2083 1485 Ergo
2109 1445 2292 1477 intellectus
2322 1454 2422 1486 agens
2451 1446 2487 1481 in

1407 1492 1685 1534 phantasmatibus
1718 1500 1813 1522 suam
1847 1491 2000 1520 virtutem
2033 1499 2091 1530 per
2122 1489 2262 1522 modum
2294 1490 2487 1530 intentionis

1408 1542 1527 1569 causat.
1553 1537 1596 1568 Et
1617 1537 1664 1567 sic
1686 1536 1757 1576 ipsa
1786 1534 1950 1566 illuminat
1979 1533 2102 1575 aliquid
2131 1534 2165 1565 in
2194 1535 2283 1576 ipsis,
2310 1540 2487 1577 postquam

1407 1587 1559 1624 generata
1581 1586 1667 1617 sunt,
1691 1579 1922 1621 imprimendo.

1464 1636 1494 1657 2.
1518 1624 1571 1656 Ad
1594 1625 1737 1666 primum
1753 1623 1870 1655 dicitur
1885 1622 1977 1664 quod
1998 1633 2037 1654 ex
2060 1623 2123 1654 illis
2138 1623 2244 1655 verbis
2259 1633 2329 1654 non
2351 1623 2489 1654 habetur

1409 1670 1501 1711 quod
1523 1669 1706 1701 intellectus
1721 1677 1821 1709 agens
1836 1667 1960 1709 aliquid
1975 1668 2143 1708 imprimat
2156 1669 2191 1699 in
2207 1668 2487 1709 phantasmatibus

1409 1721 1585 1756 postquam
1608 1719 1760 1754 generata
1783 1719 1874 1743 sunt:
1904 1711 1961 1743 sed
1991 1718 2119 1743 tantum
2150 1712 2242 1753 quod
2270 1713 2355 1744 actio
2387 1721 2487 1755 quam

1409 1761 1474 1801 agit
1496 1761 1531 1790 in
1553 1759 1787 1800 phantasmata,
1811 1763 1860 1789 est
1882 1758 1971 1798 prior
1993 1758 2183 1798 receptione
2204 1758 2390 1790 intellectus
2411 1766 2489 1798 pos-

1409 1804 1518 1835 sibilis.
1544 1802 1658 1840 Modo,
1682 1802 1800 1833 dicitur
1826 1800 1918 1842 quod
1945 1800 1999 1832 illa
2030 1801 2115 1832 actio
2138 1811 2208 1832 non
2238 1807 2286 1833 est
2315 1801 2487 1843 impressio

1409 1849 1546 1880 alicuius
1569 1847 1693 1878 formae
1717 1845 1942 1888 superadditae
1964 1846 2244 1886 phantasmatibus
2270 1847 2336 1877 iam
2364 1846 2487 1887 produ-

1409 1894 1485 1924 ctis:
1503 1891 1560 1923 sed
1583 1897 1632 1922 est
1647 1891 1784 1927 efficere,
1801 1900 1859 1931 per
1874 1890 2038 1930 quandam
2058 1890 2239 1922 naturalem
2253 1891 2488 1930 resultantium,

1409 1938 1478 1978 ipsa
1500 1937 1725 1977 phantasmata
1753 1934 1935 1966 secundum
1961 1940 2113 1966 naturam
2136 1935 2221 1967 clara
2244 1940 2277 1966 et
2301 1934 2423 1969 habilis
2447 1933 2489 1967 ad

1408 1982 1473 2012 hoc
1496 1987 1533 2011 ut
1557 1990 1596 2011 ex
1619 1981 1696 2020 ipsis
1723 1980 1827 2020 possit
1849 1979 1974 2020 species
1996 1974 2207 2020 intelligibilis
2230 1979 2380 2011 abstrahi.
2411 1975 2488 2011 Hoc

1409 2031 1520 2057 autem
1532 2025 1688 2056 convenit
1699 2024 1759 2055 sibi
1771 2024 1967 2064 inquantum
1983 2024 2132 2063 potentia
2147 2033 2263 2056 eorum
2279 2023 2396 2056 factiva
2411 2032 2488 2056 cum

1408 2069 1576 2101 intellectu
1599 2074 1716 2109 agente
1743 2069 1778 2099 in
1805 2078 1871 2099 una
1899 2069 2038 2099 essentia
2064 2069 2193 2100 animae
2216 2069 2390 2100 radicatur:
2418 2077 2488 2110 quo

1408 2114 1512 2146 modo
1535 2114 1675 2145 dicimus
1697 2112 1900 2144 intellectum
1923 2112 2029 2144 facere
2052 2114 2217 2154 potentias
2237 2114 2410 2145 sensitivss-
2445 2114 2452 2121 ”
2479 2114 2486 2122 ’

1409 2160 1602 2190 coniunctas
1623 2158 1844 2194 virtuosiores,
1867 2157 2064 2198 inquantum
2086 2157 2238 2190 videlicet
2259 2159 2413 2191 essentia
2453 2156 2462 2158 ἡ

1409 2213 1494 2241 mae,
1518 2204 1551 2234 in
1575 2213 1640 2244 qua
1663 2201 1847 2234 intellectus
1869 2202 2041 2239 radicatur,
2057 2211 2096 2233 ex
2118 2203 2185 2234 hoc
2208 2202 2300 2244 quod
2320 2208 2372 2234 est
2393 2202 2488 2235 intel·

1409 2249 1525 2280 lectiva
1549 2254 1581 2279 et
1603 2246 1780 2288 perfectior
1795 2247 1957 2283 sensitiva,
1973 2251 2022 2277 est
2037 2245 2200 2278 efficacior
2222 2253 2256 2278 et
2277 2247 2489 2289 perfectiores

1410 2293 1492 2324 vires
1509 2292 1675 2323 sensitivas
1691 2290 1844 2332 producit
1857 2291 1996 2322 naturali
2008 2292 2279 2328 concomitantia3
2296 2301 2366 2324 non
2376 2297 2488 2324 sutsn

1410 2338 1487 2378 quia
1509 2337 1588 2377 ipsis
1609 2337 1676 2367 iam
1694 2335 1864 2376 productis
1877 2335 2002 2378 sliquid
2023 2337 2199 2377 imprimat.
2223 2336 2320 2368 Unde
2341 2336 2424 2368 nihil
2440 2341 2490 2368 est

1411 2381 1499 2413 aliud
1514 2381 1717 2412 intellectum
1728 2386 1880 2421 agentem
1890 2380 2075 2412 illuminare
2085 2381 2310 2422 phantasmata
2323 2389 2425 2422 qum
2437 2390 2488 2413 es*

1411 2427 1548 2457 sentiam
1571 2426 1709 2462 animae,
1725 2434 1765 2456 ex
1780 2426 1846 2456 hoc
1862 2425 1955 2467 quod
1969 2430 2019 2456 est
2033 2425 2231 2457 intellectiva
2245 2431 2279 2457 et
2292 2425 2488 2458 fundamen·

1410 2477 1482 2502 tum
1513 2470 1696 2501 intellectus
1720 2470 1855 2510 agentis,
1882 2469 2077 2512 producere,
2100 2469 2283 2502 secundum
2307 2470 2488 2502 naturalem

1411 2514 1712 2550 concomitantiam,
1725 2514 1879 2546 virtutem
1894 2515 2084 2556 phantasiae
2094 2514 2193 2546 talem
2204 2518 2243 2546 ut
2253 2515 2294 2546 ab
2303 2515 2375 2556 ipsa
2385 2515 2488 2557 phau*

1411 2565 1547 2591 tasmata
1563 2559 1648 2590 clara
1664 2564 1697 2590 et
1711 2559 1830 2590 habilia
1845 2558 1886 2590 ad
1901 2558 2195 2596 con-causandum,
2210 2568 2288 2591 cum
2305 2560 2380 2601 ipso
2394 2559 2490 2591 insat·

1413 2605 1500 2635 lectu
1523 2609 1650 2645 agente,
1678 2604 1804 2644 species
1834 2604 2053 2645 intelligibiles
2077 2604 2113 2635 in
2141 2604 2310 2636 intellectu
2330 2604 2490 2645 possibili,

1412 2649 1586 2690 provenire
1614 2649 1751 2689 possint.
1782 2649 1824 2680 Et
1851 2649 1932 2680 haec
1958 2650 2044 2681 actio
2075 2648 2240 2690 praecedit
2267 2649 2492 2690 receptionem

1411 2694 1596 2725 intellectus
1618 2693 1791 2734 possibilis,
1815 2693 1900 2725 sicut
1922 2698 1955 2725 et
1977 2695 2047 2736 ipsa
2070 2693 2224 2725 formatio
2246 2694 2490 2735 phantasmatis.

1471 2738 1501 2770 3.
1526 2737 1579 2769 Ad
1601 2737 1784 2769 secundum
1799 2736 1918 2770 dicitur
1934 2738 2025 2780 quod
2047 2739 2150 2770 virtus
2172 2738 2248 2769 artis
2268 2747 2340 2770 non
2362 2746 2492 2780 semp«

1414 2788 1462 2814 est
1484 2783 1641 2824 impressa
1663 2782 1880 2814 instrumento
1895 2792 1954 2824 per
1968 2779 2107 2815 modum
2130 2782 2293 2825 qualitatis
2307 2788 2365 2814 aut
2384 2783 2492 2815 inten-

1414 2828 1513 2858 tionis
1535 2828 1752 2858 instrumento
1775 2833 1853 2867 post
1875 2828 1946 2859 eius
1967 2827 2222 2869 productionem
2248 2825 2491 2870 superaddimus

1415 2881 1478 2903 nec
1500 2871 1582 2903 illud
1603 2871 1743 2903 intendit
1766 2871 1904 2903 Sanctus
1927 2872 2074 2904 'I'h0mas
2096 2881 2169 2904 esse
2193 2872 2416 2904 universaliter
2436 2880 2494 2904 ve*-

1415 2926 1500 2954 rum,
1523 2917 1600 2948 licet
1620 2917 1656 2947 in
1679 2916 1876 2957 quibusdam
1898 2917 1941 2948 ita
1956 2917 2008 2954 sit,
2022 2918 2057 2949 in
2079 2917 2130 2954 iis,
2151 2917 2296 2957 inquam,
2315 2925 2402 2958 quae
2416 2925 2493 2958 pas·-

1417 2962 1487 3003 prie
1512 2961 1727 2992 instrumenta
1757 2961 1920 2992 dicuntur.
1948 2962 2013 2994 Sed
2041 2961 2218 3003 aliquando
2249 2967 2298 2994 est
2322 2961 2492 2994 naturalius

1417 3006 1500 3037 sicut
1523 3012 1556 3037 et
1579 3015 1696 3049 causae
1718 3005 1881 3038 secundae
1908 3007 2060 3048 proprios
2089 3005 2223 3038 effectus
2250 3012 2351 3048 agunt
2372 3007 2408 3038 in
2429 3006 2494 3039 virs

1417 3056 1487 3093 tute
1503 3060 1674 3082 causarum
1696 3051 1885 3092 primarum,
1902 3056 1935 3083 et
1956 3056 2033 3082 sunt
2055 3059 2168 3082 eamm
2190 3051 2303 3092 aliquo
2324 3050 2428 3082 modo
2442 3051 2493 3084 in-

1417 3101 1606 3132 strumenta,
1623 3101 1656 3127 et
1677 3101 1787 3126 tamen
1806 3101 1908 3136 agunt
1930 3104 1989 3136 per
2002 3095 2150 3137 proprias
2163 3095 2309 3133 virtutes,
2323 3096 2359 3127 in
2375 3094 2494 3137 qun-s

1418 3149 1477 3181 per
1500 3139 1666 3180 quandam
1688 3140 1970 3182 participationem
1992 3140 2133 3172 salvatur
2158 3140 2260 3172 virtus
2287 3137 2494 3183 superioru-

1419 3194 1601 3216 causarum.
1625 3185 1681 3221 lta,
1697 3185 1732 3216 in
1754 3185 1936 3225 proposito,
1951 3190 2062 3226 potest
2074 3185 2266 3226 phantasma
2283 3193 2355 3216 esse
2368 3184 2493 3216 insnu-

1419 3235 1568 3261 mentum
1591 3229 1776 3261 intellectus
1798 3230 1932 3270 agentis,
1955 3234 2074 3270 utpote
2096 3238 2166 3261 non
2188 3237 2288 3272 agens
2309 3228 2372 3260 nisi
2392 3233 2431 3259 ut
2446 3228 2493 3259 ‘ab

1419 3274 1493 3315 ipso
1509 3279 1654 3312 motum;
1672 3279 1704 3305 et
1719 3279 1828 3305 tamen
1844 3282 1938 3314 agere
1954 3283 2012 3315 per
2026 3283 2119 3305 susm
2134 3273 2287 3305 virtutem
2302 3272 2492 3310 naturalem,

1422 3327 1506 3359 quae
1523 3323 1571 3349 est
1594 3317 1755 3359 quaedam
1770 3318 1959 3359 participata
1973 3317 2152 3349 similitudo
2167 3317 2293 3348 virtutis
2309 3316 2494 3348 intellectus

1421 3363 1554 3403 agentis,
1579 3372 1647 3394 non
1670 3368 1780 3394 autem
1802 3371 1862 3403 per
1882 3371 2004 3394 novam
2036 3361 2223 3403 qualitatem
2252 3361 2313 3392 sibi
2337 3361 2377 3392 ab
2398 3362 2493 3393 intei-

1421 3407 1508 3438 lectu
1531 3413 1647 3447 agente
1669 3406 1919 3448 superadditam.

1477 3452 1516 3482 V.
1542 3452 1711 3490 Quantum
1734 3451 1775 3483 ad
1796 3450 1980 3482 secundum
1994 3451 2022 3487 ⁹,
2041 3449 2287 3481 Thomistarum
2302 3449 2436 3491 quidam
2446 3450 2493 3488 θ’,

2512 959 2521 968 ·
2537 957 2573 980 Cf.
2588 963 2654 980 num.
2664 962 2692 981 u.

2512 1100 2522 1110 ·
2532 1099 2570 1122 Cf.
2577 1103 2635 1122 text.
2646 1102 2670 1121 ss
2676 1103 2726 1121 vn.

2514 1405 2614 1435 'Adk

2521 3451 2530 3462 ·
2543 3448 2580 3473 et.
2595 3455 2620 3474 a.
2634 3454 2670 3477 ιιι,
2683 3447 2735 3471 init.

297 3492 421 3522 animae
443 3494 477 3524 in
493 3503 557 3534 qua
572 3495 641 3534 ipse
664 3496 846 3526 intellectus
863 3505 960 3536 agens
976 3495 1150 3531 radicatum
1174 3495 1368 3535 inquantum
2521 3478 2541 3488 '⁸
2556 3475 2630 3499 ΟΜ·
2644 3475 2670 3498 ¹¹¹
2682 3474 2734 3501 ¹⁹*

298 3534 337 3564 ad
353 3537 492 3567 animam
508 3539 541 3568 in
558 3548 622 3579 qua
638 3539 820 3570 intellectus
837 3549 935 3580 agens
950 3539 1120 3576 radicatur,
1137 3539 1273 3570 naturali
1289 3549 1368 3570 con-

300 3580 483 3611 comitantia
507 3584 717 3624 consequitur
744 3585 912 3623 phantasia
943 3584 1175 3625 phantasmatis
1198 3584 1369 3615 illuminati

300 3627 395 3662 atque
419 3624 458 3654 ad
480 3626 733 3658 intellectionem
758 3628 896 3659 ordinati
922 3628 1125 3669 productiva.

356 3666 455 3704 Quod
470 3675 578 3701 autern
600 3672 664 3702 hoc
680 3673 721 3702 sit
740 3671 780 3703 de
796 3678 905 3704 mente
922 3673 1032 3704 Sancti
1048 3673 1210 3710 Thomae,
1227 3677 1316 3714 patet
1331 3682 1369 3704 ex

1421 3505 1543 3527 novam
1558 3497 1758 3537 positionem
1773 3495 2024 3531 adinvenientes,
2040 3493 2154 3525 dicunt
2176 3495 2283 3535 primo
2300 3494 2402 3536 quod,
2418 3503 2494 3526 cum
2521 3508 2647 3552 amn,
2669 3507 2690 3524 ι.
2713 3506 2735 3532 3,

1422 3540 1465 3570 sit
1487 3540 1609 3581 duplex
1631 3541 1764 3582 effectus
1787 3539 1930 3575 luminis,
1953 3537 2078 3570 scilicet
2090 3538 2261 3580 formalis,
2277 3540 2334 3580 qui
2357 3544 2407 3571 est
2426 3547 2495 3572 esse
2523 3533 2734 3585 ffl'f'h'fflq‘

1424 3584 1687 3621 illuminativum,
1713 3589 1750 3615 ut
1764 3588 1859 3624 patet
1873 3583 1907 3613 in
1922 3583 2107 3624 diaphoniam·
2122 3588 2154 3614 et
2168 3583 2354 3621 obiectiuus,
2377 3583 2434 3625 qui
2448 3588 2496 3615 est

1424 3638 1593 3670 apparere,
1611 3634 1648 3660 ut
1656 3633 1748 3670 patet
1763 3628 1796 3659 in
1810 3627 1943 3659 colore.-
1955 3627 2153 3668 phantasma
2178 3628 2300 3660 lumine
2315 3628 2496 3659 intellectus

1423 3674 1553 3715 agentis
1575 3673 1773 3708 illustratur,
1789 3681 1856 3703 non
1864 3672 2071 3714 formaliter,
2086 3673 2144 3703 sed
2159 3673 2322 3709 efficatius,
2340 3678 2376 3704 ut
2389 3672 2494 3704 color.
