2716 4302
35 346 58 362 ts
67 346 88 360 v.
104 344 117 360 a
125 344 158 368 ²3·

32 550 41 558 ·
57 548 90 570 Cf.
109 550 158 569 not.
169 547 197 568 ad
208 547 243 568 16·

32 581 44 596 a
56 575 90 600 67.

29 1053 95 1068 rava
119 1051 157 1072 mg
173 1046 211 1066 lat.

23 1258 80 1279 1b.a
95 1263 131 1286 ⁴3·

22 1311 54 1332 Ib.
72 1311 85 1332 b
103 1318 121 1332 t.

22 1720 119 1748 tavb3.

21 2497 54 2518 lb.
71 2502 117 2524 mg.
141 2502 192 2523 sup.
210 2506 220 2511 —

21 2530 43 2550 p.
61 2529 111 2548 ¹40.

21 2597 30 2606 ·
45 2596 79 2617 ib.
95 2595 118 2615 b.
133 2599 166 2622 ²3·

24 2852 32 2861 ·
43 2851 103 2873 Casu
116 2857 158 2879 pro
170 2852 237 2873 aliud
253 2846 256 2850 ’

24 2884 38 2899 α
54 2884 86 2900 se.

26 3016 125 3039 =3rat.

27 3161 59 3182 lb.
76 3166 114 3188 mg
130 3167 180 3188 sup.

29 3262 61 3284 lb.
77 3268 89 3283 s
105 3269 122 3290 5.

31 3824 39 3832 ·
56 3822 89 3844 et,
108 3823 242 3845 not.adtt1¹

0 3866 4 3870 .
31 3850 88 3876 ab7.

280 149 346 187 18*

275 231 481 263 manifestum
495 235 541 260 est
552 227 642 269 quod
654 227 742 257 Deus
755 226 897 265 seipsum
909 221 1051 263 perfecte
1068 219 1240 259 intelligat:
1254 218 1344 248 Deus

275 283 361 313 enim
375 287 421 312 est
437 287 468 311 et
484 288 560 310 suus
575 277 757 308 intellectus
774 281 804 305 et
820 284 876 305 sua
893 273 1039 304 essentia.
1057 272 1074 310 §
1090 270 1218 301 Adhuc.
1236 268 1345 299 Omne

275 332 364 374 quod
380 338 426 362 est
442 331 474 361 in
491 330 601 369 aliquo
620 351 626 357 .
642 351 648 357 .
664 350 671 357 .
689 337 746 357 sua
763 323 925 365 essentia.)
941 324 958 340 ⁴*
970 324 988 362 §
1000 322 1160 362 Amplius.
1179 320 1280 350 Actus
1296 318 1346 349 in-

273 383 429 417 tellectus,
443 381 525 410 sicut
541 385 572 409 et
588 379 722 408 aliarum
738 377 864 407 animae
880 374 1111 415 potentiarum,
1124 374 1236 407 speciem
1251 373 1345 405 recipit

272 431 451 463 secundum
478 440 549 458 actus
577 427 730 470 (obiecta)
761 426 1011 465 distinguuntur.
1043 423 1150 453 Tanto
1178 421 1276 460 igitur
1293 443 1300 450 .
1315 442 1322 450 .
1337 442 1344 449 .

271 484 413 523 seipsum
443 480 602 520 intelligit.
634 482 650 515 9
669 482 770 506 Adhuc.
799 479 988 505 Beatitudinem
1017 478 1075 502 Deo
1100 475 1239 501 convenire
1267 481 1347 507 supra

270 543 408 562 ostensum
427 542 468 560 est
479 536 503 566 ³¹,
523 540 548 559 et
565 533 637 567 quod
656 533 733 558 etiam
753 532 775 556 ei
798 530 936 556 conveniat
959 528 1106 554 secundum
1133 526 1205 560 quod
1230 530 1271 551 est
1288 530 1346 550 actu

270 587 424 620 intelligens,
453 585 620 611 manifestum
650 590 702 609 est:
729 582 862 608 beatitudo
887 582 967 610 enim.
992 587 1053 605 cum
1081 578 1199 603 nominet
1226 577 1346 601 ultimam

270 638 482 671 completionem,
503 644 555 661 non
575 641 615 660 est
637 634 782 660 secundum
802 633 946 667 potentiam
966 631 1007 656 vel
1024 631 1066 655 vel
1089 629 1216 659 habitum,
1235 628 1282 653 sed
1306 634 1346 651 se-

269 689 383 715 cundum
403 693 490 713 actum
509 691 535 712 et
550 687 619 720 perf
633 685 837 713 nobilissimum,
856 683 942 716 qualis
958 685 1007 712 est,
1026 681 1100 706 Talis
1119 685 1206 704 autem
1226 683 1266 703 est
1283 685 1347 711 ope-

268 741 333 766 ratio
351 739 543 770 intellectualis,
557 746 616 763 cum
637 737 670 762 sit
689 736 883 769 simplicissima
902 741 927 759 et
946 734 1030 767 prima
1049 733 1123 766 origo
1141 731 1250 757 aliarum
1269 730 1347 755 ratio-

268 791 366 817 nalium
391 791 584 824 operationum.
606 790 660 814 Aut
684 787 762 821 igitur
780 786 904 813 convenit
923 785 997 810 Deus
1019 784 1112 808 beatus
1136 787 1176 807 est
1200 781 1347 806 secundum

268 843 339 876 quod
358 847 417 867 actu
433 841 555 873 intelligit
574 847 612 865 se.
626 845 671 864 aut
690 839 836 864 secundum
857 836 928 870 quod
947 841 1005 861 actu
1024 835 1095 859 aliud
1113 833 1240 866 intelligit.
1260 833 1286 857 Si
1305 839 1346 857 se-

268 894 382 919 cundum
396 893 470 926 quod
488 897 546 917 acm
559 892 628 917 aliud
641 891 768 924 intelligit,
788 897 836 923 per
849 889 914 913 illud
928 895 992 920 ergo
1005 887 1165 912 intellectum
1184 885 1276 910 beatus
1290 883 1346 909 erit.

268 945 326 970 Non
345 951 409 977 ergo
427 943 534 968 habebit
553 949 618 968 suae
637 940 802 966 beatitudinis
825 938 1007 964 sufficientiam
1026 937 1051 962 in
1071 936 1169 970 seipso,
1190 939 1216 960 et
1237 934 1275 960 sic
1293 941 1346 959 non

268 998 315 1023 erit
339 996 453 1029 perfecte
478 995 581 1020 beatus.
607 994 655 1018 Est
673 993 751 1026 igitur
769 992 861 1017 beatus
881 998 911 1016 ex
930 990 980 1015 hoc
995 989 1067 1022 quod
1085 988 1203 1021 seipsum
1217 986 1347 1019 intelligit.

267 1047 283 1063 *
301 1043 331 1086 (ἓ
347 1044 474 1075 Adhuc.
492 1043 614 1073 Rerum
631 1038 810 1082 [omnium]
829 1037 1047 1079 perfectiones
1066 1037 1099 1066 in
1116 1036 1188 1066 Deo
1206 1035 1346 1066 maxime

267 1096 485 1127 inveniuntur.
515 1093 600 1123 Inter
627 1092 703 1121 alias
731 1096 840 1121 autem
870 1088 1087 1130 perfectiones
1111 1092 1235 1117 maxima
1254 1086 1344 1116 estin

267 1149 361 1179 rebus
385 1147 498 1177 creatis
522 1146 669 1175 inventas
692 1144 832 1174 maxima
856 1147 903 1172 est
922 1141 1102 1181 intelligere
1125 1140 1244 1177 Deum,
1270 1148 1345 1170 cum

265 1206 378 1229 natura
404 1196 630 1227 intellectualis
658 1195 726 1225 aliis
751 1194 961 1234 praemineat,
994 1193 1086 1223 cuius
1113 1190 1270 1232 perfectio
1299 1196 1346 1221 est

265 1252 452 1291 intelligere.
492 1249 739 1280 Nobilissimum
829 1245 1011 1286 intelligit.)
1048 1246 1064 1262 ἃ
1088 1246 1106 1284 §
1130 1245 1205 1275 Hoc
1236 1250 1345 1275 autem

264 1303 453 1333 auctoritate
477 1301 585 1332 divina
621 1299 840 1330 confirmatur.
880 1299 897 1314 *
913 1298 967 1328 Ait
990 1306 1134 1337 namque
1159 1296 1344 1336 apostolus,

263 1355 366 1396 prima
384 1364 448 1385 cor.
472 1364 504 1390 11,
530 1352 620 1394 quod
637 1353 767 1392 spiritus
786 1351 874 1391 (Dei)
891 1356 1051 1380 scrutatur
1068 1350 1164 1379 etiam
1182 1347 1344 1389 profunda

263 1407 335 1438 Dei.

334 1545 414 1585 Cap.
443 1544 585 1575 XLVIII.
612 1544 708 1582 Quon
735 1543 821 1573 Deus
846 1551 941 1573 raino
966 1551 1004 1572 ar
1027 1551 1085 1572 rita
1110 1551 1144 1572 sa
1168 1550 1271 1572 soum

631 1603 757 1625 SEIPSUM
783 1603 970 1624 coososctr.

307 1715 373 1749 §Ex
392 1716 442 1740 hoc
461 1722 548 1740 autem
568 1714 641 1748 quod
660 1714 822 1739 intellectum
845 1721 859 1738 a
881 1713 939 1738 Deo
964 1718 1005 1738 est
1029 1712 1087 1745 ipsa
1109 1712 1256 1738 intellectus
1280 1712 1342 1737 sub-

262 1767 364 1797 stantia.
383 1767 458 1800 sequi
479 1766 580 1800 (etiam)
599 1765 703 1790 videtur
721 1765 794 1798 quod
813 1765 975 1790 intellectum
989 1772 1004 1789 a
1022 1763 1079 1789 Deo
1098 1771 1152 1789 non
1170 1764 1204 1789 sit
1221 1764 1292 1789 aliud
1310 1763 1342 1790 ab

260 1820 327 1852 ipso.
348 1819 426 1850 Quod
446 1817 553 1852 quidem
574 1817 720 1851 aliqualiter
737 1824 830 1842 verum
850 1822 891 1842 est
909 1821 936 1841 et
954 1815 1101 1849 aliqualiter
1120 1815 1224 1841 falsum.
1243 1815 1343 1840 Dicitur

262 1877 376 1903 namque
396 1869 493 1902 aliquid
512 1868 619 1902 intelligi
639 1868 724 1900 primo
744 1872 769 1893 et
788 1867 814 1892 in
833 1874 870 1898 se,
891 1867 988 1900 aliquid
1012 1874 1076 1891 vero
1096 1865 1171 1899 quasi
1191 1873 1239 1899 per
1252 1870 1341 1899 poste-

260 1923 314 1947 rius
335 1927 360 1946 et
378 1921 403 1946 in
423 1920 491 1945 alio:
511 1920 585 1945 cuius
605 1919 755 1952 exemplum
776 1918 854 1943 etiam
873 1918 900 1943 in
919 1918 976 1943 visu
996 1918 1125 1951 corporali
1144 1922 1260 1951 apparet,
1279 1924 1340 1942 nam

260 1973 397 2006 speculum
418 1972 505 2004 primo
524 1977 549 1996 et
568 1977 615 2004 per
633 1977 663 1995 se
674 1970 785 2000 videtur,
794 1976 904 2004 ymago
923 1969 950 1994 in
965 1976 979 1994 s
991 1976 1034 1994 res
1051 1974 1138 1994 autern
1158 1968 1232 1993 cuius
1244 1975 1342 2002 ymago

259 2024 370 2049 resultat
388 2023 414 2048 in
433 2023 543 2056 speculo
561 2022 664 2047 videtur
683 2021 758 2054 quasi
777 2028 826 2054 per
844 2020 976 2054 posterius
990 2026 1016 2045 et
1034 2020 1060 2045 in
1080 2020 1139 2046 alio.
1158 2020 1201 2045 Sic
1219 2020 1297 2045 etiam
1316 2025 1342 2045 et

259 2082 307 2108 per
326 2074 487 2099 intellectum
506 2073 592 2106 primo
613 2077 638 2097 et
656 2079 704 2104 per
721 2079 751 2096 se
770 2071 937 2104 cognoscitur
955 2071 1019 2096 illud
1038 2071 1111 2104 quod
1129 2069 1286 2096 determinet
1303 2071 1342 2096 in·

260 2125 379 2150 tellectus
398 2129 493 2153 actum,
513 2122 638 2156 quicquid
658 2122 691 2147 sit
709 2122 781 2153 illud,
802 2122 849 2146 sed
872 2129 920 2155 per
943 2121 1076 2155 posterius
1100 2127 1126 2147 et
1151 2122 1226 2155 quasi
1247 2121 1273 2147 in
1291 2122 1342 2147 alio

260 2176 385 2210 quicquid
404 2183 436 2201 eo
456 2174 560 2209 cognito
572 2173 719 2206 innotescit,
732 2174 789 2198 sive
808 2174 842 2198 sit
854 2181 914 2206 pars
929 2173 986 2198 sive
999 2174 1146 2207 proprietas
1165 2174 1207 2198 vel
1226 2173 1343 2200 effectus.

261 2226 339 2257 Quod
359 2226 436 2259 igitur
455 2231 495 2251 est
514 2233 528 2250 a
547 2225 604 2250 Deo
622 2224 709 2258 primo
728 2229 754 2250 et
778 2231 826 2257 per
845 2231 874 2249 se
896 2224 1058 2249 intellectum
1084 2223 1146 2249 nihil
1165 2230 1207 2250 est
1224 2224 1273 2250 nisi
1295 2231 1343 2250 sua

261 2278 383 2304 essentia.
403 2277 482 2308 Quod
501 2277 538 2302 sic
562 2281 643 2310 patet.
671 2276 835 2301 Intellectum
859 2275 929 2301 enim
953 2281 993 2301 est
1015 2276 1141 2310 perfectio
1165 2277 1344 2310 intelligentis,

261 2339 321 2356 nam
341 2330 367 2355 in
387 2330 519 2355 intellecto
538 2334 596 2354 actu
616 2329 763 2354 intellectus
781 2328 899 2362 operatio
918 2329 1075 2362 completur,
1101 2336 1170 2362 quae
1192 2335 1233 2354 est
1250 2329 1343 2355 ultima

261 2383 430 2417 intelligentis
449 2383 583 2416 perfectio.
605 2382 631 2408 Si
651 2382 729 2415 igitur
746 2382 844 2415 aliquid
863 2381 933 2406 aliud
955 2389 970 2406 a
995 2381 1051 2406 Deo
1076 2381 1234 2415 intelligatur
1257 2381 1290 2407 ab
1311 2388 1344 2407 eo

262 2437 337 2471 quasi
357 2436 499 2469 principale
517 2441 543 2461 et
562 2442 610 2469 per
628 2443 658 2460 se
677 2435 847 2465 intellectum,
870 2434 968 2467 aliquid
993 2434 1063 2460 aliud
1083 2434 1131 2459 erit
1151 2434 1234 2468 ipsius
1258 2433 1344 2468 perfe-

262 2490 322 2522 ctio,
335 2489 407 2523 quod
427 2488 590 2522 impossibile
604 2492 674 2521 patet
689 2494 748 2512 esse
761 2494 791 2512 ex
805 2487 887 2512 dictis.
901 2487 917 2520 g
930 2487 1033 2512 Adhuc.
1052 2486 1098 2513 Illa
1111 2487 1200 2512 solum
1211 2487 1226 2503 ⁸
1247 2484 1279 2524 (§
1296 2483 1344 2514 Ex

261 2537 443 2579 praemissis
463 2542 572 2567 autem
589 2542 722 2576 apparet
739 2535 828 2576 quod
854 2535 942 2566 Deus
966 2536 1074 2576 primo
1092 2541 1123 2566 et
1147 2544 1206 2576 per
1228 2545 1263 2566 se
1286 2538 1343 2571 scip

262 2589 368 2620 solum
385 2589 528 2629 seipsum
545 2587 724 2628 cognoscit.
746 2587 800 2617 Illa
817 2587 904 2617 enim
921 2585 1042 2628 solum)
1058 2588 1075 2604 ⁴*
1099 2597 1148 2618 res
1170 2593 1217 2618 est
1237 2588 1345 2629 primo

263 2647 292 2671 et
317 2650 374 2681 per
398 2650 432 2670 se
456 2640 495 2670 ab
520 2639 686 2670 intellectu
717 2640 846 2680 cognita
877 2640 970 2670 cuius
1001 2639 1110 2680 specie
1137 2643 1292 2669 informatur
1314 2645 1346 2670 sd

261 2694 458 2728 intelligendum
479 2689 666 2732 (intelligit).
688 2689 844 2730 Operatio
862 2691 948 2720 enim
967 2713 973 2720 .
989 2714 996 2721 .
1012 2714 1019 2720 .
1037 2697 1072 2721 ut
1096 2691 1269 2732 probatum
1288 2697 1345 2722 est.

263 2743 362 2783 Igitur
374 2746 495 2778 primum
515 2744 590 2770 intell
604 2751 657 2777 per
669 2751 682 2770 s
698 2741 899 2771 intellectum
916 2741 956 2771 ab
977 2741 1050 2782 ipso
1067 2741 1173 2782 primo
1191 2746 1222 2772 et
1238 2751 1296 2782 per
1313 2751 1346 2773 se

262 2794 342 2825 nihil
367 2799 413 2824 est
437 2791 524 2823 aliud
541 2801 639 2833 quam
657 2792 804 2833 ipsemet.
825 2794 842 2831 §
859 2792 987 2823 Adhuc.
1006 2792 1210 2833 Impossibile
1228 2799 1275 2824 est
1293 2817 1300 2824 .
1316 2818 1322 2824 .
1337 2816 1345 2824 .

262 2845 470 2886 impossibile.
496 2845 514 2884 §
534 2844 694 2884 Amplius.
720 2844 936 2884 Operationes
953 2868 960 2875 .
976 2868 983 2874 .
999 2868 1005 2875 .
1025 2844 1111 2875 aliud
1135 2854 1168 2876 se
1185 2846 1202 2862 ⁴*
1220 2868 1227 2875 .
1243 2868 1250 2876 .
1265 2868 1272 2876 .
1298 2846 1346 2876 in-

263 2897 469 2928 tellectuales.
499 2896 585 2936 Ergo
611 2906 642 2925 su
663 2896 713 2926 vel
737 2905 793 2926 sua
822 2897 958 2927 essentia
983 2897 1041 2927 erit
1065 2897 1097 2927 in
1118 2896 1210 2937 plura
1235 2896 1345 2934 divisa,

263 2949 312 2979 vel
338 2949 478 2988 aliquam
504 2947 729 2988 operationem
754 2948 884 2978 habebit
909 2957 993 2988 quae
1021 2957 1089 2979 non
1114 2955 1161 2979 est
1189 2958 1247 2979 sua
1270 2949 1345 2980 sub-

264 3003 388 3032 stantia.
407 3001 559 3039 Quorum
578 3025 584 3031 .
602 3024 608 3031 .
624 3024 630 3031 .
648 3001 709 3031 nisi
727 3010 819 3032 suam
837 3002 1018 3032 essentiam.
1041 3003 1056 3018 ⁴*
1073 3003 1091 3041 §
1109 3001 1199 3033 Item.
1218 3002 1345 3034 Intelle-

265 3059 334 3083 ctus
350 3057 397 3089 qui
414 3060 454 3082 est
470 3052 651 3083 secundum
669 3052 758 3092 quod
773 3058 819 3083 est
837 3052 986 3084 differens
1003 3063 1019 3084 a
1037 3063 1098 3084 suo
1116 3054 1281 3085 intellecto
1299 3061 1346 3086 est

264 3105 296 3134 in
322 3103 467 3144 potentia
483 3109 632 3144 respectu
657 3103 752 3134 illius.
775 3103 807 3134 Si
832 3104 929 3144 igitur
946 3127 953 3134 .
969 3127 976 3135 .
992 3128 998 3135 .
1017 3111 1053 3135 ut
1078 3115 1115 3135 ex
1136 3105 1230 3136 dictis
1246 3112 1344 3146 patet.

1238 136 1504 175 APPENDIX

1515 268 1596 309 Cap.
1620 267 1733 298 XLIX.
1758 267 1856 305 Quon
1881 266 1967 297 Deus
1992 275 2169 297 consoson-
2193 276 2265 297 amA
2289 276 2310 296 Α
2334 276 2378 297 stt.

1446 371 1464 409 §
1481 374 1532 398 Sed
1558 368 1618 411 (Ex
1635 369 1699 399 hoc
1715 373 1825 398 autem
1842 366 1933 407 quod
1945 367 1962 383 ⁴*
1986 367 2130 407 seipsum
2143 367 2312 407 cognoscit
2328 367 2435 407 primo
2452 371 2484 397 et

1369 430 1377 450 ς
1401 430 1459 461 per
1478 419 1526 462 se)
1543 419 1635 460 quod
1651 419 1711 450 alia
1728 428 1746 449 a
1763 428 1797 449 se
1813 419 1846 448 in
1863 418 1971 458 seipso
1988 423 2176 458 cognoscat,
2197 426 2321 458 ponere
2341 422 2483 458 oportet.

1401 472 1546 503 Effectus
1562 472 1650 502 enim
1668 494 1675 501 .
1691 494 1698 501 .
1713 492 1722 500 .
1739 470 1799 500 alia
1816 475 2004 509 cognoscat.
2028 470 2046 508 §
2062 468 2191 500 Adhuc.
2209 468 2326 500 Omnis
2350 468 2484 500 effectus

1402 525 1435 554 in
1459 533 1517 554 sua
1541 532 1638 554 causa
1654 520 1836 562 aliqualiter
1859 521 2045 561 praeexistit
2062 520 2266 560 (similitudo,
2284 529 2361 551 cum
2385 529 2485 552 omne

1402 584 1500 614 agens
1524 580 1597 615 agat
1620 574 1680 604 sibi
1705 572 1835 612 simile.)
1860 571 1969 603 Omne
1993 578 2102 603 autem
2129 571 2220 613 quod
2244 577 2293 602 est
2316 572 2349 602 in
2373 571 2485 612 aliquo

1402 632 1450 656 est
1478 626 1511 656 in
1541 635 1581 656 eo
1611 634 1669 665 per
1696 623 1834 654 modum
1860 635 1936 652 suum
1963 622 2046 665 (eius
2074 625 2107 654 in
2132 633 2200 664 quo
2229 623 2302 664 est.)
2326 623 2361 654 Si
2387 623 2486 663 igitur

1363 686 1388 701 ιο
1403 677 1491 708 Deus
1507 676 1690 716 aliquarum
1715 684 1823 705 rerum
1840 680 1887 705 est
1911 683 2018 711 causa,
2043 683 2119 705 cum
2144 675 2214 715 ipse
2238 674 2278 705 sit
2301 674 2485 705 secundum

1402 737 1494 758 suam
1517 733 1667 758 naturam
1690 726 1928 762 intellectualis,
1951 736 1995 753 res
2016 729 2215 759 intellectuales,
2234 732 2371 759 causatae,
2384 729 2409 754 in
2429 728 2487 754 Deo

1401 782 1610 808 intellectualiter
1628 781 1714 807 existit
1732 777 1927 819 (similitudo
1952 778 2073 808 causati
2097 779 2147 809 sui
2170 779 2204 810 in
2229 788 2270 809 eo
2295 784 2343 809 est
2366 777 2485 809 intelli-

1401 831 1541 872 gibiliter
1563 834 1665 859 mione
1677 833 1810 859 essentiae
1827 841 1901 866 suae,
1914 841 1974 859 cum
1988 839 2048 867 agat
2066 841 2114 868 per
2127 841 2203 859 suam
2222 834 2376 866 essentiam,
2395 838 2486 868 utpote

1401 886 1515 919 primum
1535 884 1637 919 agens.)
1657 880 1759 920 Quod
1783 886 1894 912 autem
1910 881 1927 898 ⁴*
1951 882 1985 912 in
2009 882 2121 923 aliquo
2144 891 2203 923 per
2226 882 2365 913 modum
2389 881 2484 913 intel-

1363 938 1385 957 ¹⁵
1401 933 1568 974 ligibilem‚
1593 934 1632 964 ab
1657 943 1698 964 eo
1722 933 1922 974 intelligitur.
1947 933 2038 965 Deus
2062 934 2160 975 igitur
2182 943 2233 965 res
2257 934 2334 964 alias
2353 943 2372 964 a
2387 943 2421 964 se
2442 938 2486 969 <in

1401 989 1505 1021 seipso>
1526 990 1562 1022 (in
1574 990 1687 1014 essentia
1698 991 1757 1016 sua)
1779 985 1825 1025 (in
1845 984 1968 1027 seipso)
1983 986 2000 1002 ⁴
2013 985 2172 1026 intelligit.
2186 987 2286 1023 §Item.
2298 988 2394 1014 Omnis
2407 995 2487 1014 causa

1401 1042 1483 1066 activa
1502 1042 1648 1066 secundum
1662 1041 1849 1075 proprietatem
1864 1041 1905 1066 sui
1918 1048 1981 1066 esse
1992 1042 2054 1074 agit,
2063 1041 2146 1066 aliter
2154 1040 2235 1070 enim,
2245 1040 2298 1074 agit
2306 1040 2378 1066 enim
2391 1046 2488 1065 unum-

1401 1093 1528 1127 quodque
1540 1093 1687 1118 secundum
1700 1093 1773 1126 quod
1783 1099 1842 1118 actu
1851 1098 1900 1124 est,
1910 1098 1937 1118 et
1949 1092 2021 1125 (sic)
2037 1091 2158 1126 (propter
2166 1091 2227 1124 hoc)
2237 1091 2382 1117 similitudo
2391 1098 2488 1117 causae

1402 1143 1428 1169 in
1447 1143 1541 1169 effectu
1558 1143 1723 1176 relinquitur.
1742 1143 1795 1168 Sed
1814 1142 1886 1168 Deus
1905 1142 2052 1168 secundum
2069 1150 2148 1167 suum
2161 1149 2223 1167 esse
2240 1142 2417 1167 intellectivus
2435 1146 2488 1167 est.

1363 1203 1388 1217 ιο
1399 1194 1467 1228 Agit
1495 1194 1592 1220 Causat
1610 1194 1690 1227 igitur
1708 1201 1752 1219 res
1771 1201 1819 1227 per
1837 1194 2010 1223 intellectum.
2029 1193 2118 1218 Omne
2141 1198 2229 1218 autem
2249 1193 2322 1226 quod
2341 1200 2390 1227 per
2411 1193 2486 1218 intel-

1401 1248 1497 1272 lectum
1517 1246 1578 1279 agit,
1603 1245 1739 1279 cognoscit
1762 1245 1788 1270 id
1806 1253 1823 1278 q
1843 1246 1918 1270 cuius
1941 1252 2023 1270 causa
2046 1250 2096 1270 est.
2122 1244 2194 1270 Deus
2218 1244 2297 1278 igitur
2321 1251 2375 1270 non
2398 1244 2487 1270 solum

1400 1306 1430 1324 se
1448 1298 1496 1323 sed
1518 1297 1596 1323 etism
1615 1297 1665 1323 atis
1684 1297 1829 1330 cognoscit.
1855 1295 1874 1333 ξ
1890 1294 2053 1335 Amplius.
2078 1294 2292 1335 Quicumque
2316 1294 2486 1334 cognoscit

1399 1344 1542 1387 perfecte
1558 1353 1686 1374 naturam
1706 1349 1825 1382 aliquam
1839 1355 1907 1376 rem
1921 1345 2076 1386 aliquam,
2089 1345 2261 1386 cognoscit
2273 1345 2385 1376 omnia
2401 1353 2486 1385 quae

1399 1398 1439 1429 de
1462 1408 1497 1429 re
1521 1399 1574 1429 illa
1590 1407 1664 1429 vere
1683 1404 1821 1439 possunt
1837 1398 1912 1434 dici,
1935 1403 1966 1428 et
1990 1407 2075 1438 quae
2100 1398 2130 1428 ei
2150 1398 2354 1428 conveniunt
2369 1405 2486 1428 secun-

1359 1462 1383 1483 25
1399 1449 1478 1481 dum
1494 1451 1587 1481 suam
1603 1457 1764 1481 naturam.
1778 1450 1850 1480 Deo
1867 1454 1976 1480 autem
1992 1472 1999 1479 .
2014 1472 2022 1479 .
2036 1471 2044 1480 .
2059 1458 2155 1480 causa
2171 1454 2228 1480 est.
2255 1447 2370 1490 (Ergo)
2396 1448 2487 1479 Deus

1399 1502 1570 1542 cognoscit
1585 1501 1647 1532 alia
1670 1512 1687 1532 a
1711 1511 1755 1532 se.
1782 1506 1796 1521 ⁸
1811 1505 1828 1539 g
1842 1505 1989 1531 Praeterea.
2011 1505 2122 1538 Cognita
2141 1504 2257 1538 perfecte
2275 1509 2368 1530 natura
2389 1503 2487 1538 aliqua.

1398 1562 1595 1590 cognoscuntur
1611 1557 1702 1582 omnia
1723 1557 1749 1582 in
1774 1557 1872 1591 quibus
1897 1556 2029 1582 invenitur
2047 1562 2140 1582 natura
2166 1556 2212 1582 illa
2238 1556 2384 1582 secuudum
2412 1555 2487 1589 quod

1398 1617 1457 1634 eam
1475 1609 1582 1635 habent.
1601 1609 1674 1634 Deus
1693 1614 1781 1634 autem
1802 1608 1917 1642 perfecte
1936 1608 2072 1642 cognoscit
2097 1613 2220 1634 naturam
2242 1607 2358 1634 entis-tis
2375 1607 2487 1641 inquan-

1397 1665 1454 1685 tum
1473 1659 1609 1692 cognoscit
1627 1660 1755 1692 seipsum,
1777 1659 1823 1693 qui
1845 1665 1887 1685 est
1910 1659 1998 1692 ipsum
2024 1666 2096 1686 esse.
2119 1659 2192 1685 Deus
2217 1659 2296 1693 igitur
2319 1666 2373 1684 non
2396 1658 2487 1684 solum

1360 1721 1385 1740 to
1398 1719 1427 1737 se
1452 1712 1499 1737 sed
1523 1711 1603 1737 etiam
1630 1711 1680 1737 alia
1707 1712 1842 1745 cognoscit
1869 1711 2024 1745 inquantum
2054 1712 2122 1737 entia
2150 1716 2221 1738 sunt.
2247 1708 2266 1747 §
2283 1706 2487 1748 Colligentet

1396 1760 1494 1801 igitur
1513 1763 1674 1796 praedictas
1693 1763 1763 1790 duas
1780 1764 1967 1790 conclusiones
1990 1760 2048 1791 has
2065 1759 2146 1791 duas
2162 1759 2405 1796 conclusiones,
2429 1768 2487 1800 ap·—

1396 1817 1486 1851 paret
1511 1810 1619 1842 Deum
1644 1820 1845 1851 cognoscere
1869 1815 1978 1848 quidem
1998 1815 2048 1840 alia
2074 1822 2088 1840 a
2116 1822 2146 1840 se
2171 1822 2225 1840 non
2249 1814 2326 1848 quasi
2349 1814 2437 1848 primo
2459 1819 2487 1840 et

1395 1873 1442 1899 per
1461 1873 1490 1891 se
1509 1870 1572 1891 nota
1590 1866 1637 1891 sed
1662 1860 1821 1903 (seipsum
1838 1862 1930 1902 quasi
1954 1861 2112 1902 primoaet
2135 1855 2250 1903 pei-'se
2274 1866 2403 1898 notum,
2425 1861 2486 1893 alia

1394 1912 1487 1952 vero)
1499 1913 1582 1943 sicut
1595 1913 1628 1943 in
1641 1913 1778 1943 essentia
1791 1921 1849 1943 sua
1861 1912 1937 1943 visa.
1951 1912 2061 1950 Quam
2076 1936 2083 1943 .
2099 1936 2106 1944 .
2119 1937 2126 1944 .
2141 1922 2212 1955 cap.
2226 1923 2269 1943 vu
2281 1913 2322 1944 de
2335 1912 2388 1943 div
2401 1913 2418 1929 ⁴*
2432 1936 2440 1943 .
2454 1935 2462 1944 .
2476 1935 2485 1943 .

1358 1980 1379 1999 ,ς
1395 1963 1578 1994 auctoritas.
1599 1963 1682 1994 Nam
1707 1964 1739 1994 in
1758 1972 1805 2004 ps·
1823 1962 1863 1994 de
1880 1963 1953 1994 Deo
1969 1963 2097 2001 dicitur,
2114 1964 2283 2006 Prospexit
2299 1963 2339 1996 de
2356 1963 2487 1996 excelse.

1395 2020 1509 2045 sancto
1533 2023 1606 2051 su0,
1631 2014 1723 2055 quasi
1748 2014 1788 2045 de
1812 2014 1921 2055 seipso
1939 2018 1996 2043 alia
2015 2015 2145 2046 excelso
2170 2015 2232 2046 alia
2255 2014 2379 2046 videns.

1587 2162 1680 2196 Quot)
1702 2169 1850 2191 coemtio
1874 2163 1929 2190 Dat
1949 2169 2013 2191 uos
2036 2169 2089 2191 mr
2110 2170 2297 2192 ntscuasrvA.

1509 2222 1676 2261 Capitulum
1700 2222 1838 2262 margine
1860 2222 2002 2261 inferiori
2023 2223 2166 2252 insertum
2189 2229 2218 2252 et
2236 2223 2375 2252 deletum.

1444 2331 1458 2346 ⁸
1472 2331 1555 2365 §Sed
1574 2336 1663 2357 tamen
1682 2339 1736 2357 non
1755 2337 1797 2357 est
1809 2332 1950 2357 dicendum
1969 2333 2043 2366 quod
2060 2333 2087 2358 in
2105 2332 2241 2358 intellectu
2255 2333 2313 2358 eius
2329 2332 2365 2358 sit
2383 2333 2486 2359 discus·-

1397 2389 1446 2408 sus
1465 2387 1509 2408 aut
1527 2383 1664 2408 successio
1682 2382 1751 2408 sicut
1769 2383 1795 2408 in
1815 2383 1950 2409 intellectu
1969 2389 2070 2415 nostro,
2089 2382 2212 2417 quamvis
2230 2383 2317 2417 primo
2339 2389 2367 2410 et
2383 2390 2432 2418 per
2453 2390 2485 2410 se

1398 2435 1516 2469 seipsum
1536 2434 1672 2468 intelligat,
1690 2442 1747 2460 rem
1766 2442 1831 2460 vero
1844 2440 1978 2461 causatarn
1997 2435 2075 2469 quasi
2094 2442 2142 2468 pes·
2155 2435 2287 2469 posterius
2299 2435 2486 2470 cognoscendo

1359 2496 1383 2517 ⁴5
1398 2487 1541 2513 essentiam
1560 2494 1647 2513 suam.
1666 2485 1726 2512 Non
1744 2486 1816 2512 enim
1835 2494 1867 2512 ex
1880 2486 1931 2512 hoc
1943 2486 2111 2512 constituitur
2128 2486 2273 2512 dlacursiva
2291 2486 2348 2513 sive
2364 2486 2487 2514 oollam·

1399 2544 1443 2564 sut
1462 2538 1671 2572 argumentativa
1689 2539 1804 2572 cognitio
1821 2539 1894 2572 quod
1908 2539 2006 2572 aliquid
2025 2538 2195 2573 cognoscitur
2206 2538 2296 2573 aliquo
2308 2539 2376 2565 sicut
2393 2538 2486 2566 simili-

1399 2590 1489 2616 tudine
1508 2591 1565 2616 eius
1584 2590 1657 2624 quod
1675 2590 1852 2624 cognoscitur,
1871 2591 1936 2616 alias
1953 2591 2036 2617 visiva
2056 2591 2180 2626 cognitio,
2193 2598 2263 2625 quse
2281 2590 2309 2616 fit
2327 2598 2376 2625 per
2393 2590 2486 2618 simiti-

1401 2643 1520 2670 tudinem
1539 2642 1577 2668 rei
1589 2642 1671 2674 visse,
1684 2648 1757 2668 esset
1769 2642 1923 2675 discursive,
1935 2643 2008 2676 quod
2021 2648 2093 2677 patet
2111 2651 2173 2669 esse
2185 2643 2292 2670 falsum.
2311 2643 2363 2669 Sed
2381 2650 2413 2669 ea
2426 2642 2486 2678 ipsa

1401 2694 1516 2720 essentia
1534 2694 1621 2720 divina
1639 2693 1807 2727 cognoscitur
1825 2701 1868 2719 res
1888 2699 1993 2720 causata
2011 2694 2078 2720 sicut
2094 2701 2127 2720 ex
2139 2695 2245 2729 propria
2265 2694 2444 2727 similitudIne,
2457 2699 2486 2721 ut

1362 2755 1389 2776 5⁰
1401 2746 1499 2772 dictum
1519 2750 1569 2778 est,
1587 2746 1650 2771 Non
1670 2753 1747 2780 ergo,
1767 2753 1820 2771 non
1831 2746 1898 2771 sicut
1911 2746 2023 2772 duarum
2037 2753 2126 2772 rerum
2139 2746 2302 2780 cognitarum
2316 2754 2368 2772 una
2382 2753 2415 2773 ex
2426 2746 2486 2774 sus.

1401 2799 1460 2825 Non
1479 2807 1544 2833 ergo
1562 2804 1604 2825 est
1625 2798 1793 2831 (successio)
1813 2797 1974 2834 (discursus)
1992 2798 2018 2823 in
2044 2799 2178 2825 intellectu
2190 2799 2287 2831 divino,
2299 2799 2422 2833 quamvis
2441 2805 2486 2826 ω·

1400 2851 1555 2884 gnoscendo
1573 2851 1716 2876 mundam
1735 2858 1812 2876 suam
1831 2856 1973 2884 cognoscat
1992 2851 2052 2877 alia.
2069 2851 2086 2885 9
2100 2851 2176 2878 item.
2196 2851 2325 2886 Cognin'o
2343 2851 2486 2878 Discursus

1399 2902 1508 2928 rationis
1527 2907 1568 2928 est
1587 2909 1617 2928 est
1637 2907 1701 2928 noto
1720 2901 1752 2927 ad
1775 2901 1894 2935 ignotum
1919 2909 2072 2935 processus,
2097 2903 2140 2929 vel
2160 2903 2255 2928 saltem
2274 2909 2304 2928 ex
2327 2910 2381 2928 uno
2398 2903 2485 2928 eonsi-

1400 2955 1491 2980 derato
1510 2954 1536 2980 in
1549 2961 1602 2980 non
1615 2954 1819 2980 consideratum.
1838 2954 1906 2979 Cum
1925 2961 1989 2987 ergo
2006 2954 2220 2981 considerantur
2231 2954 2287 2981 duo
2305 2954 2486 2981 consideratur

1362 3013 1384 3034 55
1399 3005 1479 3032 simul
1499 3006 1614 3031 duorum
1634 3010 1759 3031 notorum
1779 3005 1812 3031 ad
1830 3005 1942 3031 invicem
1955 3006 2128 3040 comparatio,
2141 3014 2193 3032 non
2212 3011 2253 3032 est
2268 3013 2299 3032 ex
2318 3005 2369 3032 hoc
2387 3004 2484 3040 aliquis

1400 3057 1536 3083 discursus
1554 3057 1627 3091 quod
1646 3064 1728 3082 unum
1747 3057 1774 3082 in
1793 3057 1844 3083 alio
1863 3057 1998 3091 inspicitur
2010 3062 2039 3083 ut
2057 3057 2165 3084 effectus
2183 3058 2210 3084 in
2229 3065 2308 3084 causa
2327 3058 2370 3084 vel
2389 3065 2405 3084 e
2421 3065 2485 3084 eon-

1398 3116 1487 3135 verso.
1505 3109 1558 3134 Sed
1577 3108 1650 3134 Deus
1669 3115 1708 3134 ex
1725 3109 1842 3135 essentia
1861 3115 1911 3135 sua
1929 3117 1982 3135 non
2001 3110 2120 3143 procedit
2138 3117 2169 3136 ex
2187 3109 2335 3144 cognitione
2354 3108 2485 3136 essentias

264 3157 280 3171 ⁴*
298 3155 329 3195 (§
346 3155 520 3185 Praeterea.
539 3154 741 3185 Intellectum
762 3178 768 3184 .
783 3177 790 3184 .
806 3178 812 3185 .
830 3155 1026 3195 intelligitur.
1052 3156 1085 3187 Si
1102 3157 1199 3197 igitur
1217 3181 1223 3188 .
1239 3180 1245 3188 .
1261 3180 1268 3188 .
1287 3158 1345 3189 erit
1399 3168 1463 3186 suae
1483 3160 1508 3186 in
1528 3161 1705 3194 cognitionem
1724 3168 1813 3186 rerum
1833 3161 1900 3187 sicut
1913 3169 1944 3187 ex
1963 3167 2027 3187 noto
2040 3162 2073 3188 ad
2086 3162 2205 3196 ignotum
2218 3162 2261 3188 vel
2275 3170 2306 3189 ex
2319 3162 2485 3189 costalda-an

266 3206 385 3246 aliquid
411 3205 526 3246 [aliud]
555 3204 712 3245 perfectio
737 3206 836 3246 ipsius
861 3213 892 3237 et
923 3217 963 3237 eo
995 3208 1147 3239 nobilius.
1172 3209 1273 3247 Quod
1298 3216 1345 3240 est
1399 3212 1431 3237 ad
1451 3219 1504 3237 non
1517 3212 1722 3243 consideratum,
1742 3211 1757 3227 ‘
1771 3219 1831 3238 cum
1845 3219 1898 3238 non
1918 3213 1967 3238 alia
1986 3213 2243 3246 specieinfotmetur
2260 3213 2408 3240 intellectus
2426 3211 2484 3238 dn·

266 3257 487 3298 impossibile.)
505 3258 522 3273 ⁴*
539 3258 556 3295 ἓ
573 3257 733 3297 Amplius.
759 3257 805 3288 Ex
830 3258 939 3288 multis
963 3259 1134 3290 intellectis
1156 3264 1208 3290 scie
1229 3261 1345 3291 intelli-
1359 3266 1388 3287 6ο
1400 3263 1449 3289 nisi
1464 3271 1512 3289 sus
1525 3263 1649 3293 essentis.
1660 3263 1730 3290 sicut
1744 3269 1772 3289 ut
1784 3271 1865 3298 supra
1877 3270 2017 3290 ostensum
2030 3271 2079 3297 est,
2093 3265 2166 3299 quod
2177 3269 2312 3299 oporteret
2324 3265 2346 3290 si
2359 3271 2427 3290 nova
2439 3270 2484 3290 ot>

266 3309 367 3348 gentis
384 3308 516 3338 scientia
532 3307 717 3347 integratur.
739 3307 771 3338 Si
789 3309 884 3348 igitur
900 3315 975 3339 sunt
989 3331 996 3339 .
1012 3333 1018 3339 .
1034 3332 1042 3339 .
1059 3309 1268 3342 manifestum
1287 3317 1343 3342 est.

266 3359 471 3399 Relinquitur
494 3359 590 3399 igitur
614 3359 702 3399 quod
728 3359 807 3390 illud
832 3360 922 3400 quod
947 3367 994 3391 est
1018 3362 1125 3401 primo
1146 3361 1192 3401 (et
1215 3372 1273 3403 per
1296 3363 1344 3403 se)

267 3409 465 3440 intellectum
490 3419 506 3439 a
531 3409 613 3446 Deo,
646 3410 725 3440 nihil
755 3417 801 3441 est
829 3411 916 3442 aliud
944 3421 1043 3452 quam
1061 3415 1128 3443 'sua
1157 3413 1342 3444 substantia.

267 3461 284 3497 ἓ
310 3460 435 3491 Adhuc.
469 3460 623 3501 Operatio
655 3461 880 3492 intellectualis
911 3463 1053 3502 speciem
1086 3469 1117 3494 et
1141 3464 1344 3495 nobilitatem

1399 3315 1482 3350 gnitio
1499 3315 1541 3340 vel
1556 3315 1730 3341 consideratio
1742 3316 1765 3341 ei
1778 3316 1920 3342 adveniret.
1939 3315 2094 3342 Considerat
2111 3322 2199 3342 tamen
2218 3315 2454 3342 considerationem
2467 3315 2483 3331 ‘

1399 3366 1530 3392 essentiae
1549 3373 1614 3391 suae
1632 3366 1665 3392 sd
1683 3373 1741 3392 rem
1760 3371 1893 3392 causatam
1913 3372 1940 3393 et
1951 3374 1966 3392 e
1978 3374 2117 3398 converso,
2134 3366 2288 3400 inquantum
2309 3366 2357 3391 scit
2375 3373 2405 3391 se
2423 3373 2485 3392 esse

1399 3425 1515 3443 causam.
1535 3417 1594 3443 Non
1614 3425 1678 3452 ergo
1703 3425 1734 3444 ex
1756 3417 1807 3444 hoc
1826 3422 1914 3452 potest
1941 3419 2003 3452 poni
2027 3417 2054 3443 in
2073 3418 2130 3443 eius
2148 3417 2297 3450 cognitione
2316 3417 2411 3451 aliquis
2430 3417 2484 3443 dis·

1399 3476 1501 3495 cursus.
1521 3468 1538 3502 fl
1552 3469 1699 3495 Praeterea.
1718 3469 1845 3502 Operatio
1862 3469 1940 3503 primi
1959 3468 2092 3494 moventis
2110 3467 2265 3502 simpliciter
2290 3475 2343 3493 non
2365 3468 2484 3494 consistit

267 3517 363 3548 accipit
386 3514 481 3544 habet
505 3514 686 3545 secundum
703 3514 735 3544 id
760 3514 850 3555 quod
867 3521 914 3546 est
937 3525 994 3556 per
1015 3526 1048 3547 se
1073 3522 1104 3547 et
1126 3517 1232 3557 primo
1250 3518 1344 3549 intel·
1359 3525 1384 3550 65
1399 3521 1426 3546 in
1445 3522 1546 3546 moveri
1565 3521 1612 3546 sed
1631 3520 1658 3546 in
1677 3528 1786 3547 movere
1807 3525 1919 3552 tantum,
1940 3519 2005 3545 alias
2026 3519 2134 3546 haberet
2155 3519 2320 3553 superiorem
2342 3525 2483 3551 motor-sm,

268 3564 398 3601 lectum,
416 3574 489 3595 curn
507 3566 570 3595 hoc
587 3566 627 3596 sit
643 3566 712 3596 eius
737 3566 913 3597 obiectum.
931 3567 962 3598 Si
987 3568 1085 3608 igitur
1109 3567 1198 3599 Deus
1222 3569 1309 3600 aliud
1327 3579 1343 3600 a

270 3624 302 3645 se
326 3616 514 3656 intelligeret
539 3618 629 3656 quasi
645 3620 784 3654 principale
804 3627 862 3658 per
886 3627 919 3648 se
944 3624 975 3649 et
999 3619 1106 3659 primo
1130 3620 1343 3658 intellectum,

271 3666 338 3695 eius
362 3667 508 3705 operatio
525 3667 749 3698 intellectualis
774 3669 915 3708 speciem
937 3676 968 3700 et
985 3670 1189 3701 nobilitatem
1214 3671 1345 3702 haberet

1400 3580 1460 3598 curn
1479 3576 1561 3599 omne
1579 3577 1683 3598 motum
1706 3572 1758 3598 alio
1781 3577 1926 3604 moveatur,
1948 3575 1979 3597 ut
2001 3578 2080 3604 supra
2100 3576 2239 3597 ostensum
2265 3577 2314 3597 est.
2338 3570 2481 3598 Probatum

1399 3629 1488 3649 sutem
1499 3630 1539 3650 est
1551 3631 1631 3658 supra
1645 3624 1718 3658 quod
1736 3623 1808 3650 Deus
1827 3629 1868 3649 est
1887 3623 2002 3657 primum
2021 3630 2141 3649 movens.
2155 3622 2225 3657 Ergo
2244 3630 2322 3649 suum
2337 3621 2483 3656 intelligere

1399 3683 1452 3702 non
1466 3675 1514 3701 erit
1528 3675 1638 3706 movet-i,
1657 3676 1705 3702 sed
1723 3675 1808 3708 magis
1823 3674 1914 3700 omnis
1933 3679 2022 3700 motus
2042 3674 2206 3708 principium.
2231 3675 2375 3701 Discursus
2393 3680 2481 3701 autem

270 3715 449 3746 secundum
475 3716 506 3746 id
530 3721 602 3753 quod
621 3722 782 3756 intelligeret
802 3719 891 3759 quod
915 3726 961 3750 est
986 3720 1072 3751 aIIud
1097 3721 1136 3751 ab
1161 3722 1244 3762 ipso.
1270 3722 1345 3753 Hoc
1399 3726 1508 3751 rationis
1527 3731 1568 3751 est
1586 3726 1694 3760 quidam
1714 3724 1882 3758 intelligibilis
1901 3729 1989 3750 motus
2009 3732 2063 3758 quo
2082 3732 2113 3750 ex
2131 3733 2185 3751 uno
2207 3726 2338 3751 intellecto
2362 3725 2389 3751 in
2411 3725 2481 3751 aliud

270 3772 378 3797 autern
399 3773 446 3797 est
469 3768 679 3808 impossibile,
705 3779 779 3800 cum
797 3780 853 3800 sua
879 3772 1026 3811 operatio
1051 3772 1090 3802 sit
1114 3773 1184 3803 eius
1208 3774 1345 3804 essentia
1360 3780 1387 3801 7⁰
1399 3776 1522 3802 tenditur.
1546 3775 1712 3809 Impossibile
1731 3780 1772 3801 est
1793 3774 1871 3808 igitur
1889 3781 1950 3800 esse
1969 3775 2083 3808 aliquem
2106 3775 2255 3801 discursum
2283 3775 2309 3802 in
2328 3776 2386 3802 eius
2407 3775 2482 3802 intel-

270 3827 295 3848 et
308 3823 442 3848 beatitudo
453 3823 477 3854 ⁶,
494 3824 529 3848 ut
546 3825 711 3850 ostensum
729 3827 784 3850 est.
803 3821 854 3852 Sic
869 3822 964 3862 igitur
976 3823 1176 3863 impossibile
1193 3830 1240 3854 est
1254 3824 1344 3864 quod

271 3870 470 3900 intellectum
495 3879 511 3900 a
536 3869 607 3900 Deo
631 3871 737 3910 primo
762 3878 792 3901 et
817 3881 873 3912 per
897 3882 929 3903 se
954 3874 993 3903 sit
1017 3873 1103 3904 aliud
1128 3875 1167 3904 ab
1191 3875 1274 3915 ipso.

1399 3827 1477 3852 lectu.
1496 3827 1512 3860 fi
1526 3826 1658 3860 Amplius.
1676 3824 1755 3856 Quod
1767 3825 1793 3851 in
1806 3833 1860 3852 uno
1879 3825 2020 3859 perfectam
2034 3825 2216 3853 sufficientiam
2234 3827 2340 3859 invenit,
2353 3834 2384 3853 ea
2403 3834 2437 3853 eo
2455 3828 2480 3853 in

1402 3878 1472 3904 aliud
1485 3886 1538 3904 non
1551 3878 1639 3904 tendit
1657 3877 1786 3909 discurrit,
1805 3884 1865 3902 cum
1885 3882 1974 3903 motus
1993 3877 2151 3912 indigentiae
2169 3883 2317 3905 attestetur.
2335 3878 2388 3905 Sed
2404 3879 2481 3905 intei-

342 3976 358 4000 b
369 3983 402 4007 4²
423 3976 474 4001 Sed
493 3975 590 4009 tamen]
610 3976 667 4001 Hoc
685 3982 710 4001 et
730 3984 843 4009 sequens
863 3978 1003 4011 capitulum
1024 3980 1112 4005 inserit
1130 3980 1171 4006 hic
1190 3988 1212 4006 s.
1225 3980 1344 4007 Thomas
1359 3982 1384 4007 in
1397 3982 1513 4015 margine
1527 3980 1650 4011 infer-lori,
1663 3980 1756 4005 deinde
1764 3975 1847 4006 delet.
1862 3980 1959 4005 Eorum
1973 3987 2125 4014 argumenta
2144 3986 2286 4007 tractantur
2299 3981 2364 4007 infra
2383 3981 2480 4007 nostris

272 4027 346 4053 capp.
359 4028 390 4045 tv
410 4026 434 4045 et
453 4028 515 4046 ινιι.
533 4019 674 4046 DeficIente
693 4021 778 4054 spatio
797 4022 821 4046 in
839 4021 885 4047 fol.
910 4021 938 4047 13
950 4030 971 4052 r.
989 4024 1096 4049 recurrit
1115 4025 1147 4050 ad
1166 4026 1311 4059 marginem
1330 4025 1478 4051 inferiorem
1499 4025 1543 4050 fol.
1569 4032 1597 4050 is
1613 4032 1639 4051 v.

2512 368 2539 413 ξιξ
2547 366 2716 416 ἱυῖίιὲἐΙ-εἵὶῧ

2513 419 2542 439 cf.
2555 417 2638 440 I’raef..
2646 417 2716 440 Corri

2511 444 2613 473 gendo).

2513 887 2522 894 ·
2535 885 2596 908 Casu
2612 891 2662 908 ons.
2671 887 2716 908 esf.

2515 994 2523 1002 ·
2541 992 2595 1014 Vid.
2610 992 2639 1014 ad
2656 993 2705 1014 loc.

2515 1503 2623 1534 urbs.

2513 1925 2523 1935 ·
2539 1923 2595 1948 Vis.
2610 1924 2641 1948 aa
2654 1925 2704 1948 loe.

2515 2345 2560 2369 t3r
2573 2345 2586 2362 a
2600 2339 2699 2368 agini.

2511 3223 2546 3247 lb.
2560 3223 2575 3246 b
2589 3229 2630 3254 mg
2649 3223 2694 3248 lat.

2511 3327 2520 3335 ·
2532 3325 2596 3348 Casu
2610 3331 2654 3354 pto
2666 3330 2716 3348 cota

2508 3352 2671 3380 persuum.
