2548 4224
71 1692 85 1699 -
130 1670 135 1674 ·
322 1633 408 1716 U,
461 1633 1029 1701 BEATISSIME
1071 1635 1406 1717 PATER,
1447 1643 1572 1696 dum
1600 1643 1816 1697 ordinis
1843 1644 2201 1699 praedicatorii
2230 1647 2423 1718 laudes,

320 1723 372 1775 in
408 1723 725 1776 solemnibus
760 1723 830 1776 ob
859 1724 967 1777 eius
1001 1725 1442 1777 confirmationem
1478 1735 1595 1778 ante
1635 1725 1987 1796 septingentos
2020 1747 2182 1780 annos
2216 1727 2421 1799 factam,

171 1803 446 1874 magnifice
494 1804 846 1873 praedicabaS,
891 1805 1143 1858 testificari
1190 1805 1430 1875 dignatus
1477 1826 1532 1859 es
1570 1805 1674 1859 TE
1712 1806 1976 1860 Thomam
2016 1808 2338 1876 Aquinatem
2378 1821 2427 1863 et

170 1884 383 1940 maximi
410 1885 596 1955 facere,
628 1897 678 1939 et
704 1886 1036 1940 vehementer
1059 1886 1289 1956 diligere,
1322 1900 1371 1940 et
1398 1887 1776 1957 religiosissime
1804 1890 1964 1956 sequi.
2013 1888 2176 1958 Quod
2207 1901 2257 1943 et
2282 1890 2425 1944 factis

171 1965 466 2020 mirabiliter
509 1967 888 2020 demonstrasti.
945 1967 1173 2036 Etenim,
1219 1980 1417 2036 praeter
1458 1969 1804 2022 Academiam
1846 1970 2141 2023 Romanam
2180 1971 2425 2041 Angelici

169 2045 415 2101 Doctoris
454 2048 663 2101 nomine
689 2049 941 2119 insignem
982 2051 1049 2102 ad
1081 2070 1272 2102 novum
1312 2051 1545 2119 vigorem
1586 2062 1634 2103 et
1673 2051 2014 2119 copiosiorem
2054 2051 2272 2105 fructum
2305 2073 2422 2122 pro-

170 2140 385 2199 motam,
418 2130 531 2201 lege
559 2130 719 2184 Sacro
747 2130 929 2186 Codici
957 2132 1214 2200 inscripta,
1248 2143 1296 2184 et
1323 2132 1590 2185 universali
1619 2132 1881 2186 Ecclesiae
1908 2134 2189 2204 proposita,
2215 2135 2424 2188 sanxisti

168 2220 226 2264 ut
261 2211 330 2264 ad
372 2211 532 2280 ipsius
583 2212 850 2281 rationem,
895 2213 1161 2281 principia,
1205 2214 1509 2282 doctrinam,
1554 2215 1728 2267 omnia
1766 2215 1932 2267 studia
1974 2215 2329 2284 philosophica
2375 2229 2425 2270 et

167 2292 456 2363 theologica
488 2305 931 2362 pertractarentur.
979 2294 1087 2347 Res
1114 2314 1323 2363 prorsus
1351 2315 1504 2363 nova,
1537 2307 1586 2348 et
1612 2295 1779 2348 honor
1805 2296 1923 2349 nulli
1953 2317 2179 2365 unquam
2208 2297 2421 2351 Sancto-

167 2393 284 2429 rum
322 2374 615 2428 Doctorum
654 2376 916 2444 hucusque
955 2376 1186 2428 tributus

315 2455 540 2525 Optimo
567 2457 719 2527 igitur
745 2457 851 2510 iure
879 2457 1096 2511 Sodales
1123 2457 1343 2528 Collegii
1371 2478 1402 2511 a
1439 2457 1490 2510 T
1495 2458 1604 2511 UO
1643 2461 2039 2527 praedecessore
2079 2460 2260 2514 Leone
2300 2461 2423 2515 XIII

82 2550 95 2567 '
168 2557 266 2607 pro
303 2538 547 2607 operibus
585 2539 745 2592 sancti
784 2539 1023 2592 Thomae
1063 2539 1274 2593 edendis
1312 2540 1587 2609 constituti,
1619 2552 1821 2610 gratum
1862 2541 1912 2593 T
1915 2541 2007 2594 IBI
2048 2541 2271 2595 futurum
2311 2564 2423 2597 esse

168 2619 433 2673 confidunt
470 2622 612 2688 quod
650 2641 786 2673 nunc
828 2620 1048 2675 TUAE
1098 2620 1528 2674 MAIESTATI
1575 2622 1829 2675 humiliter
1866 2622 2102 2693 offerunt,
2149 2624 2421 2679 Summam

166 2700 379 2769 inquam
427 2700 627 2756 Contra
674 2701 906 2756 Gentiles
957 2702 1259 2756 sanctissimi
1309 2702 1572 2771 DoctoriS,
1627 2704 1773 2756 novis
1824 2704 1956 2757 curis
2007 2705 2071 2758 ad
2121 2706 2421 2776 originalem

168 2782 387 2836 nitorem
426 2781 728 2853 restitutam,
773 2795 822 2837 et
861 2784 1262 2838 Commentariis
1302 2795 1536 2837 ornatam
1576 2785 1955 2838 celebratissimi
1987 2786 2117 2856 Viri,
2162 2787 2421 2842 Francisci

165 2863 233 2918 de
259 2863 535 2934 Sylvestris
573 2864 931 2934 Ferrariensis,
965 2865 1180 2919 Ordinis
1220 2865 1637 2919 Praedicatorum
1669 2867 1931 2934 quondam
1971 2867 2205 2938 Magistri
2247 2869 2419 2923 Gene-

74 2967 77 2969 ·
166 2944 302 2998 ralis.
354 2945 535 3016 Quem
579 2946 762 2999 librum
810 2967 927 2998 cum
972 2946 1079 2999 eius
1123 2946 1346 3015 Auctor,
1398 2948 1464 3000 ad
1503 2947 1852 3001 invitationem
1897 2948 2072 3002 Sancti
2122 2950 2419 3020 Raymundi

166 3026 234 3078 de
259 3024 555 3096 Pennafort,
588 3028 907 3080 conscribere
947 3028 1271 3097 suscepisset,
1316 3039 1370 3080 ut
1395 3029 1462 3081 ab
1487 3029 1774 3082 infidelibus
1814 3031 2137 3083 tenebrarum
2165 3031 2421 3085 tolleretur

132 3154 136 3157 .
166 3107 332 3177 caligo
359 3117 409 3160 et
434 3107 559 3176 ipsis
584 3109 691 3161 veri
719 3107 854 3161 Solis
880 3110 1110 3162 doctrina
1136 3111 1461 3180 panderetur,
1493 3122 1855 3180 argumentum
1882 3112 2006 3181 eius,
2040 3112 2418 3181 philosophiam

166 3209 299 3257 quae
320 3190 603 3242 secundum
625 3189 890 3243 Christum
917 3203 1011 3260 est,
1037 3192 1167 3244 adeo
1193 3191 1475 3244 sublimiter
1496 3193 1820 3261 pertractavit
1845 3204 1899 3245 ut
1919 3193 2145 3263 plenam,
2171 3205 2419 3262 quantum

167 3290 260 3340 per
279 3270 559 3323 humanam
581 3271 828 3324 rationem
850 3271 982 3341 licet,
1008 3273 1400 3340 explicationem
1422 3273 1672 3342 exhibeat,
1698 3274 2040 3342 invictamque
2065 3275 2418 3329 defensionem

165 3352 379 3406 traditae
417 3353 658 3406 divinitus
689 3353 929 3406 veritatis.
976 3353 1141 3423 Quid,
1185 3354 1346 3422 inquit
1372 3354 1692 3424 FranciSCUS,
1738 3356 1860 3422 quid
1891 3355 2211 3409 Christianae
2250 3347 2416 3425 reipu-

113 3433 130 3440 ’
165 3434 346 3504 blicae,
390 3434 515 3502 quid
541 3446 742 3487 nostrae
771 3434 906 3503 fidei,
939 3435 1062 3501 quid
1088 3435 1342 3488 humanae
1368 3436 1672 3503 divinaeque
1699 3436 2053 3505 philosophiae
2079 3438 2412 3509 splendidius,

165 3516 484 3585 luculentius,
530 3517 763 3570 utiliusve
802 3516 966 3570 afferri
1007 3517 1201 3585 potuit?
1238 3517 1352 3570 Nec
1391 3518 1635 3570 dissimile
1681 3518 1906 3588 elogium
1956 3531 2213 3572 merentur
2257 3520 2417 3588 ipsius

165 3596 427 3651 Francisci
466 3598 860 3667 lucubrationeS,
906 3619 997 3667 per
1042 3619 1188 3667 quaS,
1241 3600 1398 3652 verba
1441 3610 1558 3651 sunt
1607 3599 1800 3652 Leonis
1841 3599 1981 3669 XIII,
2031 3612 2274 3669 tanquam
2324 3622 2420 3670 per

166 3679 349 3732 uberes
389 3691 438 3732 et
476 3680 657 3732 illimes
696 3677 885 3732 rivulos
924 3680 1046 3732 tanti
1086 3680 1198 3732 Viri
1237 3681 1467 3733 doctrina
1505 3682 1740 3734 decurrit.
