2768 4134
55 382 63 391 ‘
80 380 172 407 Categ..
190 387 245 407 v1,7

55 434 63 443 ·
79 432 211 460 Capssixm.

48 894 111 916 ‘CL
129 894 188 915 Com
192 898 261 915 ment.

47 927 106 969 ca&-
114 926 198 949 praec.
212 921 262 942 init.

122 954 173 975 can
190 954 236 975 seq.

40 2401 48 2408 ·
79 2400 114 2420 De
149 2400 236 2447 Soph
225 2403 255 2421 s.l

41 2426 92 2447 Ele,
91 2426 144 2451 ι.ι·Ιι

43 2453 122 2481 ‘Casu
139 2459 178 2481 pra
181 2460 215 2476 ec.

46 3300 53 3328 J
66 3298 99 3328 tit.
111 3304 161 3326 cap.
173 3304 238 3325 praec

45 3331 50 3345 ι
71 3331 75 3345 ι
90 3341 94 3346 .

299 297 375 343 284

248 375 479 425 quali'tatzs
493 371 691 422 ponitur*
714 372 754 408 In
775 371 860 407 Deo
881 377 1012 407 autem
1033 382 1113 406 non
1138 377 1263 419 potest
1287 381 1368 406 esse

295 427 453 486 aliquod
481 426 674 463 accidens:
713 432 755 461 ut
793 424 831 460 in
870 423 1002 461 Primo
1021 422 1042 445 ³¹⁶
1070 430 1271 460 ostensum
1301 431 1367 461 est.

294 483 401 518 Deus
430 479 542 528 igitur
570 487 626 516 est
654 491 725 515 sua
753 477 936 527 potentia.

347 535 559 571 Praeterea
592 533 723 570 Omne
743 532 851 582 quod
872 539 928 568 est
946 542 1017 580 per
1035 530 1151 576 aliud,
1173 530 1370 568 reducitur

754 291 943 328 SUMMA
973 290 1195 328 CONTRA
1225 290 1501 335 GENTILES,
1530 290 1626 327 LlB.
1653 291 1694 336 ll,
1725 290 1951 337 CAP.V111,
1977 292 2039 329 IX.

1426 369 1577 419 agentia
1605 370 1847 408 reducuntur
1881 370 1921 407 in
1956 371 2088 408 Deum
2124 371 2222 410 sicut
2256 373 2297 410 in
2328 374 2501 424 primum

1425 435 1543 472 agens
1561 423 1593 460 *.
1615 424 1683 461 Est
1701 423 1816 472 igitur
1833 436 1951 474 agens
1969 437 2041 485 per
2060 438 2113 463 se.
2143 426 2264 474 Quod
2283 435 2415 465 autem
2433 440 2504 478 per
2531 429 2626 457 'Lib-1
2637 434 2688 457 etp
2697 435 2745 450 xm-

1425 489 1466 514 se
1493 476 1584 525 agit,
1598 489 1670 527 per
1697 489 1810 515 suam
1839 478 2046 516 essentiam
2075 478 2160 528 agit.
2190 480 2232 517 Id
2261 487 2393 518 autem
2421 494 2502 531 quo

1425 530 1512 580 quis
1532 530 1618 579 agit,
1639 539 1695 568 est
1714 531 1798 569 eius
1817 531 1940 570 activa
1969 533 2152 583 potentia.
2183 535 2270 583 Ipsa
2298 533 2412 582 igitur
2430 535 2503 572 Dei

293 588 341 625 ad
361 587 399 624 id
419 587 528 636 quod
549 594 604 623 est
623 598 693 636 per
712 598 752 623 se
773 585 870 622 sicut
890 585 938 622 ad
959 584 1144 634 primurn.
1169 583 1253 622 Alia
1273 597 1368 622 vero
1392 600 1400 619 ς
1425 584 1588 622 essentia
1617 593 1674 622 est
1702 585 1785 622 eius
1813 585 1938 624 activa
1966 586 2149 637 potentia.

347 709 356 727 ι
380 701 495 735 ponitur]
516 702 542 726 in
562 701 780 726 praedicamentis
799 701 878 726 addit
898 701 928 724 D.

1054 789 1392 822 commentaria

332 901 469 927 ncunno,
494 890 676 921 ostenditur
706 889 785 930 quid
818 889 857 918 sit
887 888 1036 928 potentia
1063 889 1166 918 activa
1197 888 1258 919 Dei
1274 889 1302 919 *.
1327 889 1369 919 Et

332 937 396 967 hoc
419 935 544 966 duabus
568 934 835 966 conclusionibus
851 934 878 962 *ἢ

345 982 452 1012 Prima
475 986 536 1011 est:
562 980 683 1010 Divina
702 978 851 1020 potentia
868 982 916 1008 est
930 977 994 1007 Dei
1015 977 1207 1008 substantia.

345 1026 510 1056 Probatur
526 1025 648 1065 primo.
673 1024 822 1054 Potentia
838 1023 940 1053 activa
964 1023 1123 1063 competit
1139 1023 1236 1053 alicui
1251 1032 1368 1054 secun·

289 1070 367 1101 dum
384 1070 475 1111 quod
499 1076 546 1100 est
569 1076 653 1100 actu.
679 1068 743 1100 Sed
760 1069 849 1098 Deus
873 1077 941 1098 non
965 1073 1014 1098 est
1037 1074 1110 1098 actu
1135 1077 1193 1108 per
1216 1073 1326 1099 actum
1349 1078 1368 1098 a

288 1125 321 1146 se
339 1115 542 1146 distinctum:
568 1124 645 1145 curn
668 1115 700 1144 in
726 1123 766 1144 eo
795 1113 884 1143 nulla
911 1113 951 1143 sit
978 1113 1207 1153 potentianum,
1236 1112 1291 1143 sed
1321 1118 1368 1144 est

287 1161 355 1200 ipse
380 1165 479 1190 actus.
504 1159 590 1199 Ergo
616 1164 663 1190 est
686 1168 744 1189 sua
767 1157 924 1198 potentia.
950 1157 1036 1198 Ergo
1061 1163 1122 1188 etc.

342 1204 483 1235 Adverte
508 1203 598 1244 quod
617 1203 703 1234 aliud
721 1208 768 1234 est
787 1203 947 1243 potentia,
973 1208 1005 1233 et
1029 1202 1117 1233 aliud
1128 1202 1366 1244 potentialitas.

286 1250 434 1280 Potentia
450 1249 537 1279 enim
554 1249 658 1279 activa
673 1249 823 1279 nominat
839 1253 948 1278 actum
973 1247 1103 1278 alterius
1123 1246 1366 1287 productivum,

285 1294 399 1325 saltem
422 1300 531 1324 motus
551 1299 583 1324 et
602 1294 750 1324 actionis.
775 1293 1004 1323 Potentialitas
1019 1298 1129 1323 autem
1145 1293 1295 1323 nominat
1315 1302 1367 1323 ca—

285 1340 421 1370 rentiam
445 1339 582 1370 alicuius
605 1345 695 1370 actus
712 1347 811 1379 quem
836 1337 959 1378 aliquid
982 1343 1096 1369 natum
1121 1343 1169 1368 est
1192 1338 1366 1378 suscipere,

285 1390 317 1415 et
336 1384 410 1415 ideo
428 1393 555 1424 semper
571 1384 612 1415 ad
627 1384 771 1424 aliquem
787 1383 927 1427 modum
950 1383 1118 1423 potentiae
1133 1383 1279 1423 passivae
1295 1392 1367 1424 per-

284 1430 378 1460 tinet:
404 1428 437 1460 id
461 1429 547 1460 enim
572 1429 605 1459 in
630 1438 697 1470 quo
722 1434 770 1459 est
800 1428 1029 1469 potentialitas‚
1061 1434 1097 1458 ut
1124 1429 1180 1464 sic,
1205 1434 1365 1468 quantum

285 1480 332 1504 est
356 1484 394 1505 ex
417 1484 475 1505 sua
499 1474 635 1510 ratione,
660 1483 728 1504 non
752 1474 849 1504 habet
881 1474 989 1513 ipsum
1023 1479 1143 1509 actum,
1168 1473 1225 1503 sed
1258 1478 1367 1513 potest

284 1520 393 1559 ipsum
416 1519 544 1549 habere.
570 1518 658 1550 Cum
682 1528 760 1559 ergo
784 1519 818 1548 in
842 1518 915 1549 Deo
944 1519 984 1548 sit
1015 1523 1122 1555 actus3
1147 1518 1227 1549 nihil
1255 1524 1365 1549 autern

284 1565 324 1594 sit
339 1565 372 1594 in
389 1565 462 1604 ipso
487 1563 579 1604 quod
601 1565 635 1594 in
659 1573 693 1595 se
717 1569 791 1594 actu
811 1568 918 1594 careat
933 1569 1114 1604 natumque
1130 1564 1171 1594 sit
1187 1568 1295 1594 actum
1312 1573 1366 1594 su-

284 1610 424 1649 scipere;
442 1608 517 1639 ideo
534 1609 593 1639 sibi
611 1610 757 1649 potentia
774 1609 877 1639 activa
894 1609 1023 1639 attribui
1039 1614 1157 1648 potest,
1171 1618 1238 1638 non
1256 1614 1365 1639 autern

285 1654 513 1694 potentialitas.

1423 790 1735 823 Fer-ramensis

1477 889 1639 920 Secundo.
1664 890 1712 920 De
1737 889 1810 920 Deo
1834 889 1915 920 nihil
1937 895 2048 930 potest
2070 889 2134 921 dici
2158 891 2390 932 participative.
2403 892 2502 933 ‚Ergo

1422 939 1470 964 est
1485 943 1543 965 sua
1558 935 1716 974 potentia.
1732 952 1755 956 —
1770 934 1862 965 Patet
1881 935 2127 976 consequentia.
2152 934 2239 974 Quia
2261 937 2370 967 omnis
2385 943 2503 978 potens

1422 979 1479 1019 qui
1503 988 1571 1009 non
1595 985 1644 1010 est
1667 989 1724 1010 sua
1748 979 1905 1020 potentia,
1922 985 1970 1011 est
1985 985 2104 1020 potens
2120 980 2367 1021 participatione
2386 987 2503 1022 poten-

1421 1024 1484 1054 tiae
1508 1024 1661 1054 alicuius:
1686 1025 1770 1055 sicut
1794 1030 1961 1055 ostensum
1979 1030 2027 1055 est
2042 1025 2075 1055 in
2092 1025 2202 1056 Primo
2214 1026 2232 1042 ⁹
2253 1025 2292 1056 de
2309 1026 2378 1057 aliis
2394 1036 2501 1058 rerum

1422 1068 1690 1108 perfectionibus,

1477 1114 1598 1144 Tertio.
1616 1114 1706 1145 Deus
1723 1119 1770 1144 est
1785 1124 1882 1146 suum
1899 1120 1979 1145 esse.
1997 1115 2084 1155 Ergo
2100 1121 2132 1146 et
2147 1125 2206 1146 sua
2220 1115 2379 1156 potentia.
2389 1132 2413 1138 -
2423 1116 2502 1147 Pro·

1422 1159 1515 1189 batur
1527 1159 1773 1199 consequentia.
1786 1159 1873 1198 Quia
1885 1160 1994 1190 omnis
2010 1159 2168 1200 perfectio
2181 1159 2291 1191 divina
2305 1160 2338 1191 in
2351 1161 2424 1201 ipso
2441 1170 2502 1192 suo

1421 1213 1491 1234 esse
1515 1203 1703 1235 continetur
1719 1209 1751 1234 et
1767 1210 1815 1235 est
1830 1204 1876 1235 illi
1899 1204 1998 1242 idem,
2017 1211 2054 1236 ut
2076 1205 2111 1236 in
2131 1205 2242 1236 Primo
2259 1210 2307 1235 est
2322 1211 2502 1237 ostensum.

1481 1247 1621 1284 Quarto.
1652 1248 1688 1278 In
1720 1248 1792 1280 Deo
1822 1259 1892 1280 non
1926 1255 2035 1290 potest
2065 1259 2135 1281 esse
2169 1249 2306 1290 aliquod
2339 1250 2501 1282 accidens.

1421 1292 1508 1333 Ergo
1528 1299 1590 1324 etc.
1606 1311 1630 1316 —
1645 1293 1804 1324 Probatur
1819 1296 2066 1335 consequentia.
2083 1295 2172 1334 Quia
2193 1295 2227 1326 in
2250 1295 2347 1326 rebus
2363 1305 2502 1336 quarum

1420 1339 1587 1378 potentiae
1603 1348 1671 1369 non
1693 1344 1768 1369 sunt
1787 1348 1899 1370 earum
1922 1340 2109 1376 substantia,
2126 1341 2215 1381 ipsae
2238 1341 2405 1381 potentiae
2427 1346 2503 1372 sunt

1420 1382 1614 1414 accidentia:
1641 1383 1728 1414 unde
1752 1389 1784 1414 et
1807 1385 1954 1425 potentia
1976 1385 2132 1416 naturalis
2161 1386 2194 1417 in
2225 1385 2369 1417 secunda
2391 1385 2501 1445 specie

1419 1428 1588 1469 qualitatis
1611 1429 1755 1469 ponitur.

1479 1472 1613 1510 Quinto.
1638 1473 1788 1504 Potentia
1811 1479 1859 1504 est
1881 1473 1915 1504 id
1938 1483 2007 1515 quo
2031 1484 2130 1516 agens
2153 1476 2230 1516 agit.
2245 1474 2311 1506 Sed
2333 1474 2424 1506 Deus
2437 1475 2503 1516 agit

1419 1527 1478 1559 per
1493 1528 1586 1549 suam
1603 1519 1790 1549 essentiam:
1811 1519 1888 1560 quia
1903 1524 1952 1550 est
1966 1529 2025 1560 per
2043 1529 2078 1551 se
2093 1529 2203 1561 agens,
2219 1525 2335 1561 utpote
2358 1520 2502 1561 primum

1419 1572 1528 1604 agenS,
1552 1563 1593 1594 ad
1616 1563 1708 1604 quod
1731 1573 1832 1595 omne
1849 1563 1941 1605 quod
1960 1574 2019 1605 per
2034 1564 2123 1596 aliud
2138 1566 2205 1606 agit
2218 1565 2401 1603 reducitur;
2417 1565 2502 1597 sicut

1417 1607 1647 1648 imperfectum
1666 1609 1789 1640 scilicet
1806 1618 1905 1640 omne
1922 1608 1962 1640 ad
1986 1609 2109 1650 aliquid
2125 1610 2309 1651 perfectum
2325 1609 2501 1642 reducitur.

1390 1666 1392 1691 y
1418 1653 1506 1694 Ergo
1531 1659 1594 1685 etc.

1123 1760 1661 1802 —wfflfi

988 1919 1476 1975 CAPITULUM
1513 1919 1803 1975 NONUM

798 2048 974 2100 ouon
1010 2049 1113 2089 DEI
1148 2048 1461 2090 POTENTIA
1496 2048 1592 2090 SIT
1627 2047 1766 2090 ems
1801 2021 1989 2090 Aeno

309 2226 312 2227 ⁷
406 2213 428 2226 ,
473 2193 520 2218 x
548 2181 625 2218 hoc
654 2188 787 2218 autem
816 2179 969 2217 ostendi
998 2188 1124 2229 potest
1153 2180 1262 2229 quod
1291 2191 1360 2229 po-

312 2247 318 2265 :
357 2218 483 2300 «³23
511 2234 627 2272 tentia
666 2234 739 2271 Dei
778 2246 858 2272 non
898 2233 944 2271 sit
982 2233 1086 2271 aliud
1125 2245 1247 2284 quam
1291 2246 1362 2271 sua

464 2318 471 2323 ..
512 2287 623 2326 actio.

453 2344 457 2347 ⁴
573 2343 680 2386 Quae
703 2342 802 2378 enim
828 2343 896 2378 uni
917 2347 950 2378 et
975 2341 1093 2378 eidem
1113 2347 1197 2378 sunt
1216 2341 1360 2387 eadem,

283 2399 353 2435 sihi
375 2398 533 2434 invicem
553 2395 637 2433 su'nt
657 2395 787 2433 eadem
806 2395 837 2432 ²⁸.
865 2394 1009 2433 Divina
1030 2403 1163 2432 autem
1192 2394 1363 2444 potentia
1386 2409 1394 2428 ς

284 2459 340 2488 est
359 2451 442 2489 eius
469 2449 692 2495 substantia,
713 2457 755 2487 ut
775 2457 977 2486 ostensum
1003 2456 1059 2486 est
1072 2448 1104 2485 *.
1126 2447 1222 2486 Eius
1245 2448 1362 2486 etiam

284 2504 382 2543 actio
403 2512 459 2542 est
479 2503 561 2541 eius
581 2503 804 2550 substantia,
822 2511 863 2540 ut
883 2502 922 2540 in
943 2502 1071 2552 primo
1087 2502 1185 2540 libro
1201 2502 1221 2524 *
1235 2510 1362 2540 osten-

284 2571 372 2596 sum
393 2567 448 2596 est
468 2558 516 2595 de
547 2557 790 2595 intellectuali
820 2556 1064 2607 operatione:
1097 2557 1235 2594 eadem
1256 2556 1362 2594 enim

285 2612 379 2650 ratio
400 2612 438 2650 in
459 2612 541 2650 aliis
561 2611 757 2662 competit.
779 2610 895 2660 lgitur
915 2610 953 2648 in
974 2611 1059 2648 Deo
1081 2623 1160 2648 non
1182 2618 1238 2648 est
1257 2610 1362 2648 aliud

283 2666 454 2717 potentia
484 2674 520 2704 et
548 2665 654 2703 aliud
683 2664 794 2703 actio.

338 2722 443 2758 ltem.
484 2719 595 2758 Actio
634 2718 796 2757 alicuius
835 2718 888 2756 rei
928 2725 984 2756 est
1025 2720 1363 2768 complementum

283 2774 486 2824 quoddam
522 2773 717 2824 potentiae
753 2772 853 2810 eius:
884 2780 1136 2822 comparatur
1170 2771 1276 2810 enim
1313 2770 1378 2810 ad

282 2828 497 2878 potentiam
526 2827 623 2866 sicut
651 2835 759 2865 actus
789 2826 986 2865 secundus
1005 2826 1054 2863 ad
1079 2826 1266 2876 primum.
1297 2825 1363 2864 Di—

284 2882 374 2920 vina
403 2890 534 2920 autem
564 2881 735 2932 potentia
771 2892 852 2918 non
888 2881 1108 2930 completur
1136 2880 1211 2918 alio
1241 2892 1362 2930 quam

336 2999 352 3024 8
371 2999 441 3025 enim
456 3002 520 3032 post
539 2999 604 3024 ratio
623 2998 698 3023 aDX.

335 3044 353 3067 4
371 3035 470 3069 aliquid
489 3034 545 3068 ensl
566 3034 672 3068 aliquod
691 3041 771 3067 agens
791 3033 844 3060 ΝΖ.

283 3079 356 3097 mum
374 3074 438 3097 ante
457 3074 483 3096 et
497 3074 562 3104 post
580 3070 680 3104 Ergo..

286 3114 313 3132 ιι
336 3115 417 3132 unum
437 3114 480 3132 om
501 3106 614 3132 BFGPc.

1049 3192 1386 3227 Commentario

242 3315 255 3320 --
288 3305 450 3368 Sirenum
472 3294 641 3325 conclusio
665 3299 712 3324 est
725 3294 755 3323 ’τ
774 3292 923 3323 Potentia
936 3292 1000 3323 Dei
1017 3301 1082 3322 non
1096 3297 1144 3322 est
1156 3292 1249 3323 aliud
1264 3301 1361 3333 quam

326 3350 342 3370 s
464 3349 474 3369 1
499 3362 507 3370 .

343 3345 539 3415 {metuar
549 3384 670 3424 primo.
685 3383 802 3413 Divina
819 3382 966 3423 potentia
982 3387 1030 3412 est
1043 3382 1102 3412 Dei
1116 3382 1303 3412 substantia.
1322 3381 1362 3412 Et

286 3429 429 3460 similiter
453 3429 559 3460 divina
583 3429 678 3465 actio,
700 3433 735 3459 ut
759 3428 791 3458 in
817 3428 927 3458 Primo
948 3432 1116 3458 ostensum
1134 3431 1181 3457 est
1205 3426 1244 3457 de
1269 3426 1362 3457 intel-

288 3473 439 3504 lectione:
465 3473 578 3504 eadem
604 3474 690 3504 enim
715 3474 795 3504 ratio
821 3478 868 3504 est
892 3472 924 3503 in
956 3471 1025 3502 aliis
1055 3471 1248 3507 actionibus,
1278 3480 1361 3512 quae

287 3517 407 3548 scilicet
423 3519 462 3548 ab
478 3517 698 3549 intellectione
714 3517 897 3549 secundum
925 3517 1085 3548 rationem
1110 3515 1361 3556 distinguuntur,

289 3567 323 3591 ut
347 3562 426 3592 velle
451 3568 482 3593 et
506 3572 612 3593 creare
637 3568 668 3594 et
691 3563 816 3594 similia.
842 3562 929 3603 Ergo
949 3561 1057 3593 divina
1074 3562 1158 3593 actio
1183 3566 1230 3592 est
1254 3560 1361 3592 divina

290 3607 443 3645 potentia.
468 3626 488 3628 ω
514 3607 602 3637 Patet
627 3608 871 3648 consequentia.
896 3607 983 3646 Quia
1006 3616 1090 3648 quae
1118 3606 1175 3637 uni
1205 3611 1236 3636 et
1259 3606 1360 3637 eidem

289 3656 363 3680 sunt
387 3651 506 3683 eadem.
532 3652 591 3682 sibi
616 3652 750 3683 inuicem
775 3657 851 3683 sunt
871 3651 993 3683 eadem.

792 3005 822 3023 ιι
843 2997 979 3032 quoddam
998 3004 1041 3022 om
1060 2997 1104 3027 W,
1123 3000 1187 3022 ante
1205 2996 1429 3030 complementum
1449 2996 1536 3022 expe.

937 3041 951 3066 7
971 3033 1042 3066 Ergo
1061 3033 1146 3058 divina
1165 3032 1232 3058 actio
1250 3037 1291 3058 eat
1309 3040 1357 3058 aua
1377 3032 1522 3058 substantia
1540 3031 1603 3058 hom
1622 3039 1666 3058 om
1685 3031 1740 3063 Gz,
1756 3034 1821 3064 post
1833 3036 1860 3056 et
1871 3030 1909 3056 nic
1924 3036 1953 3056 ut
1964 3030 2038 3064 prius
2052 3034 2162 3063 ponunt
2179 3030 2259 3062 «nt-:3
2277 3031 2300 3056 X
2314 3035 2342 3057 et
2354 3030 2393 3057 aie
2403 3028 2499 3065 utpu-

673 3087 696 3096 ..
715 3069 860 3095 substantia
878 3069 972 3098 haben
989 3069 1024 3094 cd
1042 3068 1151 3095 lectioni
1169 3076 1187 3093 α
1203 3068 1385 3101 praemittunt
1403 3073 1430 3094 et
1449 3076 1496 3094 sua
1515 3067 1659 3094 substantia
1672 3073 1713 3093 est
1725 3075 1775 3093 sua
1789 3067 1913 3102 potentin.

688 3108 740 3138 ‘¹4
759 3105 793 3139 et]
814 3111 840 3131 et
858 3112 871 3130 a
891 3105 982 3136 eXPc5
1002 3104 1024 3129 D
1043 3105 1124 3138 legit.-
1144 3113 1157 3129 a
1177 3112 1226 3130 sua
1245 3105 1360 3138 potentia
1379 3110 1405 3130 et
1424 3113 1438 3130 ι
1458 3112 1506 3130 aua
1525 3104 1680 3130 substantia.

1417 2179 1563 2230 seipso:
1593 2192 1687 2218 cum
1707 2179 1753 2217 sit
1773 2179 1858 2230 ipsa
1875 2179 1950 2218 Dei
1977 2179 2144 2218 essentia
2157 2179 2262 2218 *.1n
2281 2180 2368 2218 Deo
2388 2179 2503 2230 igitur
2528 2186 2538 2196 ·
2552 2184 2589 2208 Cf·
2604 2190 2653 2214 us·
2665 2189 2743 2213 rme·

1418 2246 1498 2271 non
1528 2242 1584 2271 est
1613 2233 1717 2272 aliud
1747 2233 1921 2284 potentia
1947 2241 1986 2271 et
2013 2232 2119 2271 aliud
2147 2233 2261 2272 actio.

1472 2287 1664 2338 Amplius
1683 2287 1791 2326 Sicut
1804 2287 1977 2338 potentia
1991 2287 2116 2325 activa
2131 2294 2188 2325 est
2202 2286 2350 2338 aliquid
2369 2298 2499 2338 agens,

1418 2340 1468 2378 ita
1498 2341 1663 2379 essentia
1691 2341 1776 2379 eius
1805 2349 1861 2379 est
1889 2340 2036 2392 aliquid
2065 2352 2146 2379 ens.
2177 2341 2255 2379 Sed
2276 2340 2410 2380 divina
2428 2353 2499 2392 po-

1418 2394 1535 2433 tentia
1565 2403 1621 2433 est
1649 2395 1733 2433 eius
1762 2395 1938 2442 essentia,
1958 2403 2002 2433 ut
2029 2402 2232 2433 ostensum
2261 2402 2318 2432 est
2330 2394 2363 2433 *.
2394 2395 2498 2446 Ergo

1418 2461 1537 2486 suum
1557 2461 1670 2498 agere
1690 2457 1746 2487 est
1766 2462 1884 2488 suum
1904 2461 2000 2487 esse.
2031 2449 2108 2487 Sed
2134 2447 2218 2487 eius
2242 2461 2327 2487 esse
2352 2457 2410 2488 est
2427 2461 2500 2489 sua

1418 2502 1631 2540 substantia
1646 2502 1677 2539 *.
1709 2504 1812 2552 Ergo
1832 2502 1965 2541 divina
1984 2502 2084 2541 actio
2104 2510 2161 2540 est
2180 2515 2251 2540 sua
2270 2502 2496 2542 substantia.

1419 2557 1468 2594 Et
1496 2556 1550 2594 sic
1578 2564 1620 2594 ut
1647 2555 1766 2606 prius.

1474 2610 1627 2648 Adhuc.
1658 2610 1770 2648 Actio
1790 2622 1892 2660 quae
1911 2622 1993 2648 non
2017 2618 2074 2647 est
2098 2610 2312 2648 substantia
2340 2609 2498 2660 agentis,

1380 2681 1405 2696 ιο
1418 2663 1517 2701 inest
1550 2664 1585 2701 ei
1619 2663 1716 2702 sicut
1748 2663 1928 2702 accidens
1961 2663 2153 2702 subiecto:
2188 2664 2295 2702 unde
2332 2671 2370 2702 et
2401 2666 2499 2703 actio

1419 2729 1547 2756 unum
1562 2717 1662 2756 inter
1676 2724 1823 2756 novem
1837 2717 2154 2769 praedicamenta
2169 2717 2377 2756 accidentis
2390 2730 2498 2757 corn—

1418 2770 1577 2822 puta'tur
1594 2771 1626 2809 *.
1658 2773 1698 2809 ln
1728 2772 1814 2810 Deo
1843 2779 1975 2810 autem
2002 2784 2083 2810 non
2102 2779 2230 2833 potest
2248 2784 2332 2810 esse
2352 2771 2498 2822 aliquid

1419 2838 1490 2876 per
1507 2826 1676 2863 modurn
1696 2825 1904 2864 accidentis
1922 2825 1954 2863 *.
1985 2827 2026 2864 ln
2053 2826 2140 2865 Deo
2160 2825 2274 2876 igitur
2301 2838 2372 2864 sua
2398 2825 2498 2864 actio

1418 2891 1499 2917 non
1519 2887 1575 2917 est
1595 2878 1700 2917 aliud
1720 2892 1743 2917 a
1762 2892 1832 2918 sua
1852 2878 2065 2918 substantia
2084 2887 2121 2918 et
2141 2892 2211 2918 sua
2229 2879 2412 2931 potentia.

1630 3002 1663 3028 ²4
1682 2994 1734 3021 alio
1752 3003 1834 3029 quam
1853 2993 1952 3029 seipso]
1973 2993 2024 3020 alio
2043 2993 2105 3029 (alia
2123 2994 2156 3029 Ρ)
2175 3002 2256 3028 quam
2275 2995 2363 3029 seipsa
2381 2993 2436 3024 Pa
2479 3011 2482 3015 ·

2012 3066 2029 3092 8
2047 3071 2077 3092 ut
2095 3066 2178 3101 priua]
2198 3066 2268 3093 idem
2287 3067 2360 3101 quod
2378 3066 2451 3100 prlub
2463 3063 2499 3093 --P

1416 3193 1727 3226 Fen-ariensis

1416 3291 1580 3323 concludi.
1606 3290 1663 3322 llla
1686 3292 1774 3322 enim
1799 3291 1983 3331 propositio
2007 3290 2104 3321 habet
2120 3290 2287 3320 veritatem
2311 3294 2438 3320 tantum
2463 3289 2496 3320 in

1415 3337 1465 3368 his
1481 3346 1566 3378 quae
1580 3341 1658 3368 sunt
1673 3336 1757 3367 idem
1775 3345 1812 3368 re
1822 3340 1855 3366 et
1866 3335 2014 3367 ratione:
2029 3339 2065 3366 ut
2080 3333 2198 3366 dicitur
2213 3333 2330 3371 Prima,
2344 3343 2376 3375 q.
2389 3341 2496 3371 xxvm,

1416 3391 1443 3412 a.
1463 3381 1492 3417 3,
1510 3381 1549 3412 ad
1572 3389 1597 3417 ι,
1615 3381 1655 3412 de
1683 3387 1793 3412 mente
1818 3379 2011 3416 Aristotelis,
2036 3379 2077 3410 111
2097 3378 2313 3420 Physicorum
2330 3379 2357 3410 *.
2385 3378 2497 3416 Modo,

1416 3426 1491 3458 licet
1507 3427 1653 3467 potentia
1678 3427 1718 3457 sit
1741 3426 1867 3457 realiter
1883 3425 1969 3456 idem
1989 3433 2066 3455 cum
2083 3423 2220 3455 essentia
2237 3423 2355 3460 divina,
2372 3424 2412 3455 ab
2427 3424 2497 3465 ipsa

1415 3477 1524 3502 tamen
1549 3471 1674 3503 ratione
1690 3470 1908 3512 distinguitur.
1932 3468 2086 3500 Similiter
2104 3474 2136 3500 et
2152 3468 2248 3499 actio.
2274 3468 2361 3510 Ergo
2378 3477 2416 3500 ex
2431 3468 2496 3500 hoc

1416 3516 1507 3556 quod
1523 3522 1599 3547 sunt
1622 3515 1709 3547 idem
1733 3514 1860 3547 realiter
1881 3523 1959 3546 cum
1982 3514 2130 3551 essentia,
2146 3523 2215 3544 non
2235 3514 2382 3555 sequitur
2405 3513 2496 3554 quod

1415 3562 1477 3592 sint
1494 3561 1580 3592 idem
1605 3561 1731 3592 realiter
1753 3560 1837 3591 inter
1859 3568 1908 3591 se:
1933 3559 2026 3595 sicut,
2041 3558 2117 3590 licet
2140 3559 2314 3600 paternitas
2330 3564 2362 3590 et
2381 3557 2496 3589 filiatio

1416 3605 1523 3637 divina
1547 3606 1610 3636 sint
1634 3604 1721 3637 idem
1749 3604 1874 3636 realiter
1905 3613 1981 3635 cum
2013 3604 2161 3640 essentia,
2182 3608 2257 3635 sunt
2281 3608 2390 3634 tamen
2414 3603 2497 3634 inter

1416 3661 1449 3681 se
1473 3651 1600 3682 realiter
1623 3650 1802 3686 distinctae,
1827 3655 1960 3690 propter
1988 3647 2230 3680 distinctionem
2262 3647 2432 3679 formalem
2456 3648 2495 3678 ab

347 3705 374 3725 2.
400 3695 462 3725 Sed
494 3695 618 3726 videtur
643 3707 679 3727 ex
711 3698 770 3727 hac
800 3697 1027 3737 propositione
1059 3696 1264 3737 propositum
1293 3705 1360 3726 non
1417 3696 1564 3726 essentia.

2530 1028 2539 1038 ·
2559 1027 2595 1050 Cf.
2616 1032 2668 1055 eap.
2684 1031 2744 1053 xm.

2529 1060 2629 1081 xxxviii,
2643 1059 2697 1076 xu.

2527 2401 2536 2409 “
2552 2398 2590 2422 Cf.
2604 2404 2654 2428 arg.
2665 2403 2742 2427 praee.

2527 2506 2536 2517 ·
2544 2505 2596 2528 Lib.
2602 2505 2621 2534 Ι,
2627 2511 2679 2534 eap.
2686 2511 2742 2528 xxu.

2527 2775 2536 2784 ·
2551 2773 2646 2803 Cares„
2661 2779 2688 2799 ιι.
2698 2773 2723 2796 6.

2526 2826 2740 2856 ·Ι.Ιδ.1,οιρ.ιιιιι.

2524 3378 2534 3388 ·
2549 3377 2608 3406 Cap.
2622 3383 2656 3405 m,
2670 3383 2696 3405 4.
