2742 4152
0 2762 6 2801 f

0 2816 9 2871 ε

0 3305 2 3319 -
0 3084 13 3257 -v-w-y-*T
4 3046 6 3050 .

219 3286 222 3289 ’
276 3289 361 3314 manis
382 3290 430 3315 Pa.

33 3614 44 3625 '
57 3613 95 3636 Cf.
111 3614 246 3646 Commeat.

33 3645 54 3662 e.
64 3646 96 3668 iv,
113 3645 165 3663 mit.

898 272 1086 310 SUMMA
1115 273 1338 311 CONTRA
1366 275 1639 325 GENTILES,
1671 278 1780 317 CAP.
1801 281 1862 318 VI.

2431 298 2473 333 17

952 429 1437 487 CAPITULUM
1473 433 1820 492 SEXTUM

410 557 586 610 QUOD
621 556 965 598 ASSENTIRE
997 556 1097 599 HIS
1131 556 1304 610 QUAE
1337 557 1500 600 SUNT
1534 560 1694 602 FIDEI
1727 563 1855 604 NON
1889 564 2004 606 EST
2036 566 2357 611 LEVITATIS

761 627 1095 681 QUAMVIS
1138 628 1376 670 SUPRA
1418 630 1802 674 RATIONEM
1844 634 2007 676 SINT

308 811 312 819 ,
359 812 371 816 s
462 779 664 815 3›U11JSM0D1
696 775 828 806 autem
864 766 1026 815 veritati,
1063 769 1126 805 cui
1161 770 1257 805 ratio
1293 769 1360 805 hu-

304 846 311 858 .
345 852 354 863 ,
392 835 419 854 .·
461 820 472 846 ἕ
507 833 624 858 mana
638 824 935 870 experimentum
951 833 1026 858 non
1031 823 1188 871 praebet
1197 821 1229 867 *,
1237 820 1360 858 fidem

308 865 314 878 ¹
346 884 403 929 ᾗ(
416 890 431 908 z
462 915 464 917 ,
507 874 737 912 adhibentes
769 886 852 912 non
879 873 1014 912 leviter
1047 874 1221 922 credunt,
1248 873 1359 923 quasi

303 927 308 933 “
384 925 409 970 '‘v—²
461 929 475 938 ”
508 928 675 965 indoctas
678 929 838 977 fabulas
855 929 980 973 secuti,
999 935 1043 964 ut
1065 929 1095 965 ΙΙ
1111 929 1202 974 Pet.,
1218 941 1228 965 1
1245 925 1283 974 ¹⁶,
1304 926 1359 964 di-

282 979 392 1017 citur.
413 980 522 1018 Haec
541 980 646 1018 enim
670 982 820 1019 divinae
844 982 1056 1031 Sapientiae
1078 987 1220 1018 secreta
1237 980 1258 1002 '¹‘
1277 980 1361 1030 ipsa

282 1031 416 1071 divina
444 1034 660 1084 Sapientia,
690 1046 792 1084 quae
821 1033 955 1072 omnia
981 1033 1205 1084 plenissime
1237 1033 1359 1082 novit,

282 1085 438 1136 dignata
460 1095 518 1126 est
545 1086 773 1126 hominibus
801 1088 992 1126 revelare:
1023 1100 1125 1138 quae
1158 1087 1218 1125 sui
1249 1099 1360 1137 prae-

282 1139 464 1187 sentiam,
493 1149 532 1178 et
564 1140 764 1179 doctrinae
791 1149 830 1178 et
855 1140 1117 1190 inspirationis
1145 1140 1359 1188 veritatem,

281 1193 605 1232 convenientibus
623 1194 860 1243 argumentis
879 1194 1057 1242 ostendit,
1077 1195 1176 1233 dum
1194 1194 1244 1232 ad
1267 1206 1359 1232 con-

281 1245 525 1286 firmandum
552 1259 729 1298 ea-quae
757 1249 975 1286 naturalem
1003 1248 1266 1297 cognitionem
1295 1259 1359 1286 ex-

277 1298 588 1352 cedungrope‘ra
614 1300 813 1340 visibiliter
840 1301 1008 1340 ostendit
1035 1314 1137 1352 quae
1155 1301 1273 1339 totius
1291 1313 1359 1340 na-

280 1361 390 1392 turae
418 1361 603 1405 superant
628 1354 870 1402 facultatem3
907 1354 1086 1393 videlicet
1118 1355 1159 1394 in
1193 1354 1359 1393 mirabili

280 1406 481 1446 curatione
517 1409 771 1458 languorum,
811 1415 1062 1447 mortuorum
1098 1408 1357 1457 suscitatione,

279 1460 505 1499 caelestium
532 1473 746 1511 corporum
783 1461 950 1500 mirabili
985 1461 1278 1509 immutatione;
1307 1471 1357 1509 et,

280 1513 390 1565 quod
417 1522 475 1553 est
497 1514 724 1563 mirabilius,
743 1516 1011 1554 humanarum
1029 1515 1222 1554 mentium
1240 1515 1358 1566 inspi-

280 1566 448 1616 ratione,
485 1575 529 1606 ut
564 1567 707 1608 idiotae
739 1577 777 1608 et
804 1568 1010 1620 simplices,
1047 1569 1155 1608 dono
1194 1569 1359 1620 Spiritus

281 1620 412 1660 Sancti
439 1621 585 1672 repleti,
604 1634 807 1662 summam
825 1622 1055 1674 sapientiam
1074 1630 1111 1660 et
1134 1622 1358 1662 facundiam

279 1673 322 1712 in
338 1673 494 1714 instanti
507 1686 852 1726 consequerentur.
873 1675 1030 1725 Quibus
1044 1675 1237 1727 inspectis,
1251 1690 1358 1728 prae-

279 1727 404 1766 dictae
434 1729 676 1779 probationis
709 1730 895 1778 efficacia,
926 1741 1008 1768 non
1041 1742 1242 1768 armorum
1276 1730 1358 1768 vio-

279 1781 406 1829 lentia,
434 1793 517 1820 non
543 1784 792 1834 voluptatum
814 1783 1086 1836 promissione,
1107 1791 1154 1832 et,
1174 1785 1284 1834 quod
1303 1792 1359 1822 est

278 1833 625 1884 mirabilissimam,
647 1837 748 1877 inter
773 1846 1071 1889 persecutorum
1098 1837 1356 1888 tyrannidem,

279 1887 574 1927 innumerabilis
588 1891 703 1929 turba
716 1903 799 1930 non
809 1894 937 1932 solum
954 1891 1203 1942 simplicium,
1215 1891 1284 1929 sed
1299 1905 1357 1930 sa-

278 1941 613 1993 pientissimorum
641 1945 864 1994 hominum,
885 1945 936 1984 ad
953 1945 1077 1984 fidem
1097 1944 1354 1984 Christianam

278 1995 514 2044 convolavit,
534 1997 575 2034 in
593 2009 673 2047 qua
692 2011 855 2038 omnem
879 2001 1103 2038 humanum
1121 1999 1357 2037 intellectum

279 2049 506 2088 excedentia
532 2051 816 2101 praedicantur,
844 2055 1063 2104 voluptates
1096 2051 1221 2091 carnis
1249 2052 1356 2090 cohi-

278 2102 433 2151 bentur,
462 2111 500 2142 et
527 2105 662 2143 omnia
689 2119 792 2157 quae
811 2106 852 2144 in
871 2107 1024 2147 mundo
1049 2114 1139 2144 sunt
1157 2106 1356 2144 contemni

278 2151 489 2203 docentum
517 2157 662 2208 quibus
690 2160 844 2198 animos
872 2160 1097 2200 mortalium
1117 2159 1300 2198 assentire
1320 2167 1357 2197 et

277 2209 500 2248 maximum
514 2211 796 2252 miraculorum
811 2222 878 2262 est,
890 2223 927 2252 et
941 2214 1190 2252 manifestum
1201 2213 1356 2251 divinae

278 2261 540 2314 inspirationis
563 2278 677 2317 opuS,
698 2275 754 2313 ut,
773 2268 1007 2319 contemptis
1025 2267 1253 2315 visibilibus,
1274 2267 1356 2304 sola

277 2316 484 2356 invisibilia
497 2319 718 2370 cupiantur.
735 2322 824 2360 Hoc
838 2330 970 2360 autem
986 2334 1067 2360 non
1082 2321 1211 2359 subito
1226 2332 1356 2370 neque

278 2383 303 2409 a
329 2383 436 2419 casu,
465 2373 534 2410 sed
562 2386 610 2411 ex
637 2373 772 2413 divina
803 2375 1057 2426 dispositione
1085 2375 1231 2413 factum
1259 2386 1354 2419 esse,

277 2424 529 2464 manifestum
556 2435 614 2466 est
641 2440 688 2465 ex
725 2429 803 2466 hoc
837 2430 947 2479 quod
984 2430 1062 2467 hoc
1089 2441 1130 2466 se
1163 2429 1355 2466 facturum

276 2478 386 2516 Deus
405 2479 538 2517 multis
555 2488 644 2519 ante
663 2483 947 2532 prophetarum
966 2482 1154 2533 praedixit
1177 2482 1354 2526 oraculis,

277 2543 451 2582 quorum
479 2532 565 2572 libri
587 2547 709 2585 penes
728 2548 802 2573 nos
820 2536 861 2574 in
880 2536 1130 2574 veneratione
1149 2536 1354 2582 habentur,

276 2593 412 2636 utpote
440 2595 594 2626 nostrae
622 2588 716 2626 fidei
743 2589 1012 2628 testimonium
1041 2589 1280 2627 adhibentes.

331 2640 461 2679 Huius
487 2641 649 2692 quidem
677 2642 985 2681 confirmationis
1012 2643 1158 2681 modus
1190 2642 1357 2691 tangitur

276 2693 448 2731 Heb.11³:
476 2696 594 2741 Quae,
615 2695 756 2734 scilicet
774 2698 950 2735 humana
968 2698 1083 2743 salus,
1104 2709 1190 2734 cum
1210 2698 1355 2733 initium

277 2749 475 2798 accepisset
493 2751 673 2786 enarrari
685 2762 758 2799 per
772 2751 993 2797 Dominum,
1009 2752 1058 2787 ab
1077 2752 1129 2787 eis
1148 2751 1213 2799 qui
1229 2750 1355 2786 audie-

277 2806 366 2838 runt
393 2803 430 2838 'in
461 2815 529 2840 nos
556 2804 781 2850 confirmata
809 2810 872 2850 est,
893 2810 1118 2841 contestante
1136 2804 1218 2839 Deo
1237 2803 1355 2853 signis

277 2859 312 2891 et
322 2858 506 2905 portentis
525 2862 559 2892 et
576 2857 692 2893 variis
711 2858 868 2906 Spiritus
882 2859 1011 2894 Sancti
1028 2857 1352 2894 distributionibus.

330 2908 439 2946 Haec
466 2916 599 2946 autem
635 2916 717 2946 tarn
754 2909 940 2948 mirabilis
976 2909 1116 2948 mundi
1148 2909 1354 2947 conversio

277 2959 327 2997 ad
354 2960 478 2999 fidem
507 2961 766 3001 Christianam
794 2962 983 3001 indicium
1011 2963 1270 3001 certissimum
1298 2971 1355 3000 est

314 3088 317 3091 κ
332 3074 365 3100 18
384 3075 410 3100 in
429 3075 544 3109 instanti]
564 3076 700 3101 ministrati
718 3076 751 3106 G,
769 3077 796 3101 in
814 3076 917 3101 instanti
936 3076 1076 3101 ministrari
1094 3084 1117 3102 c.

277 3118 329 3136 non
345 3111 436 3143 liquet.
524 3111 558 3136 26
577 3110 719 3145 contemni]
734 3112 895 3144 contemptui
909 3112 952 3143 cd,
965 3112 1054 3137 haberi
1067 3113 1228 3144 contemptui
1241 3112 1271 3137 P.

276 3154 319 3172 om
339 3155 364 3171 α.
453 3147 486 3180 39
505 3146 676 3181 contestante]
696 3155 757 3172 cum
769 3152 882 3172 testante
895 3155 922 3173 α.

331 3182 346 3207 3
367 3183 446 3208 Esset
464 3182 543 3216 enim]
563 3183 668 3208 Etenim
687 3183 789 3214 chcd,
803 3183 871 3208 Ecce
883 3184 910 3208 in
923 3183 953 3214 C,
966 3184 1045 3209 Esset
1059 3189 1147 3209 autem
1160 3183 1191 3210 P.

277 3224 413 3243 cesserunt
425 3226 468 3243 om
483 3226 508 3243 α.
597 3217 630 3243 16
650 3218 676 3243 in
695 3217 801 3252 quibus]
821 3218 917 3252 quibus
930 3219 959 3244 P.
1045 3225 1077 3252 17

275 3254 362 3279 solum
381 3254 472 3280 YZPc.
571 3253 604 3278 26
623 3254 784 3279 invisibiliter
809 3254 852 3279 Ita
877 3254 973 3287 ZpDP;
998 3255 1133 3280 visibiliter
1154 3254 1246 3280 ceteri.

523 3289 556 3315 38
576 3289 641 3323 eius]
661 3290 687 3314 in
707 3290 762 3315 eius
782 3298 808 3314 α.

1414 769 1709 817 praeteritorum
1746 771 1963 821 signorum:
2002 782 2044 811 ut
2080 787 2125 812 ea
2161 777 2318 814 ulterius
2355 778 2478 817 iterari

1415 833 1572 860 necesse
1600 835 1681 861 non
1718 824 1774 872 sit,
1809 837 1900 863 cum
1933 826 1973 863 in
2005 839 2077 865 suo
2106 829 2244 866 effectu
2272 841 2479 880 appareant

1415 874 1623 914 evidenter.
1653 878 1764 915 Esset
1792 879 1896 916 enim
1920 880 2103 918 omnibus
2131 881 2246 930 signis
2270 884 2479 922 mirabilius

1415 927 1446 965 si
1474 929 1523 965 ad
1551 930 1789 969 credendum
1825 940 1904 969 tam
1933 934 2065 981 ardua,
2090 941 2127 971 et
2154 935 2203 972 ad
2237 938 2479 985 operandum

1382 993 1391 1014 s
1414 989 1495 1019 tam
1514 982 1694 1030 difficilia,
1714 992 1751 1022 et
1770 985 1819 1022 ad
1838 987 2076 1036 sperandum
2103 994 2183 1025 tam
2202 990 2287 1035 alta,
2307 991 2479 1028 mundus

1415 1035 1563 1085 absque
1591 1036 1830 1076 mirabilibus
1859 1039 1974 1088 signis
2002 1040 2183 1078 inductus
2201 1041 2331 1080 fuisset
2349 1055 2372 1080 a
2391 1043 2479 1080 sim-

1414 1088 1580 1138 plicibus
1608 1098 1644 1126 et
1672 1089 1903 1139 ignobilibus
1922 1093 2158 1131 hominibus.
2189 1095 2380 1142 Quamvis
2399 1109 2480 1136 non

1415 1150 1537 1179 cesset
1573 1143 1680 1180 Deus
1709 1144 1824 1182 etiam
1856 1147 1994 1184 nostris
2026 1147 2278 1197 temporibus,
2308 1150 2357 1188 ad
2389 1161 2479 1189 con-

1414 1194 1675 1255 firmationem
1718 1197 1831 1246 fidei,
1870 1211 1940 1249 per
1976 1209 2127 1238 sanctos
2164 1214 2256 1239 suos
2297 1202 2480 1241 miracula

1375 1261 1400 1276 ¹⁰
1415 1261 1579 1299 operari.

1467 1301 1519 1340 Hi
1537 1314 1632 1340 vero
1652 1302 1719 1352 qui
1739 1312 1859 1341 sectas
1886 1317 2063 1344 errorum
2081 1306 2375 1345 introduxerunt
2391 1321 2479 1358 pro-

1413 1363 1611 1393 cesserunt
1638 1356 1702 1394 via
1730 1358 1936 1395 contraria:
1966 1367 2009 1396 ut
2035 1367 2138 1408 patet
2165 1360 2205 1398 in
2236 1362 2478 1410 Mahumeto,

1413 1409 1482 1459 qui
1509 1410 1724 1447 carnalium
1747 1412 1994 1460 voluptatum
2012 1413 2221 1461 promissis,
2242 1414 2291 1451 ad
2309 1427 2479 1464 quorum

1413 1462 1651 1500 desiderium
1688 1463 1849 1501 carnalis
1881 1465 2191 1515 concupiscentia
2225 1466 2382 1516 instigat,
2410 1481 2480 1518 po-

1373 1533 1397 1554 ις
1412 1518 1528 1567 pulo's
1555 1516 1682 1555 illexit.
1721 1517 1929 1568 Praecepta
1957 1518 2072 1556 etiam
2100 1518 2251 1556 tradidit
2283 1521 2480 1569 promissis

1413 1569 1640 1617 conformia,
1669 1570 1857 1620 voluptati
1885 1572 2026 1610 carnali
2048 1572 2219 1610 habenas
2238 1574 2421 1621 relaxans,
2441 1574 2480 1612 in

1413 1623 1558 1674 quibus
1585 1624 1626 1662 in
1653 1632 1841 1674 promptu
1868 1633 1924 1662 est
1952 1637 1974 1662 a
2009 1625 2226 1664 carnalibus
2258 1626 2481 1664 hominibus

1414 1676 1574 1715 obediri.
1613 1678 1861 1715 Documenta
1898 1677 2014 1716 etiam
2048 1678 2215 1716 veritatis
2251 1691 2332 1716 non
2364 1680 2483 1718 attulit

1413 1730 1486 1768 nisi
1505 1743 1607 1781 quae
1626 1731 1675 1768 de
1694 1731 1792 1768 facili
1811 1743 1834 1768 a
1853 1731 2026 1780 quolibet
2043 1731 2287 1770 mediocriter
2314 1732 2483 1782 sapiente

1372 1799 1400 1815 ω
1413 1783 1577 1822 naturali
1611 1783 1767 1834 ingenio
1804 1785 1986 1834 cognosci
2019 1785 2186 1835 possint:
2225 1785 2319 1835 quin
2355 1786 2483 1835 potius

1412 1850 1506 1876 vera
1533 1850 1635 1889 quae
1663 1837 1797 1877 docuit
1824 1838 1955 1876 multis
1974 1838 2111 1882 fabulis
2130 1847 2167 1876 et
2184 1839 2391 1876 falsissimis
2415 1840 2483 1878 do-

1413 1891 1542 1929 ctrinis
1570 1890 1792 1929 immiscuit.
1823 1891 1940 1940 Signa
1966 1892 2083 1930 etiam
2111 1905 2192 1930 non
2220 1892 2394 1930 adhibuit
2421 1906 2483 1931 su-

1412 1944 1705 1995 pernaturaliter
1739 1944 1849 1991 facta,
1879 1945 2022 1995 quibus
2051 1946 2141 1984 solis
2178 1945 2331 1984 divinae
2369 1946 2483 1997 inspi-

1412 1997 1550 2036 rationi
1579 1997 1818 2036 conveniens
1845 1998 2113 2036 testimonium
2141 1999 2357 2046 adhibetur,
2387 2001 2483 2038 dum

1371 2065 1395 2084 τε
1412 2051 1586 2101 operatio
1614 2051 1773 2090 visibilis
1801 2064 1903 2101 quae
1930 2064 2012 2089 non
2039 2059 2165 2102 potest
2201 2065 2284 2090 esse
2321 2053 2392 2090 nisi
2428 2053 2483 2090 di·

1411 2105 1515 2151 vina,
1531 2105 1698 2143 ostendit
1712 2105 1915 2143 doctorem
1928 2105 2096 2143 veritatis
2111 2105 2350 2143 invisibiliter
2367 2106 2483 2156 inspi-

1411 2166 1556 2196 ratum:
1577 2159 1645 2196 sed
1665 2157 1759 2196 dixit
1777 2171 1818 2196 se
1838 2158 1878 2196 in
1897 2171 2099 2196 armorum
2117 2159 2289 2209 potentia
2308 2159 2482 2205 missum,

1411 2224 1513 2262 quae
1542 2212 1651 2261 signa
1669 2211 1786 2249 etiam
1810 2211 2023 2250 latronibus
2051 2220 2087 2249 et
2114 2212 2285 2262 tyrannis
2313 2225 2393 2250 non
2421 2213 2483 2250 de-

1411 2274 1513 2303 sunt.
1539 2266 1586 2303 Ei
1606 2265 1720 2303 etiam
1751 2277 1832 2303 non
1861 2264 1979 2315 aliqui
2008 2266 2210 2315 sapientes,
2231 2266 2270 2303 in
2294 2267 2409 2303 rebus
2428 2266 2482 2303 di-

1371 2333 1397 2354 30
1411 2319 1511 2357 vinis
1546 2327 1583 2357 et
1611 2318 1796 2357 humanis
1824 2318 2028 2365 exercitati,
2050 2331 2072 2356 a
2094 2318 2285 2368 principio
2314 2319 2483 2356 credide-

1411 2380 1516 2411 runt:
1538 2373 1606 2410 sed
1626 2371 1806 2410 homines
1834 2371 2010 2410 bestiales
2030 2371 2069 2409 in
2098 2372 2256 2410 desertis
2275 2381 2480 2419 moranteS,

1411 2426 1542 2464 omnis
1569 2425 1768 2464 doctrinae
1786 2424 1941 2463 divinae
1961 2438 2120 2475 prorsus
2145 2425 2276 2474 ignari,
2297 2438 2366 2475 per
2388 2438 2481 2475 quo-

1411 2493 1501 2518 rum
1534 2479 1821 2517 multitudinem
1856 2478 1951 2517 alios
1988 2491 2189 2516 armorum
2226 2479 2406 2516 violentia
2443 2479 2481 2515 in

1411 2546 1524 2572 suam
1553 2535 1679 2582 legem
1707 2531 1842 2581 coegit.
1879 2533 1998 2569 Nulla
2025 2532 2141 2569 etiam
2169 2531 2298 2569 divina
2325 2533 2481 2569 oracula

1371 2586 1727 2637 „praecedentium
1754 2586 2034 2636 prophetarum
2055 2585 2089 2622 ei
2114 2584 2378 2622 testimonium
2396 2597 2480 2634 per-

1410 2641 1562 2679 hibent:
1584 2639 1679 2690 quin
1698 2638 1828 2689 potius
1847 2638 1958 2688 quasi
1981 2637 2113 2676 omnia
2140 2637 2286 2675 Veteris
2314 2646 2351 2674 et
2375 2637 2479 2675 Novi

1410 2692 1652 2732 Testamenti
1671 2693 1908 2730 documenta
1922 2691 2095 2729 fabulosa
2113 2691 2329 2728 narratione
2344 2691 2478 2739 depra-

1409 2755 1487 2793 vat,
1517 2755 1560 2784 ut
1587 2754 1691 2796 patet
1718 2745 1802 2783 eius
1820 2747 1945 2794 legem
1968 2743 2193 2794 inspicienti.
2223 2744 2334 2781 Unde
2353 2751 2477 2780 astuto

1409 2801 1572 2838 consilio
1601 2799 1719 2837 libros
1751 2799 1900 2836 Veteris
1933 2806 1968 2835 et
1996 2797 2101 2835 Novi
2129 2796 2366 2834 Testamenti
2398 2796 2476 2832 suis

1368 2871 1396 2891 ⁴0
1410 2853 1644 2904 sequacibus
1663 2865 1744 2890 non
1764 2852 1917 2902 reliquit
1939 2851 2133 2900 legendos,
2153 2862 2202 2886 ne
2230 2862 2300 2899 per
2327 2861 2392 2886 eos
2411 2849 2476 2885 fal-

1409 2907 1528 2945 sitatis
1565 2913 1800 2956 argueretur.
1831 2907 1880 2943 Et
1908 2904 1961 2942 sic
1988 2911 2091 2954 patet
2118 2903 2225 2953 quod
2259 2902 2341 2940 eius
2368 2901 2475 2939 dictis

1408 2961 1531 2998 fidem
1559 2959 1787 2998 adhibentes
1815 2958 1948 2996 leviter
1975 2958 2147 2995 credunt.

1210 3083 1242 3101 22
1262 3074 1468 3109 innumerabilis]
1488 3074 1720 3100 immurmurabilis
1734 3081 1759 3103 α,
1772 3078 1799 3097 et
1813 3071 1936 3096 mirabilis
1950 3071 1978 3102 F,
1994 3070 2154 3095 immitabilis
2168 3070 2210 3094 vel
2222 3068 2371 3093 innui-abilis
2383 3068 2418 3098 E;
2437 3068 2473 3100 pZ

1358 3111 1387 3137 31
1404 3119 1419 3136 a
1431 3110 1501 3144 casu]
1521 3118 1584 3136 casu
1604 3110 1673 3135 GPc.

1006 3155 1042 3180 4⁰
1061 3147 1295 3182 distributionibus]
1315 3147 1518 3172 districtionibus
1532 3155 1559 3177 α,
1572 3143 1777 3170 distinctionibus
1797 3143 1850 3168 BF.

1274 3191 1293 3215 4
1311 3183 1344 3208 ad
1361 3181 1534 3215 operandum]
1554 3181 1717 3214 operandum
1737 3179 1784 3204 αΖ.

1098 3227 1112 3244 a
1131 3219 1278 3244 carnalibus
1297 3226 1341 3244 om
1360 3219 1456 3251 BHpF,
1475 3218 1501 3242 in
1520 3217 1666 3242 carnalibus
1686 3215 1715 3245 C,
1736 3214 1880 3240 carnalibus
1899 3214 1923 3238 b.

1338 3253 1371 3279 28
1390 3253 1477 3287 etiam]
1507 3254 1533 3277 in
1559 3261 1589 3282 α,
1610 3258 1635 3277 et
1660 3251 1816 3277 EGNWYb.

1756 3108 1803 3133 sed
1822 3115 1852 3132 ex
1871 3114 1936 3132 rasa
1954 3106 2005 3138 pG,
2017 3106 2063 3130 sed
2076 3113 2090 3130 a
2103 3105 2133 3136 E,
2146 3105 2192 3129 sed
2211 3104 2289 3129 WPc.
2369 3103 2400 3136 37
2415 3110 2473 3128 cum

1933 3149 1966 3174 4²
1987 3140 2035 3174 est]
2055 3146 2095 3165 est
2113 3140 2145 3164 ad
2163 3140 2218 3170 BH,
2238 3145 2278 3164 est
2295 3139 2327 3163 ad
2347 3138 2426 3163 fidem
2445 3138 2473 3163 F.

1875 3185 1904 3203 ιι
1928 3175 2021 3209 sectas]
2041 3176 2118 3200 sectis
2132 3183 2155 3204 α,
2171 3174 2276 3199 secretis
2296 3174 2325 3198 C.
2413 3181 2473 3206 pro-

2011 3218 2039 3236 21
2062 3211 2150 3235 multis
2169 3218 2211 3234 om
2232 3218 2256 3234 α.
2348 3208 2378 3233 23
2399 3207 2471 3242 solis]

1910 3248 1942 3273 30
1967 3253 1992 3272 et
2017 3245 2146 3279 humanis]
2171 3251 2196 3270 et
2221 3245 2253 3269 de
2271 3244 2362 3268 divinis
2381 3248 2407 3268 et
2425 3243 2472 3268 hu-

1040 3377 1378 3410 Ootnmentam
1407 3375 1718 3409 Fen-ariensis

332 3488 479 3509 osseum
491 3475 715 3509 determinavit
730 3474 866 3506 Sanctus
879 3475 1026 3505 Thomas
1043 3474 1083 3505 de
1098 3474 1201 3505 modo
1225 3483 1348 3514 cogno-

279 3489 469 3554 Pscendae
480 3521 621 3554 veritatis
637 3519 763 3550 divinae
779 3526 939 3561 quantum
956 3525 1004 3550 est
1019 3529 1058 3550 ex
1077 3524 1168 3559 parte
1191 3518 1348 3554 docenus

274 3576 363 3598 nunc
386 3567 426 3598 de
450 3567 568 3598 eodem
591 3570 751 3605 quantum
782 3570 829 3595 est
853 3574 892 3595 ex
915 3569 1005 3605 parte
1029 3563 1221 3594 addiscentis
1245 3563 1349 3593 deter-

273 3612 376 3642 minat
386 3613 413 3641 “.
438 3611 480 3642 Et
502 3612 597 3652 ponit
620 3609 704 3639 hanc
732 3609 993 3640 conclusionem:
1023 3608 1158 3639 Veritati
1185 3607 1239 3638 cui
1262 3608 1348 3637 ratio

273 3656 418 3687 humana
442 3656 697 3696 experimentum
721 3663 787 3684 non
804 3654 942 3694 praebet
953 3653 1057 3695 fidem
1074 3652 1260 3683 adhibentes
1283 3661 1348 3682 non

408 3719 502 3743 Sum
522 3718 633 3742 Coum
655 3716 789 3740 Gl-:N'rlLEs
809 3715 840 3740 D.
859 3715 976 3740 Taomm
995 3714 1067 3739 Tou.
1088 3714 1108 3739 I.

1405 3474 1519 3504 leviter
1534 3472 1679 3503 credunt.
1696 3470 1816 3505 Primo,
1829 3466 2015 3507 simpliciter
2029 3464 2195 3504 probatur3
2209 3462 2363 3499 secundo,
2381 3472 2470 3493 com-

1403 3518 1545 3558 parative
1569 3515 1609 3546 ad
1633 3513 1811 3545 Mahumeti
1834 3512 1939 3551 legem
1955 3511 1980 3539 ’ἱ
2161 3551 2167 3557 .
2193 3551 2199 3557 ι
2422 3552 2428 3557 .

1460 3562 1482 3592 I.
1500 3561 1606 3591 Prima
1622 3568 1698 3599 ergo
1715 3558 1795 3588 ratio
1820 3562 1867 3586 est
1890 3557 1956 3585 ista.
1982 3551 2121 3582 Credere
2137 3550 2263 3581 d1v1nae
2288 3550 2469 3591 Sapientlae

1403 3605 1557 3636 revelanti
1580 3613 1648 3634 non
1673 3608 1719 3633 est
1742 3601 1890 3632 levitatis:
1907 3599 2008 3628 immo
2024 3594 2222 3636 prudentiae.
2248 3594 2311 3626 Sed
2334 3595 2414 3625 haec
2429 3595 2469 3625 de

1405 3651 1523 3691 quibus
1546 3649 1721 3688 loquimur,
1746 3645 1851 3675 divina
1867 3641 2028 3682 Sapientia
2050 3639 2209 3670 revelavit.
2234 3639 2320 3679 Ergo
2335 3649 2402 3669 non
2423 3644 2470 3669 est

2310 3700 2323 3725 3

2498 3504 2507 3513 '
2522 3502 2593 3524 Num.
2611 3508 2638 3524 ιι.
