2768 4134
23 1156 238 1208 :aaa-,svis

115 1200 123 1213 ‚
230 1195 238 1201 .

23 1213 87 1234 unt.

23 1239 160 1294 ἷξραῃς
166 1237 237 1260 ..Ἧι

25 1514 180 1537 ·ᾱ.ιι.πι.

25 1565 35 1575 ·
43 1563 69 1587 S.
76 1562 123 1586 Th.
130 1563 146 1586 1.
151 1568 174 1591 73
184 1561 238 1588 Did.

25 1589 66 1629 xl,
77 1596 123 1630 vu.¹

27 2549 38 2560 '
67 2547 104 2571 (Υ.
132 2547 144 2570 1
170 2547 242 2574 Part„

27 2581 101 2626 ‘0²:1¹ae
144 2574 244 2629 ἓῖἒίξῗ

32 3224 43 3235 '
57 3223 94 3246 Cf.
116 3229 139 3245 n.
161 3228 247 3251 praec„

33 3249 138 3287 Quarto.

33 3303 154 3353 ῗΐᾶῗὸῑ

848 270 1037 307 SUMMA
1067 270 1289 309 CONTRA
1317 271 1594 321 GENTILES,
1626 274 1737 312 CAP.
1759 275 1892 312 XLIV.

265 348 306 380 ad
321 349 480 381 iudicium
497 358 565 390 quo
581 349 761 390 applicatur
776 349 923 389 potentia
939 350 1061 380 motiva
1080 350 1121 381 ad
1136 356 1276 382 motum.
1294 351 1342 382 Si-

263 394 383 426 militer
406 394 491 425 actio
515 394 617 435 ipsius
640 394 727 425 bruti
748 399 856 434 potest
880 399 911 424 et
934 394 1114 425 secundum
1138 405 1171 426 se
1195 395 1343 428 conside·

265 439 341 476 rari;
366 445 398 470 et
420 439 455 470 in
479 438 594 472 ordine
617 438 658 469 ad
676 438 836 470 iudicium
860 448 878 468 a
902 448 970 479 quo
993 440 1153 480 provenit.
1178 440 1212 471 Si
1235 441 1343 481 primo

264 483 368 515 modo
392 483 615 515 consideretur
630 484 777 524 potentia
800 484 923 514 motiva
939 490 970 514 et
986 485 1071 515 actio
1090 486 1185 521 bruti,
1210 486 1255 516 sic
1274 494 1344 516 non

265 529 368 569 magis
391 528 646 560 determinantur
669 528 709 559 ad
731 538 836 559 unum
861 538 960 569 quarn
983 528 1023 560 ad
1046 529 1192 561 alterum.
1218 530 1254 561 In
1274 539 1343 571 quo

266 584 285 605 a
299 574 397 604 rebus
411 573 612 605 naturalibus
627 572 789 610 differunt,
806 583 890 614 quae
910 574 1031 605 habent
1046 573 1166 605 formas
1182 575 1223 606 ad
1238 584 1344 606 unum

266 619 504 654 determinatas,
522 623 554 648 et
574 617 662 648 idem
686 627 814 658 semper
828 624 958 659 agentes
982 619 1162 650 secundum
1179 629 1222 651 se.
1239 620 1281 650 Et
1303 619 1344 650 ad

265 664 354 695 hunc
381 672 514 695 sensum
543 662 693 703 intelligit
714 662 944 704 Philosophus,
969 669 1001 694 et
1024 663 1160 695 Sanctus
1187 664 1342 701 Thomas,

266 708 378 739 omnia
393 717 478 748 quae
494 708 600 748 seipsa
617 713 752 739 movent
767 708 885 739 habere
901 709 935 739 in
951 709 1063 750 seipsis
1078 710 1204 740 moveri
1228 714 1260 740 et
1274 718 1343 740 non

265 752 402 785 moveri.
419 770 443 775 —-
458 751 492 783 Si
508 757 618 783 autem
641 752 787 783 secundo
810 752 913 784 modo
929 754 1184 790 considerentur,
1202 754 1248 784 sic
1269 759 1344 784 sunt

266 797 478 828 determinata
493 796 534 828 ad
549 806 669 828 unum:
689 798 766 838 quia
782 803 814 828 et
831 807 959 839 semper
974 798 1132 830 iudicium
1150 804 1342 839 sequuntur,

266 848 298 874 et
315 842 425 883 ipsum
447 841 607 873 iudicium
628 847 675 872 est
691 843 768 883 ipsis
791 852 810 873 a
830 849 945 874 natura
967 843 1235 880 determinatum3
1260 844 1343 874 sicut

265 887 336 918 ovis
358 886 473 919 videns
496 887 613 928 lupum
635 887 822 919 naturaliter
842 887 963 918 iudicat
986 897 1055 918 esse
1078 887 1281 928 fugiendum.
1301 888 1343 919 Et

265 932 312 964 sic
334 941 404 963 non
419 937 467 963 est
490 932 524 963 in
540 932 618 972 ipsis
633 933 758 963 moveri
775 937 807 963 et
821 941 890 963 non
905 933 1044 963 moveri:
1061 932 1118 963 sed
1133 933 1198 963 hoc
1216 938 1343 964 tantum

264 977 412 1007 habentis
435 977 594 1008 rationem
618 982 675 1013 est,
701 977 754 1008 cui
777 986 844 1008 non
862 982 911 1008 est
928 976 1087 1008 iudicium
1111 988 1129 1007 a
1152 983 1264 1008 natura
1288 977 1343 1009 de-

265 1021 486 1052 terminatum.
1223 1041 1226 1043 Δ

321 1066 373 1097 111.
397 1066 493 1098 Circa
515 1066 611 1097 istam
633 1065 906 1106 propositionem,
930 1067 1089 1107 Appetens
1111 1072 1143 1097 et
1166 1067 1343 1107 apprehen-

265 1111 344 1142 dens
367 1116 415 1142 est
437 1120 570 1143 movens
585 1115 719 1146 motum,
736 1110 907 1150 appetibile
924 1116 1033 1141 autem
1057 1116 1104 1142 est
1127 1121 1257 1142 movens
1277 1121 1342 1142 non

266 1161 400 1194 motum,
418 1156 548 1188 adverte
564 1154 656 1196 quod
676 1154 810 1195 quidam
821 1155 838 1171 ⁴*
854 1155 1100 1186 Thomistarum
1126 1162 1238 1187 tenent
1259 1156 1344 1187 hanc

265 1201 539 1243 propositionem,
552 1208 637 1240 quae
653 1204 701 1229 est
712 1199 905 1236 Aristotelis,
922 1200 963 1231 111
980 1200 1019 1231 de
1035 1201 1153 1231 Anima
1165 1202 1193 1237 ἢ
1209 1201 1344 1241 intelligi

265 1246 308 1278 de
329 1250 487 1282 movente
506 1254 566 1286 per
580 1242 719 1275 modum
743 1253 859 1275 causae
878 1244 1059 1282 efficientis;
1076 1245 1222 1276 volentes
1245 1255 1344 1286 appe-

265 1290 355 1322 tibile
370 1298 564 1327 concurrere
579 1288 621 1320 ad
635 1294 744 1319 actum
761 1290 923 1329 appetitus
939 1299 996 1330 per
1012 1289 1150 1321 modum
1166 1289 1343 1327 efficientis,

247 1333 419 1371 -formalis‚
445 1339 477 1366 et
502 1334 635 1373 rationis
659 1333 784 1374 agendi,
815 1340 975 1374 quantum
998 1335 1039 1366 ad
1067 1334 1344 1376 specificationem

265 1385 369 1417 actm,
385 1389 455 1411 non
470 1383 580 1417 autem
597 1384 757 1419 quantum
780 1378 821 1410 ad
837 1380 1036 1416 exercitium,
1053 1385 1216 1420 separatae
1235 1385 1345 1411 tamen

265 1423 448 1457 secundum
473 1433 543 1454 rem
570 1424 610 1454 ab
637 1424 710 1464 ipso
742 1424 903 1464 appetitu3
926 1434 996 1455 non
1023 1430 1132 1455 autem
1156 1425 1265 1455 solum
1287 1434 1345 1465 per

265 1469 406 1505 modum
428 1478 544 1501 causae
567 1467 683 1499 finalis.

321 1514 466 1546 Probant
478 1519 588 1545 autem
599 1514 664 1544 hoc
672 1513 783 1553 primo
796 1514 824 1549 *,
837 1513 914 1553 quia
925 1513 1016 1545 aliter
1028 1513 1217 1544 Aristoteles
1233 1514 1345 1554 aequi-

265 1564 414 1590 vocasset
428 1558 469 1589 de
492 1564 657 1594 movente,
674 1557 716 1587 111
733 1557 772 1588 de
787 1558 906 1588 Anima
927 1563 959 1588 et
977 1557 1035 1588 XII
1052 1558 1198 1598 Metaph.
1214 1559 1242 1594 *‚
1259 1558 1345 1590 ordi—

265 1613 343 1638 nem
358 1604 564 1636 moventium
574 1602 734 1634 reducens
746 1602 787 1632 ad
798 1612 903 1634 unum
918 1607 1108 1634 moventem
1120 1612 1189 1634 non
1204 1608 1344 1639 motum,

265 1649 389 1686 scilicet
403 1648 589 1690 appetibile.
613 1647 709 1684 Nam,
725 1656 803 1678 cum
818 1647 1000 1678 intenderet
1015 1647 1169 1678 reducere
1185 1647 1226 1678 ad
1241 1657 1346 1679 unum

265 1703 404 1735 movens
428 1692 586 1730 effective,
617 1693 643 1724 si
666 1692 841 1733 appetibile
865 1698 948 1724 esset
970 1702 1108 1723 movens
1131 1698 1258 1723 tanturn
1289 1702 1346 1733 per

265 1737 406 1773 modum
428 1737 512 1775 finis,
537 1737 629 1769 fieret
651 1737 803 1768 transitus
826 1746 845 1767 a
867 1736 934 1768 fine
956 1737 997 1768 ad
1020 1736 1224 1769 efficientem.

323 1783 486 1821 Secundo,
519 1783 596 1824 quia
626 1783 797 1818 Averroes,
824 1781 882 1813 XII
907 1783 1063 1823 Metaph.,
1089 1792 1241 1814 commen
1258 1806 1266 1815 .
1292 1781 1345 1819 36,

265 1829 374 1871 inquit
395 1827 487 1870 quod
510 1827 685 1869 appetibile
707 1831 821 1858 movet
835 1827 1018 1868 appetitum
1038 1828 1072 1859 in
1088 1826 1211 1868 duplici
1227 1837 1248 1868 g
1292 1836 1346 1858 ere

266 1883 397 1909 causae:
414 1873 538 1905 scilicet
552 1871 710 1908 effective,
723 1871 906 1903 secundum
917 1872 1010 1913 quod
1026 1877 1074 1903 est
1089 1873 1345 1913 apprehensum3

267 1924 300 1952 et
321 1918 470 1956 finaliter,
495 1916 677 1957 secundum
700 1917 792 1958 quod
816 1922 863 1947 est
887 1923 974 1948 extra
997 1918 1150 1948 animam.

327 1963 448 1996 Tertio.
474 1962 562 1995 Cum
577 1962 611 1993 in
627 1962 829 2002 appetitione
844 1961 912 1993 duo
928 1962 1001 1999 sint,
1019 1962 1207 1994 exercitium
1223 1961 1345 1992 scilicet

268 2009 338 2041 eius
361 2014 394 2040 et
416 2007 627 2049 specificatio,
644 2012 775 2047 oportet
797 2007 900 2047 ipsius
922 2005 1183 2048 specificationis,
1207 2007 1291 2038 sicut
1314 2011 1346 2036 et

267 2053 421 2090 exercitii,
437 2052 513 2084 dare
527 2052 673 2092 aliquam
688 2061 820 2083 causam
836 2050 1028 2084 effectivam.
1045 2052 1136 2083 Haec
1151 2056 1261 2082 autem
1277 2060 1345 2082 non

266 2104 376 2141 potest
399 2107 469 2130 esse
485 2097 554 2129 sola
573 2097 738 2129 voluntas:
755 2097 832 2137 quia
847 2097 894 2127 sic
910 2106 1025 2128 omnes
1041 2097 1110 2127 eius
1133 2102 1224 2127 actus
1240 2101 1346 2127 essent

269 2143 416 2176 eiusdem
438 2143 570 2184 speciei,
592 2143 676 2173 sicut
699 2151 814 2172 omnes
837 2142 982 2173 actiones
1005 2151 1023 2172 a
1047 2141 1163 2172 calore.
1179 2141 1267 2181 Ergo
1288 2140 1347 2171 erit

267 2190 378 2231 ipsum
401 2188 579 2224 obiectum,
604 2186 696 2228 quod
719 2192 767 2217 est
789 2186 974 2227 appetibile.

328 2233 468 2271 Quarto,
497 2232 574 2274 quia
605 2237 684 2263 tunc
715 2231 866 2262 voluntas
895 2241 965 2262 non
992 2237 1074 2262 esset
1100 2231 1247 2272 potentia
1274 2239 1347 2270 pas-

268 2280 352 2311 siva:
370 2279 464 2310 cuius
487 2277 680 2318 oppositum
695 2282 785 2308 tenet
798 2276 936 2308 Sanctus
952 2276 1098 2307 Thomas
1113 2275 1220 2306 Prima
1243 2275 1346 2311 Parte,

269 2334 302 2366 q.
309 2334 402 2361 ιω,
412 2333 441 2356 a.
453 2333 482 2354 2.
499 2323 550 2354 De
565 2323 691 2353 ratione
707 2322 795 2352 enim
810 2322 976 2362 potentiae
991 2321 1136 2362 passivae
1149 2326 1196 2351 est
1207 2325 1244 2351 ut
1256 2330 1274 2350 a
1285 2329 1346 2350 suo

269 2369 401 2401 obiecto
418 2367 564 2399 effective
580 2372 763 2398 moveatur:
787 2373 824 2397 ut
839 2372 927 2408 patet
944 2366 1053 2403 Ver-it„
1067 2375 1098 2406 q.
1111 2375 1174 2402 xv1‚
1192 2373 1219 2402 1,
1236 2364 1276 2396 ad
1296 2364 1346 2396 13.

329 2413 463 2451 Quinto.
487 2412 700 2444 Subsistentia
723 2411 874 2443 adiuncta
897 2411 994 2442 alicui
1018 2420 1133 2442 causae
1156 2420 1225 2441 non
1248 2410 1347 2440 variat

270 2459 491 2492 causalitatem
513 2457 599 2489 illius
622 2457 663 2488 de
686 2466 754 2488 uno
778 2466 897 2498 genere
924 2455 1077 2487 causandi
1104 2455 1138 2486 in
1161 2454 1258 2486 aliud.
1284 2454 1348 2486 Sed

270 2505 417 2536 Verbum
440 2503 617 2535 subsistens
644 2507 755 2533 causat
783 2511 842 2543 per
870 2501 1009 2532 modum
1041 2500 1208 2532 efficientis
1237 2500 1347 2541 ipsum

270 2550 440 2585 Amorem,
465 2554 500 2579 ut
520 2547 589 2579 vult
609 2546 746 2578 Sanctus
762 2547 952 2578 Thomas‘:
968 2547 1072 2577 immo
1093 2551 1125 2577 et
1148 2544 1239 2576 fides.
1259 2545 1346 2586 Ergo

272 2600 304 2628 et
326 2595 463 2626 verbum
479 2592 586 2624 cordis
599 2593 703 2623 nostri
717 2602 786 2623 non
802 2592 988 2624 subsistens.
1005 2590 1069 2623 Sed
1091 2591 1227 2621 verbum
1242 2590 1348 2621 cordis

271 2639 354 2671 nihil
376 2637 464 2670 aliud
487 2643 535 2669 est
554 2646 654 2678 quam
677 2637 844 2668 obiectum
867 2637 1117 2677 apprehensum.
1134 2635 1222 2676 Ergo
1241 2640 1302 2666 etc.

329 2684 440 2715 Sexto.
465 2682 499 2714 Si
522 2682 586 2713 hoc
609 2691 678 2712 non
702 2688 795 2718 esset,
813 2681 870 2713 sed
893 2681 1074 2713 diceremus
1094 2681 1275 2721 appetitum
1298 2689 1347 2710 se-

271 2730 382 2771 ipsum
396 2737 530 2759 movere
546 2727 587 2758 ad
602 2727 818 2768 praesentiam
832 2726 1025 2767 appetibilis,
1041 2726 1131 2757 nulla
1153 2725 1212 2756 erit
1235 2724 1348 2755 efficax

271 2775 324 2806 via
346 2773 388 2805 ad
409 2771 616 2814 probandum
640 2771 763 2811 aliquid
786 2772 852 2812 pati
876 2772 916 2802 ab
932 2771 1006 2803 alio.
1031 2770 1185 2801 Dicemus
1203 2769 1291 2800 enim
1307 2768 1347 2799 de

271 2819 439 2851 intellectu
462 2822 611 2858 respectu
637 2815 857 2856 intelligibilis,
881 2815 921 2846 de
950 2825 1047 2846 sensu
1069 2820 1218 2855 respectu
1247 2814 1347 2844 sensi-

271 2865 355 2902 bilis,
371 2869 403 2894 et
426 2863 467 2895 de
488 2862 579 2902 ligno
595 2866 744 2901 respectu
765 2861 997 2897 comburentis,
1014 2859 1105 2900 quod
1127 2869 1196 2890 non
1219 2859 1348 2898 patiun-

271 2916 335 2946 tur,
359 2908 417 2940 sed
439 2906 532 2948 quod
554 2905 595 2937 ad
617 2905 832 2947 praesentiam
854 2905 986 2936 illorum
1009 2904 1113 2944 seipsa
1135 2908 1279 2934 movent.

326 2953 392 2984 Alii
414 2957 527 2984 tenent
549 2950 723 2991 appetibile
742 2949 834 2980 nullo
855 2949 957 2980 modo
979 2958 1111 2980 movere
1131 2958 1188 2988 per
1209 2946 1347 2978 modum

274 2998 451 3034 efficientis,
469 3002 524 3027 aut
539 2995 647 3026 totalis
663 3000 718 3025 aut
740 2994 891 3034 partialis,
908 2993 965 3024 sed
987 2998 1113 3024 tantum
1133 3002 1191 3033 per
1210 2991 1348 3023 modum

274 3052 391 3075 causae
413 3041 533 3072 finalis:
550 3045 587 3071 ut
602 3044 691 3070 tenet
715 3038 906 3079 Capreolus,
923 3038 951 3068 ΙΙ
966 3037 1066 3074 Sent„
1091 3037 1122 3068 d.
1138 3047 1212 3067 xxrv
1228 3042 1260 3067 et
1275 3046 1346 3067 xxv.

330 3088 384 3119 lV.
408 3087 500 3118 Licet
523 3091 634 3116 autem
660 3089 797 3124 utraque
825 3083 939 3123 opinio
963 3083 1132 3113 sustentari
1155 3082 1267 3122 possit,
1291 3082 1348 3112 ha-

274 3134 414 3173 beatque
429 3137 567 3171 utraque
575 3129 779 3160 doctissimos
791 3126 993 3164 defensores;
1004 3132 1036 3158 et
1051 3132 1188 3167 utraque
1203 3125 1349 3158 videatur

275 3187 314 3209 ex
333 3177 438 3208 verbis
454 3176 563 3207 Sancti
578 3174 728 3205 Thomae
743 3173 863 3209 haberi,
879 3190 902 3195 —
917 3173 1022 3212 prima
1037 3181 1075 3202 ex
1091 3181 1132 3202 eo
1148 3170 1239 3212 quod
1254 3171 1349 3211 ponit

275 3223 458 3264 appetitum
481 3229 550 3251 esse
572 3219 754 3260 potentiam
769 3218 928 3258 passivam
940 3217 972 3246 ἐ
997 3216 1140 3247 secunda
1155 3225 1231 3247 vero
1252 3225 1291 3246 ex
1307 3225 1347 3246 eo

276 3267 368 3308 quod
379 3267 414 3298 in
425 3266 533 3297 Prima
543 3265 647 3300 Parte,
661 3273 692 3304 q.
705 3272 810 3298 Lxxxn
821 3263 848 3299 ἦ
862 3267 894 3292 et
905 3261 1012 3292 Prima
1024 3260 1203 3297 Secundae,
1218 3269 1249 3300 q.
1262 3261 1347 3296 rx'ffi,

276 3318 309 3343 et
336 3311 447 3348 Verit„
464 3320 496 3351 q.
512 3319 577 3342 xxn
588 3310 616 3346 ³,
641 3314 672 3339 et
695 3308 828 3348 ubique,
852 3312 963 3337 tenere
985 3305 1111 3336 videtur
1132 3304 1226 3345 quod
1249 3314 1349 3345 appe-

275 3356 366 3388 tibile
378 3361 410 3387 et
425 3355 628 3387 intellectum
643 3358 755 3384 movet
770 3361 828 3393 per
839 3351 977 3382 modum
989 3349 1075 3386 finis;
1091 3350 1251 3391 ponitque
1266 3350 1349 3380 inter

275 3401 478 3432 intellectum
494 3405 526 3431 et
541 3399 744 3430 voluntatem
762 3397 925 3428 diversum
947 3394 1085 3426 modum
1107 3395 1274 3431 motionis,
1290 3404 1349 3425 vo—

275 3446 346 3477 lens
369 3445 571 3476 intellectum
586 3452 719 3474 movere
734 3442 935 3472 voluntatem
952 3440 1117 3471 dumtaxat
1131 3449 1189 3480 per
1211 3438 1349 3470 modum

277 3490 361 3527 finis,
378 3489 458 3521 dum
476 3489 523 3520 illi
546 3487 722 3529 appetibile
738 3486 904 3528 proponit,
921 3486 1121 3516 voluntatem
1145 3489 1254 3514 autem
1276 3493 1350 3514 mo-

277 3544 352 3566 vere
374 3534 576 3565 intellectum
599 3542 658 3573 per
686 3531 824 3563 modum
847 3529 1038 3561 efficientis:
1054 3546 1078 3552 —
1091 3527 1218 3559 videtur
1240 3533 1349 3559 tamen

276 3577 359 3612 mihi
379 3578 488 3611 media
510 3579 562 3610 via
583 3576 802 3608 incedendum
826 3585 904 3606 esse.

332 3623 417 3655 Nam
439 3623 625 3664 appetibile,
650 3623 716 3652 sive
739 3620 823 3657 finis,
848 3620 1018 3661 dupliciter
1041 3617 1220 3658 comparari
1242 3621 1351 3657 potest

278 3667 319 3699 ad
337 3668 552 3700 voluntatem:
577 3676 646 3698 uno
669 3665 782 3702 modo,
802 3670 951 3706 respectu
972 3664 1059 3695 illius
1081 3668 1170 3693 actus
1194 3670 1262 3702 quo
1280 3661 1350 3692 vult

2401 279 2468 316 131

1398 351 1513 389 finem;
1538 352 1602 383 alio
1625 352 1739 390 modo,
1757 359 1905 394 respectu
1925 354 2011 385 illius
2032 361 2121 386 actus
2145 366 2212 397 quo
2237 357 2306 389 vult
2329 368 2366 391 ea
2389 369 2473 400 quae

1398 395 1589 427 ordinantur
1612 397 1653 428 ad
1675 396 1786 428 finem.
1811 398 1896 429 Dico
1920 399 2016 439 igitur
2039 400 2123 431 duo:

1454 441 1600 472 Primum
1624 447 1672 472 est
1696 442 1796 482 quod,
1821 443 1847 472 si
1871 442 1944 474 finis
1970 451 2178 486 comparetur
2207 446 2248 477 ad
2271 437 2472 480 voluntatem

1397 492 1547 526 respectu
1562 486 1648 516 illius
1665 492 1755 517 actus
1771 496 1839 527 quo
1854 488 1924 518 vult
1939 487 2049 526 finem,
2062 499 2130 521 non
2145 496 2256 522 movet
2271 493 2472 525 voluntatem

1399 529 1545 561 effective
1569 531 1710 571 proprie,
1735 537 1890 571 tanquam
1914 532 2063 564 videlicet
2087 534 2190 566 forma
2214 545 2298 576 quae
2321 538 2361 568 sit
2382 539 2471 580 prin-

1398 575 1522 615 cipium
1539 575 1716 606 elicitivum
1732 576 1913 607 volitionis:
1939 577 1995 608 sed
2010 585 2122 610 movet
2138 585 2263 612 tantum
2284 581 2470 621 formaliter,

1397 629 1456 660 per
1470 619 1609 650 modum
1625 619 1749 651 formae
1765 620 1980 661 specificantis
2003 625 2226 663 operationem
2246 632 2332 658 extra
2354 634 2471 669 poten-

1398 664 1476 695 tiam
1500 670 1691 705 operantem
1714 666 1888 698 existentis

1453 709 1603 740 Alterum
1627 715 1675 740 est
1697 709 1799 750 quod,
1823 711 1849 741 si
1873 709 1945 741 finis
1978 718 2184 752 comparetur
2207 714 2247 744 ad
2269 715 2469 750 voluntatem

1398 759 1548 794 respectu
1570 754 1735 785 volitionis
1753 764 1868 786 eorum
1892 765 1976 795 quae
1992 763 2067 787 sunt
2083 757 2122 787 ad
2145 757 2255 795 finem,
2272 759 2344 791 finis
2359 769 2470 794 movet

1398 798 1600 830 voluntatem
1615 809 1674 840 per
1696 799 1835 831 modum
1851 799 2028 838 efficientis,
2044 807 2199 842 tanquam
2220 805 2300 834 ratio
2317 806 2432 845 agendi
2441 809 2468 840 ὕ.

1454 843 1493 876 V.
1518 843 1571 874 Ad
1594 843 1789 875 evidentiam
1813 845 1909 886 primi
1933 844 2020 883 dicti,
2045 846 2214 878 sciendum
2238 849 2343 889 primo
2368 852 2468 890 quod,

1398 887 1473 918 licet
1496 888 1560 919 hoc
1577 888 1668 929 quod
1692 888 1830 920 dicimus
1846 899 1976 922 movere
1994 892 2126 931 proprie
2141 891 2228 932 apud
2240 902 2301 923 nos
2313 895 2470 934 significet

1398 938 1508 963 actum
1532 939 1564 964 et
1587 933 1806 965 causalitatem
1830 934 2008 972 efficientis,
2028 936 2104 976 quia
2128 936 2182 967 illa
2204 937 2404 970 manifestior
2423 947 2470 972 est

1398 977 1637 1009 causalitatibus
1660 979 1795 1010 aliarum
1819 989 2005 1016 causarum;
2023 986 2192 1012 extensum
2209 988 2316 1014 tamen
2336 989 2384 1015 est
2406 986 2469 1017 hoc

1398 1023 1596 1054 vocabulum
1608 1024 1705 1054 etiam
1720 1023 1761 1055 ad
1779 1024 2026 1065 significandum
2043 1026 2262 1058 causalitatem
2274 1026 2346 1059 finis
2359 1035 2390 1060 et
2405 1029 2470 1060 for-

1397 1076 1480 1099 mae.
1505 1067 1600 1099 Unde
1623 1067 1739 1100 dicitur
1762 1068 1834 1100 finis
1850 1070 2071 1110 metaphorice
2093 1080 2226 1103 movere
2249 1078 2281 1103 et
2303 1082 2361 1114 per
2383 1075 2470 1106 simi-

1397 1111 1580 1150 litudinem,
1604 1114 1690 1153 quia,
1707 1114 1790 1144 sicut
1806 1123 1904 1154 agens
1928 1114 2079 1146 effectum
2098 1115 2139 1147 acl
2154 1117 2203 1148 sui
2227 1117 2470 1150 similitudinem

1398 1157 1504 1193 trahit,
1528 1158 1571 1188 ita
1594 1158 1768 1198 appetibile
1791 1158 1832 1189 ad
1855 1169 1888 1190 se
1912 1160 2007 1190 trahit
2025 1160 2243 1192 voluntatem:
2268 1162 2344 1193 licet
2365 1164 2399 1194 in
2423 1164 2469 1195 ef-

1398 1200 1528 1232 ficiente
1560 1201 1641 1233 illud
1667 1203 1706 1233 sit
1738 1212 1796 1243 per
1828 1204 2076 1244 impressionem
2099 1205 2236 1237 alicuius
2264 1206 2387 1239 formae
2415 1214 2470 1240 aut

1398 1251 1526 1283 motus;
1550 1247 1584 1277 in
1608 1248 1775 1288 appetibili
1802 1253 1912 1279 autem
1944 1254 1975 1280 et
2005 1249 2070 1280 fine
2094 1260 2162 1281 non
2193 1251 2234 1281 sit
2255 1261 2313 1292 per
2336 1252 2470 1293 impres-

1399 1291 1526 1322 sionem
1550 1292 1685 1322 alicuius
1708 1292 1740 1322 in
1764 1293 1942 1330 voluntate,
1967 1293 2023 1324 sed
2045 1300 2172 1325 tantum
2198 1305 2256 1336 per
2279 1296 2468 1329 determina·

1399 1335 1524 1367 tionem
1541 1342 1572 1367 et
1588 1335 1863 1377 specificationem
1880 1344 1970 1368 actus
1985 1339 2085 1379 ipsius
2102 1340 2285 1377 voluntatis,
2302 1341 2381 1373 dum
2401 1343 2470 1384 ipse

1399 1385 1489 1411 actus
1512 1381 1687 1412 voluntatis
1717 1382 1760 1412 ita
1787 1383 1977 1413 terminatur
2008 1383 2048 1414 ad
2071 1384 2135 1415 hoc
2159 1386 2342 1425 appetibile,
2367 1397 2405 1418 ex
2429 1397 2469 1418 eo

1400 1425 1491 1465 quod
1514 1431 1562 1456 est
1585 1427 1835 1466 apprehensum,
1860 1427 1951 1468 quod
1980 1437 2053 1459 non·
2072 1429 2112 1459 ad
2135 1429 2231 1461 aliud.
2266 1430 2361 1462 Unde
2390 1432 2470 1463 nihil

1400 1475 1447 1500 est
1463 1470 1551 1501 aliud
1566 1471 1767 1501 voluntatem
1785 1482 1802 1502 a
1818 1471 1882 1503 fine
1898 1473 2033 1509 moveri,
2050 1479 2209 1513 quantum
2226 1475 2266 1505 ad
2280 1476 2381 1516 ipsius
2397 1476 2470 1508 finis

1400 1514 1603 1551 volitionem,
1627 1525 1727 1556 quam
1750 1517 1853 1556 ipsam
1876 1517 2023 1548 inclinari
2045 1518 2079 1548 in
2106 1517 2206 1550 finem
2230 1529 2267 1550 ex
2291 1522 2470 1561 apprehen-

1400 1559 1493 1590 sione
1517 1561 1618 1600 ipsius
1637 1560 1721 1592 finis.
1745 1561 1794 1591 Ex
1817 1570 1885 1602 quo
1905 1562 2001 1592 etiam
2021 1563 2166 1602 sequitur
2189 1563 2280 1604 quod
2302 1566 2471 1606 metapho-

1401 1604 1477 1641 rice,
1501 1604 1683 1635 secundum
1706 1605 1790 1636 hanc
1821 1605 2124 1642 considerationem,
2148 1608 2218 1648 ipsa
2246 1610 2391 1648 potentia
2413 1620 2471 1640 vo-

1401 1649 1532 1679 luntatis
1544 1649 1660 1680 dicitur
1676 1650 1811 1690 passiva,
1828 1656 1860 1681 et
1875 1650 1983 1690 ipsum
1999 1652 2173 1692 appetibile
2190 1653 2305 1684 dicitur
2320 1655 2471 1691 activum,

1400 1694 1639 1734 metaphorice:
1664 1700 1700 1725 ut
1723 1694 1776 1725 illa
1801 1694 1924 1725 dicatur
1951 1697 2086 1736 passiva,
2114 1697 2189 1736 quia
2217 1703 2264 1728 est
2290 1697 2473 1730 indifferens

1401 1738 1441 1769 ad
1465 1739 1530 1769 hoc
1553 1739 1605 1770 vel
1628 1738 1709 1770 illud
1724 1739 1901 1776 obiectum,
1919 1746 1950 1770 et
1973 1741 2012 1770 ab
2035 1741 2092 1771 illo
2116 1746 2223 1781 potest
2246 1742 2356 1783 aliquo
2372 1743 2473 1774 modo

1401 1784 1499 1820 trahi;
1525 1789 1556 1814 et
1578 1783 1659 1815 illud
1683 1785 1835 1821 activum,
1853 1785 1930 1825 quia
1944 1785 2146 1816 voluntatem
2162 1785 2202 1816 ad
2225 1796 2258 1817 se
2278 1788 2382 1825 trahit,
2404 1794 2473 1819 tan-

1402 1838 1501 1869 quam
1524 1829 1625 1869 ipsius
1650 1829 1814 1860 volitionis
1837 1829 1972 1860 formale
1997 1829 2261 1871 specificativum.

1459 1882 1488 1904 2.
1513 1873 1689 1905 Sciendum
1713 1874 1858 1905 secundo
1875 1874 1976 1915 quod,
1994 1885 2070 1906 curn
2094 1874 2166 1906 finis
2191 1881 2222 1906 et
2243 1877 2415 1917 appetibile
2434 1878 2474 1908 sit

1400 1918 1560 1949 voluntati
1583 1918 1664 1949 ratio
1688 1919 1854 1956 movendi,
1879 1920 1956 1960 quia
1978 1926 2026 1950 est
2048 1919 2129 1951 illud
2153 1921 2245 1951 cuius
2268 1931 2389 1959 amore,
2407 1923 2473 1953 sive

1399 1968 1534 2003 propter
1566 1962 1658 2004 quod
1686 1963 1837 1995 voluntas
1868 1965 1932 2005 agit
1963 1970 1995 1995 et
2025 1970 2151 2001 movet3
2182 1966 2341 1997 rationem
2365 1973 2473 1998 autem

1400 2006 1517 2048 agendi
1541 2013 1690 2048 oporteat
1720 2018 1790 2039 esse
1819 2009 1853 2039 in
1884 2014 2013 2049 agente:
2044 2018 2175 2040 necesse
2207 2015 2264 2046 est,
2292 2016 2329 2041 ut
2357 2011 2473 2043 dicitur

1406 2052 1514 2089 Ver-it„
1539 2053 1595 2083 ubi
1619 2061 1716 2093 supra
1727 2054 1754 2089 ἦ
1771 2052 1862 2094 quod
1884 2053 2055 2094 appetibile
2079 2054 2119 2085 sit
2141 2054 2175 2084 in
2198 2060 2380 2095 appetente,
2404 2066 2472 2087 non

1401 2096 1534 2137 quidem
1558 2097 1739 2128 secundum
1763 2107 1832 2128 esse
1862 2098 2016 2135 naturale,
2041 2098 2097 2129 sed
2127 2099 2307 2130 secundum
2331 2109 2400 2131 esse
2423 2101 2472 2131 in-

1400 2142 1592 2178 tentionale;
1608 2142 1652 2172 ita
1675 2142 1767 2182 quod
1790 2152 1859 2173 esse
1881 2143 2093 2174 intentionale
2117 2144 2156 2174 sit
2179 2144 2324 2176 conditio
2348 2144 2421 2176 finis
2436 2151 2473 2177 ut

1401 2192 1449 2218 est
1470 2186 1626 2218 movendi
1649 2187 1741 2223 ratio,
1766 2193 1798 2218 et
1821 2193 1857 2218 ut
1881 2193 1928 2218 est
1947 2187 2082 2221 formale
2106 2188 2360 2229 specificativum
2383 2195 2472 2221 actus

1401 2231 1584 2262 voluntatis.
1602 2231 1738 2272 Propter
1753 2231 1844 2272 quod
1860 2231 1975 2263 dicitur
1991 2232 2081 2273 quod
2097 2232 2170 2264 finis
2192 2239 2303 2264 movet
2324 2240 2472 2274 agentem

1401 2276 1577 2307 secundum
1601 2276 1688 2317 quod
1711 2282 1758 2307 est
1781 2277 1814 2306 in
1840 2277 2037 2308 intentione:
2061 2278 2137 2318 quia
2158 2277 2309 2310 videlicet
2332 2289 2401 2310 esse
2424 2280 2473 2310 in-

1401 2321 1578 2352 tentionale
1602 2322 1671 2352 eius
1688 2327 1735 2352 est
1751 2321 1896 2352 conditio
1913 2322 2014 2362 ipsius
2031 2323 2184 2363 requisita
2208 2323 2248 2354 ad
2263 2324 2327 2354 hoc
2350 2329 2387 2354 ut
2401 2333 2473 2354 mo-

1401 2372 1484 2403 veat,
1508 2372 1575 2396 tarn
1600 2365 1776 2397 formaliter
1791 2376 1891 2407 quam
1907 2368 1990 2398 sicut
2005 2367 2086 2398 ratio
2102 2367 2231 2407 agendi;
2255 2368 2339 2399 sicut
2354 2368 2394 2399 ad
2409 2369 2473 2399 hoc

1402 2416 1438 2442 ut
1454 2411 1542 2442 calor
1554 2411 1594 2442 sit
1606 2411 1673 2451 igni
1688 2412 1770 2442 ratio
1787 2410 2005 2448 calefaciendi,
2023 2417 2054 2443 et
2070 2412 2110 2443 ad
2125 2412 2189 2443 hoc
2204 2418 2241 2443 ut
2255 2414 2363 2454 ipsum
2380 2412 2474 2445 faciat

1402 2455 1579 2487 formaliter
1603 2456 1755 2493 calidum,
1780 2462 1910 2497 oportet
1932 2462 1969 2487 ut
1991 2457 2031 2487 sit
2053 2457 2087 2487 in
2110 2457 2195 2497 igne.

1459 2500 1523 2532 Sed
1545 2507 1654 2532 tamen
1678 2500 1860 2532 cavendum
1875 2511 1917 2532 ne
1937 2502 2134 2532 existimetur
2156 2511 2214 2542 per
2236 2502 2300 2533 hoc
2324 2508 2473 2543 oportere

1401 2545 1603 2576 voluntatem
1625 2546 1729 2585 ipsam
1753 2555 1848 2576 suum
1877 2546 2042 2577 obiectum
2067 2556 2264 2587 cognoscere
2288 2546 2328 2577 ad
2350 2547 2414 2578 hoc
2437 2553 2474 2578 ut

1402 2591 1436 2620 in
1459 2589 1540 2621 illud
1562 2590 1751 2626 inclinetur;
1779 2596 1811 2621 et
1832 2591 2020 2631 praesertim
2043 2591 2119 2631 quia
2142 2601 2378 2632 saepenumero
2397 2591 2473 2622 dicit

1402 2635 1538 2666 Sanctus
1560 2635 1704 2665 Thomas
1727 2635 1928 2666 intellectum
1950 2645 2083 2666 movere
2111 2635 2311 2666 voluntatem
2335 2636 2472 2676 inquan-

1403 2685 1470 2710 tum
1493 2679 1554 2710 sibi
1568 2689 1663 2710 suum
1680 2679 1836 2709 obiectum
1847 2680 2006 2720 proponit
2017 2681 2043 2709 ὓ.
2067 2680 2143 2710 Hoc
2166 2680 2253 2710 enim
2268 2689 2381 2710 verum
2403 2690 2471 2711 non

1402 2729 1463 2754 est:
1489 2733 1565 2755 cum
1589 2724 1750 2764 appetitus
1773 2724 1919 2755 animalis
1935 2733 2003 2755 non
2020 2725 2059 2755 sit
2074 2725 2220 2764 potentia
2241 2724 2470 2764 cognoscitiva.

1402 2767 1476 2804 Sed,
1500 2778 1577 2799 cum
1599 2768 1750 2799 voluntas
1776 2769 1810 2798 in
1834 2768 1948 2800 eadem
1975 2769 2112 2800 essentia
2134 2770 2260 2800 animae
2280 2778 2356 2799 cum
2378 2769 2471 2800 intel-

1401 2813 1488 2844 lectu
1514 2812 1674 2844 radicetur
1681 2821 1689 2849 ;
1714 2817 1745 2843 et
1771 2813 1920 2844 voluntas
1946 2814 2015 2853 ipsa
2042 2823 2109 2844 non
2133 2814 2173 2844 sit
2198 2814 2329 2854 proprie
2358 2813 2471 2844 volens

1402 2863 1433 2888 et
1457 2863 1622 2899 appetens,
1639 2856 1696 2888 sed
1717 2857 1814 2888 homo
1835 2867 1893 2898 per
1908 2858 2109 2889 voluntatem
2131 2858 2165 2888 in
2189 2858 2360 2899 appetibile
2379 2858 2470 2889 incli-

1401 2908 1512 2933 netur:
1537 2908 1669 2942 oportet
1692 2901 1826 2942 quidem
1841 2908 1878 2933 ut
1893 2903 1932 2933 ab
1956 2908 2127 2943 appetente
2152 2903 2324 2943 appetibile
2349 2911 2470 2942 cogno-

1402 2953 1508 2978 scatur
1531 2947 1571 2978 ad
1594 2948 1658 2978 hoc
1688 2952 1725 2977 ut
1755 2947 1824 2978 eius
1855 2948 2000 2988 operatio
2031 2946 2242 2988 specificetur‚
2266 2957 2334 2978 non
2363 2952 2471 2977 tamen

1403 2993 1441 3022 ab
1465 2992 1535 3033 ipsa
1550 2992 1727 3022 voluntate.
1744 2991 1867 3022 Idcirco
1883 2992 2084 3023 intellectum
2103 3001 2288 3032 proponere
2307 2992 2471 3023 obiectum

1402 3036 1571 3073 voluntati,
1596 3042 1628 3067 et
1649 3042 1863 3076 praesentare,
1878 3046 1947 3068 non
1962 3042 2010 3068 est
2031 3037 2077 3068 illi
2101 3035 2366 3076 cognoscendum
2390 3036 2470 3066 obii-

1403 3091 1491 3112 cere:
1510 3081 1567 3112 sed
1581 3080 1662 3112 illud
1677 3081 1711 3111 in
1734 3081 1790 3112 tali
1806 3081 1994 3112 conditione
2009 3091 2132 3122 ponere
2144 3086 2181 3111 ut
2196 3082 2229 3111 in
2246 3091 2286 3111 eo
2303 3081 2359 3120 qui
2375 3080 2470 3110 habet

1401 3126 1464 3158 tale
1487 3126 1662 3166 appetibile
1686 3125 1868 3157 secundum
1890 3125 1971 3158 illud
1987 3135 2056 3156 esse
2071 3125 2294 3161 intentionale‚
2318 3129 2471 3164 sequatur

1401 3171 1568 3202 inclinatio
1591 3170 1768 3201 voluntatis
1784 3170 1825 3201 ad
1841 3180 1910 3201 esse
1933 3170 2076 3201 naturale
2099 3170 2289 3210 appetibilis,
2305 3169 2470 3209 appetenti

1402 3225 1460 3256 per
1482 3215 1546 3247 tale
1569 3225 1638 3246 esse
1661 3215 1872 3246 intentionale
1895 3220 2176 3255 repraesentatum.

1459 3260 1489 3290 3.
1514 3259 1691 3292 Sciendum
1714 3260 1820 3296 tertio,
1844 3259 1935 3300 quod
1954 3260 2076 3300 species
2095 3264 2184 3290 actus
2203 3257 2377 3298 specificati
2401 3267 2469 3288 non

1403 3303 1608 3345 distinguitur
1630 3305 1755 3335 realiter
1778 3314 1796 3334 a
1819 3305 1994 3335 substantia
2010 3309 2041 3334 et
2055 3309 2168 3334 natura
2182 3303 2282 3343 ipsius
2298 3307 2397 3338 actus,
2414 3301 2470 3332 sed

1402 3354 1529 3380 tantum
1545 3349 1726 3380 secundum
1741 3349 1914 3380 rationem:
1931 3358 1998 3379 non
2014 3349 2101 3379 enim
2117 3348 2230 3378 entitas
2253 3345 2470 3377 calefactionis

1403 3393 1608 3435 distinguitur
1632 3405 1650 3425 a
1676 3393 1783 3434 specie
1812 3393 2038 3429 calefactionis,
2062 3392 2119 3423 sed
2140 3401 2206 3423 una
2228 3396 2260 3422 et
2284 3390 2397 3421 eadem
2419 3400 2470 3422 res

1404 3444 1451 3469 est
1474 3440 1558 3470 actio
1581 3440 1650 3479 ipsa
1666 3444 1698 3469 et
1714 3437 1890 3469 calefactio.
1907 3438 2041 3477 Propter
2056 3437 2120 3468 hoc
2135 3446 2204 3467 non
2224 3441 2352 3476 oportet
2371 3444 2469 3475 quae-

1402 3492 1472 3514 rere
1494 3483 1719 3524 particularem
1735 3491 1865 3513 causam
1882 3481 2074 3512 efficientem
2089 3480 2336 3522 specificationis
2359 3479 2470 3511 distin-

1404 3533 1489 3558 ctam
1512 3538 1530 3558 a
1554 3537 1650 3559 causa
1673 3527 1830 3558 efficiente
1860 3526 2053 3557 substantiae
2077 3531 2108 3556 et
2136 3525 2287 3556 entitatis:
2313 3524 2469 3564 alioquin,

1404 3573 1487 3603 sicut
1501 3573 1696 3605 substantiae
1712 3571 1893 3602 attribuitur
1908 3580 2003 3601 causa
2015 3569 2156 3601 efficiens
2168 3569 2355 3610 simpliciter
2369 3569 2470 3609 ipsius

1403 3616 1595 3657 productiva
1618 3622 1772 3657 tanquam
1795 3615 1828 3647 id
1852 3614 1941 3655 quod
1968 3615 2042 3655 agit,
2072 3624 2140 3645 non
2166 3619 2293 3645 tantum
2314 3619 2469 3654 tanquam

1404 3662 1484 3692 ratio
1514 3660 1727 3702 producendi,
1759 3662 1803 3692 ita
1836 3665 1867 3690 et
1901 3658 2148 3700 specificationis
2181 3663 2345 3699 oporteret
2375 3658 2469 3689 aliam

2497 800 2506 808 '
2522 798 2557 820 Cf.
2572 805 2595 820 n.
2606 805 2638 821 vr.

2500 2052 2509 2060 ·
2524 2050 2561 2072 cf.
2578 2056 2600 2071 n.
2612 2055 2642 2071 ιν.

2500 2677 2508 2685 ·
2518 2675 2554 2697 Cf.
2560 2675 2672 2702 1⁸¹⁰-11220,
2679 2681 2712 2701 rx,

2501 2709 2519 2726 ¹:
2537 2702 2567 2723 de
2577 2701 2637 2728 Ver„
2652 2707 2710 2728 xxii,

2502 2735 2533 2750 ια.
