2768 4134
7 523 9 528 .
44 507 54 517 '
81 505 172 527 θοι-ων
205 503 260 525 Per-

41 530 259 562 plex.,lib.11‚eap.

43 565 68 582 iv
82 565 134 587 sqq.

0 680 20 838 i
41 793 52 804 ·
69 791 107 814 Cf.
124 790 261 822 Commeat.

40 824 95 847 cap.
111 823 197 846 praee„
207 821 260 839 mit.

25 1047 29 1079 J
39 1053 52 1066 ·
66 1052 104 1076 Cf.
118 1057 185 1075 nuni.
194 1057 227 1074 iv.

38 1107 52 1119 ⁸
66 1105 104 1129 Cf.
118 1111 184 1128 num.
199 1111 236 1128 ιιι,

43 2627 57 2639 ⁸
71 2626 108 2650 Cf.
122 2626 180 2650 ibid.
191 2627 262 2649 Com-

35 2657 129 2680 meat..
143 2659 166 2676 a.
178 2659 221 2676 m.

82 3353 152 3380 raas,
174 3358 225 3381 up.
245 3358 263 3374 n

44 3358 263 3432 &aaran

46 3430 102 3459 Did.
117 3432 157 3460 xl,
168 3438 217 3460 vin,
227 3439 262 3455 ιο.

31 1325 95 1350 “ct-
102 1330 167 1349 a-
173 1330 232 1354 ιαμ,
237 1330 258 1354 3.
288 1343 291 1345 .

781 258 972 297 SUMMA
1000 259 1225 298 CONTRA
1253 261 1527 310 GENTILES‚
1556 267 1651 304 LIB.
1676 268 1717 313 11,
1748 269 1858 306 CAP.
1885 270 1997 308 XCII.

340 339 416 375 Per
433 338 511 376 hoc
525 346 658 376 autem
678 338 895 376 excluditur
913 350 1021 376 error
1039 338 1253 376 dicentium
1273 340 1362 377 sub-

287 391 443 429 stantias
466 399 660 443 separatas
689 391 909 429 secundum
937 403 1150 435 numerum
1179 399 1362 430 motuum

287 445 522 493 caelestium,
543 453 610 483 aut
633 445 852 483 secundum
871 457 1086 482 numerum
1105 446 1362 495 sphaerarum

287 498 511 537 caelestium
540 511 636 537 esse.
664 520 689 527 —
715 499 765 536 Et
793 510 901 536 error
927 497 1056 546 Rabbi
1083 498 1214 548 Moysi
1233 498 1264 544 ³⁸,
1294 499 1362 549 qui

287 551 382 590 dixit
409 564 622 590 numerum
650 553 880 600 angelorum
908 551 978 602 qui
1003 551 1044 590 in
1074 551 1272 602 Scriptura
1291 564 1361 602 po·
1385 575 1393 594 s

1051 657 1389 691 Commentaria

329 747 455 771 acauno
478 738 555 769 loco
575 738 640 778 agit
663 737 800 769 Sanctus
823 738 970 769 Thomas
993 738 1034 769 de
1057 738 1266 770 multitudine
1289 738 1366 769 sub-

340 784 530 815 stantiarum
545 783 815 814 intellectualium
826 784 853 813 ¹².
879 782 974 814 Circa
997 783 1090 824 quod
1113 783 1181 815 duo
1205 783 1366 824 principa-

285 830 359 861 liter
378 828 468 859 facit:
485 828 593 868 primo
609 828 698 859 enim
714 829 779 868 agit
794 827 835 859 de
850 828 922 868 ipsa
936 827 1146 859 multitudine
1161 828 1275 859 talium
1290 828 1366 858 sub-

286 873 476 906 stantiarum
492 871 675 904 secundum
690 882 742 909 se;
766 872 924 909 secunde,
941 872 982 904 de
997 872 1207 904 distinctione
1222 873 1366 913 ipsarum

286 919 539 950 substantiarum
554 927 640 958 quae
658 923 830 958 ponuntur
851 917 984 954 multae,
1001 917 1145 958 capitulo
1161 917 1322 957 sequenti.

342 963 516 1002 Quantum
530 962 571 994 ad
587 963 742 1003 primum,
758 962 828 993 duo
844 961 937 993 facit:
957 963 1077 1002 primo,
1093 962 1279 993 Aristotelis
1295 962 1368 1002 opi-

285 1010 423 1040 nionem
444 1013 568 1044 narrat;
591 1007 751 1044 secundo,
767 1006 911 1038 ostendit
924 1007 1031 1038 multo
1047 1006 1157 1047 plures
1173 1016 1243 1038 esse
1267 1015 1368 1047 quam

285 1054 341 1085 ille
352 1053 500 1094 posuerit
510 1053 537 1082 ‘.
550 1052 722 1090 Quantum
731 1051 773 1082 ad
783 1052 938 1092 primum,
951 1051 1020 1083 duo
1032 1050 1126 1082 facit:
1139 1052 1259 1092 primo,
1272 1052 1367 1092 ponit

286 1098 469 1130 Aristotelis
491 1097 703 1138 opinionem
728 1095 885 1133 secundo,
902 1097 973 1128 eius
995 1097 1157 1127 rationem
1180 1096 1278 1127 solvit
1289 1097 1317 1127 ⁴³.

341 1143 366 1174 1.
383 1142 554 1181 Quantum
569 1141 610 1172 ad
625 1142 780 1182 primum,
796 1141 842 1172 ait
857 1141 949 1182 quod
959 1141 1152 1172 Aristoteles
1163 1142 1277 1182 posuit
1291 1141 1372 1172 sub-'

285 1188 418 1219 stantias
438 1191 602 1227 separatas
627 1185 774 1218 eiusdem
797 1187 928 1218 numeri
945 1196 1015 1218 esse
1039 1187 1134 1217 cuius
1157 1191 1235 1218 sunt
1256 1191 1368 1218 motus

284 1234 320 1264 in
335 1232 428 1264 caelo
443 1231 647 1272 deprehensi,
659 1236 716 1262 aut
731 1231 790 1272 qui
804 1230 1005 1272 deprehendi
1021 1236 1172 1272 possunt,
1183 1240 1245 1262 nec
1257 1231 1367 1272 plures

283 1286 348 1309 nec
369 1277 552 1318 pauciores.

281 1352 312 1356 Q
511 1321 639 1352 tabatur
654 1326 765 1352 autem
780 1320 823 1352 ad
837 1321 902 1352 hoc
918 1320 1003 1351 facta
1020 1321 1080 1352 hac
1096 1321 1327 1361 suppositione
1338 1321 1366 1357 ⁹,

285 1365 380 1408 quod
400 1375 472 1398 non
493 1366 560 1397 sint
581 1365 682 1407 aliqui
705 1371 816 1397 motus
839 1366 874 1396 in
898 1365 990 1397 caelo
1012 1366 1069 1407 qui
1093 1375 1111 1396 a
1133 1365 1230 1397 nobis
1253 1365 1368 1406 depre-

285 1411 388 1444 hendi
401 1420 472 1443 non
486 1411 628 1452 possint:
645 1411 834 1451 praesertim
851 1420 928 1442 cum
942 1420 1012 1441 non
1027 1411 1092 1442 sint
1111 1410 1206 1451 plura
1228 1419 1367 1451 corpora

286 1456 438 1488 caelestia
460 1455 609 1487 eiusdem
624 1455 756 1496 speciei.
777 1454 879 1494 Quod
894 1455 1013 1496 probat
1035 1456 1113 1496 quia
1130 1456 1240 1487 omnis
1255 1461 1367 1487 motus

286 1502 346 1543 qui
367 1506 417 1532 est
438 1501 474 1532 in
497 1500 600 1537 caelo,
617 1505 666 1531 est
688 1505 824 1541 propter
840 1506 971 1532 motum
987 1501 1125 1532 alicuius
1142 1500 1265 1537 stellae,
1281 1510 1367 1542 quae

285 1545 447 1578 sensibilis
469 1551 532 1576 est:
553 1554 630 1576 nam
645 1545 741 1576 orbes
757 1544 908 1576 deferunt
923 1545 1041 1582 stellas,
1056 1550 1168 1576 motus
1184 1550 1294 1577 autem
1309 1545 1366 1577 de-

285 1591 419 1623 ferentis
442 1595 491 1621 est
513 1595 649 1631 propter
670 1595 802 1620 motum
824 1589 933 1621 delati.

340 1635 439 1666 Tunc
461 1635 567 1675 arguit
585 1635 642 1665 sic.
658 1634 735 1665 Non
751 1639 827 1666 sunt
842 1635 971 1675 aliquae
986 1634 1184 1666 substantiae
1199 1640 1365 1675 separatae

284 1680 440 1721 equibus
454 1689 524 1710 non
540 1679 735 1720 proveniant
750 1679 852 1720 aliqui
874 1684 986 1710 motus
1009 1680 1042 1710 in
1059 1679 1163 1710 caelo.
1187 1680 1276 1721 Ergo
1295 1690 1364 1712 non

285 1730 362 1757 unt
374 1724 486 1766 plures
501 1733 602 1764 quam
616 1729 729 1755 motus
739 1723 935 1765 deprehensi
950 1730 983 1755 et
997 1725 1056 1765 qui
1071 1724 1273 1765 deprehendi
1288 1734 1365 1766 pos-

284 1774 363 1802 sunt
381 1770 419 1801 in
441 1769 546 1800 caelo.
561 1787 585 1792 —
599 1769 692 1800 Patet
707 1770 943 1810 consequentia
966 1779 1006 1800 ex
1025 1771 1210 1811 supposito.
1222 1770 1365 1802 „Ante-

285 1813 407 1846 cedens
427 1823 507 1845 vero
530 1814 698 1855 probatur.
721 1814 819 1852 Quia,
842 1815 870 1846 si
894 1820 1003 1846 essent
1027 1815 1138 1856 plures
1167 1815 1364 1847 substantiae

143 1871 146 1881 ¹
167 1870 177 1881 ν
228 1867 230 1871 “
285 1868 388 1901 quam
408 1859 489 1890 istae
512 1868 594 1899 quas
617 1864 798 1896 enumerat,
821 1864 931 1890 essent
949 1865 981 1891 et
1003 1859 1105 1900 aliqui
1126 1865 1238 1891 motus
1260 1860 1295 1891 in
1311 1870 1365 1892 eas

286 1903 438 1936 ordinati.
460 1903 620 1935 Probatur
642 1904 790 1944 sequela:
822 1905 900 1945 quia
923 1904 1015 1935 aliter
1041 1910 1150 1936 essent
1171 1910 1282 1936 motus
1305 1906 1366 1936 im-

285 1947 433 1991 perfiecfi,
457 1956 535 1980 cum
557 1953 669 1979 motus
699 1949 854 1980 caelestes
883 1948 1076 1980 ordinentur
1102 1949 1143 1980 ad
1172 1950 1365 1982 substantias

286 1998 448 2035 separatas
469 1993 555 2025 sicut
577 1992 619 2024 ad
640 1992 734 2024 fines.
791 2022 797 2034 ,

343 2038 383 2069 11.
405 2038 470 2069 Pro
492 2038 610 2069 notitia
626 2038 794 2079 opinionis
809 2038 1004 2075 Aristotelis,
1021 2037 1258 2070 advertendum
1274 2038 1367 2080 quod

286 2082 372 2114 duos
394 2084 466 2124 ipse
494 2082 627 2114 ordines
657 2083 770 2123 posuit
798 2083 1050 2114 substantiarum
1079 2083 1365 2115 intellectualium:

286 2137 393 2160 unum
416 2127 540 2159 scilicet
563 2137 675 2158 earum
705 2137 790 2168 quae
817 2133 893 2159 sunt
914 2129 1069 2159 :notrices
1092 2138 1271 2169 corporum
1294 2139 1367 2160 cae-

286 2172 418 2204 lestium
439 2181 509 2213 per.
521 2171 661 2204 modum
678 2171 856 2210 efficientis,
873 2182 958 2214 quae
972 2178 1133 2205 vocantur
1147 2174 1187 2204 ab
1202 2173 1366 2214 aliquibus

286 2218 420 2249 annnae
445 2217 629 2254 caelorum,·
651 2217 790 2248 alterum
819 2227 898 2248 vero
925 2227 1038 2250 earum
1069 2227 1154 2259 quae
1181 2223 1259 2250 sunt
1284 2218 1366 2250 fines

286 2263 430 2304 proximi
451 2262 568 2294 talium
590 2267 756 2299 motuum,
780 2267 917 2303 propter
931 2272 1013 2304 quas
1030 2263 1155 2294 scilicet
1169 2263 1367 2295 substantiae

285 2308 443 2339 notrices
475 2312 622 2338 movent.
657 2307 781 2338 Primas
808 2307 920 2348 posuit
950 2308 1144 2348 corporibus
1174 2308 1367 2340 caelestibus

286 2353 396 2384 unitas
425 2361 506 2389 esse,
541 2352 609 2383 sive
638 2361 700 2392 per
724 2351 865 2383 modum
891 2351 1018 2383 formae
1044 2353 1112 2384 sive
1142 2361 1202 2393 per
1226 2352 1366 2384 modum

286 2397 427 2429 motoris
448 2402 588 2434 tantum,
611 2396 796 2428 secundum
817 2396 958 2428 diversas
981 2397 1157 2428 sententias
1179 2395 1221 2429 de
1243 2398 1367 2429 anima-

286 2443 379 2474 tione
401 2451 582 2483 corporum
605 2441 811 2473 caelestium:
836 2442 914 2472 alias
942 2451 1021 2473 vero
1051 2442 1165 2483 posuit
1187 2443 1325 2474 omnino
1349 2453 1367 2474 a

288 2495 429 2528 corpore
450 2491 622 2527 separatas.
641 2486 824 2518 Necessitas
839 2492 951 2517 autem
965 2486 1114 2527 ponendi
1128 2487 1204 2518 istas
1219 2488 1368 2519 substan-

287 2532 348 2563 tias
369 2532 509 2563 omnino
533 2541 552 2562 a
571 2540 712 2572 corpore
733 2536 906 2572 separatas,
922 2530 995 2569 fuit,
1011 2537 1049 2562 ut
1067 2531 1211 2563 ostendit
1230 2532 1368 2564 Sanctus

288 2576 446 2613 Thomas,
464 2575 647 2617 Spiritual„
664 2586 692 2607 a.
711 2576 742 2613 5,
757 2575 799 2607 de
822 2581 932 2607 mente
947 2576 1141 2613 Aristotelis,
1164 2577 1257 2617 quod
1280 2587 1367 2614 cum,

287 2626 325 2652 ut
338 2619 465 2652 dictum
480 2625 529 2652 est
545 2621 581 2651 in
597 2619 805 2661 praecedenti
821 2620 966 2662 capitulo
978 2622 1006 2658 ³,
1025 2626 1136 2652 motor
1151 2621 1368 2662 incorporeus

289 2665 401 2698 unitus
418 2665 555 2707 corpori
575 2670 749 2696 moveatur
757 2675 822 2706 per
835 2665 988 2697 accidens
1003 2666 1048 2696 ad
1062 2670 1186 2697 motum
1206 2667 1367 2708 corporis,

287 2711 356 2742 sive
374 2711 506 2742 uniatur
520 2711 582 2741 sibi
597 2719 656 2751 per
669 2710 810 2741 modum
824 2710 960 2747 formae,
977 2711 1044 2741 sive
1060 2720 1120 2751 per
1133 2710 1271 2742 modum
1295 2721 1368 2743 mo-

286 2756 367 2787 toris
389 2760 518 2786 tantum
540 2754 599 2786 sed
616 2755 772 2796 applicati
787 2754 827 2785 ad
843 2764 944 2786 unam
968 2754 1215 2786 determinatam
1237 2757 1369 2787 mobilis

287 2805 431 2841 partem;
448 2806 481 2831 et
497 2805 622 2830 motum
643 2800 842 2842 uniformem
859 2804 891 2830 et
913 2800 1103 2841 regularem
1127 2805 1278 2841 oporteat
1300 2811 1370 2832 esse

288 2854 310 2875 a
330 2849 461 2876 motare
482 2844 540 2886 qui
561 2854 627 2875 non
651 2849 825 2875 moveatur
847 2854 950 2885 neque
961 2854 1028 2885 per
1040 2854 1076 2875 se
1091 2855 1194 2886 neque
1203 2855 1268 2886 per
1282 2847 1368 2877 acci-

288 2889 387 2923 dens:
397 2888 438 2920 ad
449 2889 637 2920 salvandam
651 2887 910 2920 uniformitatem
926 2894 958 2920 et
972 2889 1211 2930 regularitatem
1223 2891 1369 2922 caelestis

288 2938 411 2970 motus,
419 2934 704 2974 oportuit-ponere
711 2933 837 2974 aliquas
847 2934 1043 2965 substantias
1051 2935 1189 2966 omnino
1197 2940 1369 2976 separatas,

288 2987 399 3019 neque
405 2987 472 3018 «per
486 2987 521 3009 se
536 2987 646 3018 neque
662 2987 722 3019 per
736 2977 887 3009 accidens
901 2984 1019 3016 motas,
1037 2988 1123 3020 quae
1137 2985 1268 3011 motum
1289 2981 1370 3012 caeli

289 3027 425 3054 causent
443 3031 503 3063 per
521 3022 661 3053 modum
682 3022 767 3059 finis,
783 3027 822 3054 ut
844 3023 883 3054 ab
906 3023 1136 3055 immobilitate
1154 3023 1229 3055 finis
1243 3024 1370 3056 unifor-

289 3068 384 3098 mitas
408 3072 441 3098 et
458 3067 646 3107 regularitas
667 3072 779 3098 motus
801 3069 984 3108 proveniat.
1007 3068 1103 3100 Hanc
1125 3068 1369 3101 distinctionem

289 3112 542 3143 substantiarum
550 3111 822 3143 intellectualium
829 3111 885 3143 dat
893 3113 1073 3153 intelligere
1081 3113 1371 3152 SanctusThomas

289 3156 330 3188 de
345 3161 456 3188 mente
470 3156 653 3187 Aristotelis
667 3165 748 3193 esse,
765 3165 842 3188 cum
863 3157 972 3198 inquit
985 3162 1093 3189 motus
1107 3159 1262 3192 caelestes
1279 3160 1370 3191 ordi-

290 3202 367 3232 nari
378 3201 422 3232 ad
431 3201 632 3232 substantias
641 3206 813 3242 separatas
825 3201 912 3233 sicut
925 3202 970 3233 ad
973 3203 1075 3244 fines.
1087 3202 1152 3234 Sed
1163 3203 1228 3235 hoc
1239 3213 1369 3246 expres—

289 3247 356 3277 sius
378 3247 475 3287 ponit
496 3246 537 3277 de
559 3246 673 3287 Spirit.
699 3246 821 3282 Creat„
839 3256 868 3277 a.
887 3247 904 3277 5
927 3252 959 3278 et
974 3247 1013 3283 6;
1037 3252 1071 3278 et
1091 3247 1253 3285 Potentia,
1277 3258 1310 3290 q.
1325 3259 1368 3287 vr,

290 3301 319 3322 ι.
336 3291 375 3328 6;
388 3296 421 3322 et
433 3292 470 3322 in
482 3290 654 3332 Opusculo
671 3290 762 3332 quod
779 3291 962 3323 intitulatur
975 3291 1017 3323 de
1026 3293 1165 3334 Angelis
1175 3294 1203 3324 “.
1223 3293 1369 3325 Sumitur

291 3340 403 3366 autem
416 3335 498 3367 haec
513 3335 678 3367 distinctio
695 3345 735 3366 ex
749 3335 925 3368 Aristotele
943 3336 1002 3367 XII
1019 3337 1174 3378 Metaph„
1189 3342 1268 3369 text.
1285 3338 1329 3378 48
1341 3340 1368 3376 ὓ,

291 3381 468 3420 suppositis
483 3381 523 3411 iis
539 3390 625 3422 quae
639 3381 674 3411 in
694 3379 964 3421 praecedentibus
979 3380 1112 3412 dixerat.
1128 3381 1211 3413 Eam
1232 3392 1368 3424 quoque

290 3425 394 3465 tangit
413 3425 585 3462 Averroes‚
616 3426 675 3456 XII
698 3425 854 3466 Metaph„
881 3431 1059 3457 comment.
1079 3434 1138 3465 41:
1163 3428 1311 3467 quamvis
1334 3429 1369 3459 in

290 3469 374 3500 libro
389 3468 430 3500 de
445 3469 634 3501 Substantia
653 3470 752 3501 Orbis
765 3470 912 3502 videatur
927 3470 1010 3501 velle
1026 3470 1119 3511 quod
1133 3470 1221 3502 idem
1235 3473 1278 3503 sit
1294 3482 1368 3504 mo-

290 3523 370 3545 vens
393 3523 532 3555 corpora
554 3515 705 3546 caelestia
726 3520 764 3546 ut
787 3524 885 3556 agens
909 3521 941 3546 et
963 3521 1000 3546 ut
1021 3514 1106 3546 finis.

346 3559 461 3589 Posuit
491 3568 569 3600 ergo
591 3560 793 3596 Aristoteles,
823 3560 882 3591 XII
912 3560 1068 3600 Metapa„
1096 3565 1147 3591 tot
1175 3560 1367 3592 substantias

290 3604 430 3634 omnino
453 3608 625 3644 separatas,
647 3614 706 3645 per
727 3604 867 3636 modum
889 3604 964 3635 finis
986 3610 1168 3642 moventes,
1192 3611 1274 3646 quot
1290 3612 1368 3637 sunt

290 3653 401 3679 motus
425 3649 483 3689 qui
505 3648 796 3690 deprehenduntur
818 3651 852 3681 in
876 3649 968 3680 caelo
991 3655 1058 3681 'aut
1087 3650 1145 3690 qui
1168 3649 1366 3691 deprehendi

2414 274 2491 323 559

1418 343 1531 390 nitur,
1552 357 1633 382 non
1661 358 1744 384 esse
1773 359 1985 387 numerum
2014 350 2315 390 substantiarum
2338 366 2490 404 separa-

1418 403 1557 443 tarum,
1587 399 1654 435 sed
1673 400 1861 439 virtutum
1880 402 1920 439 in
1940 402 2017 440 istis
2041 403 2302 443 inferioribus:
2333 407 2430 445 sicut
2458 407 2488 445 si

1418 447 1476 537 vtis
1495 451 1802 541 ςοηὲυρὶῗξίϋῦἰε
1826 454 1974 493 dicatur
1990 458 2138 506 spiritus
2157 462 2488 510 concupiscentiae,

1418 512 1439 537 e
1483 514 1537 538 Sic
1593 516 1613 540 e
1643 517 1664 541 a
1679 518 1735 542 ns.

1421 658 1735 693 Fert-ariensis

1419 743 1568 789 possunt.
1585 739 1626 769 Et
1649 741 1727 780 quia
1742 746 1852 772 motus
1869 749 2058 782 apparentes
2074 746 2107 776 in
2123 748 2212 778 caelo
2229 754 2303 779 sunt
2323 755 2378 780 aut
2394 752 2489 791 quin-

1420 785 1722 825 quagintaquinque
1746 790 1801 816 aut
1824 786 2169 829 quadragintaseptem,
2192 793 2370 825 secundum
2388 797 2489 827 varias

1420 828 1595 868 opiniones
1619 830 1859 870 astrologorum
1886 832 1935 862 sui
1962 834 2128 873 temporis,
2152 834 2226 866 ideo
2249 838 2384 869 totidem
2411 849 2489 871 con-

1420 871 1522 903 cludit
1538 882 1608 903 esse
1623 874 1816 906 substantias
1832 881 2002 916 separatas,
2019 887 2080 908 nec
2099 878 2207 918 plures
2226 889 2287 911 nec
2309 884 2488 921 pauciores.

1478 926 1508 948 2.
1526 916 1621 949 Circa
1635 918 1724 949 illam
1741 919 2004 958 conditionalem,
2017 922 2054 952 Si
2069 932 2135 953 non
2148 929 2253 954 essent
2266 925 2368 966 aliqui
2384 933 2490 959 motus

1421 961 1568 992 ordinati
1583 962 1627 993 ad
1640 963 1837 995 substantias
1847 971 2018 1005 separatas
2024 967 2152 1007 positas
2164 974 2302 1008 praeter
2312 970 2387 1002 illas
2398 973 2491 1012 quin-

1419 1007 1724 1048 quagintaquinque
1744 1014 1803 1039 aut
1821 1010 2172 1052 quadragintaseptem‚
2192 1019 2297 1045 essent
2311 1020 2417 1046 motus
2433 1017 2491 1046 im-

1416 1052 1567 1093 perfecti,
1600 1052 1835 1084 advertendum
1866 1055 1957 1095 quod
1983 1056 2047 1086 hoc
2077 1058 2233 1097 probatur
2263 1068 2301 1089 ex
2330 1069 2370 1090 eo
2401 1061 2491 1101 quod

1419 1101 1532 1127 motus
1556 1097 1709 1129 caelestes
1733 1098 1923 1130 ordinantur
1945 1100 1986 1131 ad
2008 1101 2199 1133 substantias
2227 1109 2385 1144 separatas
2408 1106 2491 1136 sicut

1420 1140 1462 1172 ad
1477 1140 1575 1172 fines:
1600 1142 1665 1172 hoc
1687 1147 1744 1178 est,
1761 1143 1853 1183 quod
1867 1145 1975 1175 omnis
1998 1146 2173 1177 substantia
2191 1153 2335 1188 separata
2350 1154 2398 1180 est
2417 1149 2491 1181 finis

1420 1185 1558 1217 alicuius
1580 1191 1701 1223 motus,
1725 1192 1762 1217 ut
1784 1188 1900 1219 dicitur
1922 1189 1981 1220 XII
2004 1190 2156 1231 Metaph.,
2181 1197 2255 1222 text.
2279 1192 2333 1233 48.
2358 1193 2406 1225 Ex
2426 1195 2491 1226 hoc

1421 1231 1510 1262 enim
1532 1231 1679 1271 sequitur
1703 1231 1794 1271 quod
1816 1238 1927 1264 motus
1950 1243 2126 1274 corporum
2142 1236 2328 1268 caelestium
2350 1248 2419 1269 non
2435 1239 2490 1270 de-

1421 1275 1499 1306 bent
1515 1285 1586 1307 esse
1601 1276 1772 1316 pauciores
1795 1278 1979 1308 substantiis
1995 1280 2161 1319 separatis:
2185 1280 2258 1311 finis
2275 1282 2362 1313 enim
2379 1283 2491 1314 huius-

1421 1320 1513 1352 modi
1536 1330 1604 1352 non
1631 1320 1727 1352 debet
1754 1330 1823 1352 esse
1853 1322 1974 1363 absque
2003 1324 2113 1364 aliquo
2144 1325 2292 1356 ordinato
2321 1326 2361 1357 ad
2383 1328 2490 1368 ipsum

1420 1370 1579 1406 tanquam
1602 1364 1643 1396 ad
1666 1364 1777 1396 finem.
1801 1366 1890 1404 Ideo,
1914 1369 1940 1398 si
1963 1374 2068 1399 essent
2090 1369 2198 1409 plures
2222 1371 2417 1402 substantiae
2441 1382 2490 1403 se-

1419 1416 1550 1450 paratae
1573 1419 1673 1451 quam
1689 1416 1809 1448 motus,
1826 1413 1972 1452 sequitur
1987 1413 2078 1453 quod
2093 1423 2161 1444 non
2184 1419 2233 1445 tot
2256 1421 2363 1446 essent
2379 1422 2490 1448 motus

1419 1455 1454 1486 in
1477 1455 1569 1487 caelo
1593 1460 1677 1496 quot
1699 1455 1854 1487 deberent
1869 1466 1948 1488 esse.
1973 1457 2014 1488 Et
2037 1459 2083 1489 sic
2106 1459 2251 1499 sequitur
2266 1460 2358 1501 quod
2380 1467 2490 1492 motus

1419 1500 1574 1532 caelestes
1597 1499 1780 1540 imperfecti
1803 1507 1919 1538 essent,
1943 1507 2058 1543 utpote
2081 1509 2224 1535 carentes
2254 1506 2399 1536 motibus
2421 1506 2490 1537 aliis

1419 1545 1477 1585 qui
1506 1554 1576 1576 esse
1603 1544 1774 1576 deberent:
1806 1546 1889 1577 sicut
1916 1546 2075 1578 diceretur
2098 1549 2339 1581 universitatem
2367 1555 2490 1582 creatu—

1417 1599 1527 1622 rarum
1550 1599 1620 1621 esse
1643 1590 1868 1630 imperfectam
1892 1591 1918 1621 si
1941 1591 2051 1632 aliquo
2082 1593 2209 1624 essendi
2238 1593 2339 1624 modo
2371 1601 2491 1626 careret

1418 1636 1479 1676 qui
1500 1635 1562 1666 sibi
1585 1644 1624 1666 ex
1647 1640 1762 1666 natura
1785 1645 1843 1666 sua
1866 1635 1997 1667 deberet
2027 1638 2213 1674 convenire,
2243 1643 2280 1669 ut
2309 1640 2457 1678 superius
2474 1640 2491 1656 ⁴*

1419 1686 1468 1711 est
1489 1685 1669 1711 ostensum.

1479 1725 1510 1756 3.
1534 1724 1631 1756 Circa
1645 1724 1854 1765 suppositum
1870 1733 1930 1764 pro
1949 1725 2073 1755 ratione
2089 1725 2270 1756 Aristotelis
2282 1727 2309 1762 *,
2326 1726 2492 1758 adverten-

1419 1769 1500 1801 dum
1523 1769 1615 1811 quod
1637 1768 1714 1800 ideo
1744 1768 1891 1800 additum
1922 1774 1979 1806 est,
2002 1771 2199 1810 praesertim
2229 1779 2302 1801 cum
2333 1781 2398 1802 non
2428 1772 2494 1802 sint

1412 1815 1516 1856 plura
1532 1823 1677 1855 corpora
1688 1814 1842 1845 caelestia
1857 1813 2000 1845 eiusdem
2011 1814 2139 1855 speciei,
2153 1820 2189 1845 ut
2204 1814 2392 1846 excludatur
2403 1816 2493 1847 obie-

1419 1860 1485 1890 ctio
1510 1867 1611 1899 quam
1634 1858 1767 1890 adducit
1789 1858 1991 1895 Aristoteles,
2015 1858 2073 1890 XII
2089 1859 2274 1900 Metaplgrs.
2287 1860 2314 1896 *,
2338 1865 2414 1891 text.
2438 1870 2491 1901 49.

1419 1904 1533 1935 Posset
1560 1904 1648 1935 enim
1675 1903 1794 1944 aliquis
1820 1902 1928 1934 dicere
1959 1903 2051 1944 quod
2077 1908 2247 1944 nequeunt
2274 1914 2292 1934 a
2318 1905 2411 1936 nobis
2438 1905 2492 1936 de-

1418 1947 1578 1990 prehendi
1605 1957 1720 1980 omnes
1746 1953 1858 1980 motus
1885 1957 2063 1988 corporum
2091 1948 2289 1985 caelestium,
2317 1950 2393 1989 quia
2419 1955 2494 1980 sunt

1418 1994 1529 2035 plures
1551 1992 1677 2030 mundi,
1699 1998 1732 2024 et
1754 2002 1813 2034 per
1839 2002 2046 2033 consequens
2068 1993 2163 2034 plura
2185 2003 2324 2034 corpora
2347 1994 2495 2025 caelestia

1420 2038 1568 2070 eiusdem
1590 2038 1726 2079 speciei3
1755 2043 1787 2069 et
1807 2037 1894 2074 ideo,
1919 2038 2067 2078 quamvis
2089 2043 2200 2069 motus
2224 2048 2401 2079 corporum
2423 2049 2494 2070 cae-

1419 2084 1550 2115 lestium
1573 2083 1665 2114 istius
1687 2082 1804 2114 mundi
1827 2082 2026 2123 deprehendi
2049 2093 2067 2113 a
2097 2084 2193 2114 nobis
2222 2084 2358 2124 possint,
2385 2089 2494 2115 motus

1420 2134 1531 2160 tamen
1553 2128 1683 2159 alterius
1698 2127 1815 2159 mundi
1837 2133 1913 2158 sunt
1934 2128 2030 2159 nobis
2053 2128 2222 2168 incogniti.
2247 2128 2311 2159 Sed
2334 2129 2414 2160 haec
2437 2129 2495 2160 ob-

1420 2174 1517 2204 iectio
1541 2173 1666 2204 tollitur
1688 2174 1715 2204 si
1733 2177 1875 2214 ponatur
1897 2182 1966 2203 non
1986 2182 2055 2203 esse
2070 2172 2164 2213 plura
2188 2182 2325 2214 corpora
2349 2173 2495 2204 caelestia

1421 2218 1568 2249 eiusdem
1591 2218 1723 2258 speciei.
1785 2252 1787 2254 ¹

1477 2263 1573 2294 Circa
1595 2269 1674 2293 vero
1697 2262 1787 2293 illam
1809 2262 2082 2303 propositionem,
2106 2262 2184 2293 Non
2204 2267 2281 2293 sunt
2297 2262 2399 2303 plura
2423 2271 2495 2293 cor-

1414 2317 1504 2349 pora
1527 2307 1682 2338 caelestia
1705 2306 1848 2338 eiusdem
1871 2307 1999 2347 speciei,
2023 2306 2194 2338 sciendum
2213 2307 2304 2348 quod
2326 2308 2494 2344 Averroes‚

1419 2354 1455 2384 in
1479 2352 1506 2383 II
1532 2352 1635 2388 Caeli,
1660 2357 1839 2383 comment.
1865 2352 1917 2392 59,
1942 2352 2134 2393 oppositum
2154 2357 2264 2383 tenere
2280 2351 2415 2383 videtur.
2432 2351 2495 2383 Sed

1421 2396 1564 2429 ostendit
1579 2397 1716 2428 Sanctus
1739 2397 1896 2433 Thomas,
1912 2397 1947 2427 in
1962 2396 1990 2427 Il
2013 2396 2115 2432 Caeli,
2139 2396 2213 2427 lect.
2237 2397 2286 2434 16,
2304 2397 2495 2437 opinionem

1422 2443 1492 2474 eius
1516 2451 1586 2473 esse
1610 2442 1734 2478 falsam,
1751 2447 1783 2472 et
1806 2441 1897 2482 quod
1916 2451 2049 2472 necesse
2066 2447 2114 2472 est
2129 2451 2252 2482 ponere
2269 2451 2406 2482 corpora
2425 2451 2495 2472 cae-

1421 2487 1513 2518 lestia
1535 2496 1605 2518 non
1629 2496 1699 2518 esse
1722 2486 1817 2527 plura
1840 2486 1987 2517 eiusdem
2010 2487 2142 2527 speciei.
2174 2487 2255 2517 Tum
2277 2486 2365 2527 quia,
2392 2486 2422 2517 si
2448 2496 2495 2517 es-

1420 2537 1494 2564 sent
1515 2531 1658 2563 eiusdem
1676 2531 1805 2572 speciei,
1821 2531 1977 2562 haberent
1991 2531 2119 2562 easdem
2136 2532 2350 2572 operationes,
2367 2531 2494 2562 eosdem

1421 2577 1565 2619 effectus,
1590 2581 1623 2607 et
1643 2576 1772 2607 eosdem
1787 2581 1913 2607 motus:
1928 2577 2014 2608 sicut
2028 2581 2164 2617 apparet
2186 2576 2219 2606 in
2236 2576 2311 2606 aliis
2327 2575 2421 2606 rebus
2437 2585 2495 2606 na-

1421 2621 1585 2652 turalibus
1607 2621 1641 2651 in
1665 2621 1781 2662 quibus
1802 2625 1879 2652 sunt
1895 2622 1999 2662 plura
2023 2620 2191 2652 individua
2212 2620 2308 2651 unius
2329 2620 2456 2660 speciei.
2472 2638 2495 2642 -

1425 2667 1508 2697 Tum
1523 2665 1601 2707 quia
1613 2671 1779 2708 repugnat
1788 2666 1989 2708 perfectioni
2004 2675 2180 2706 corporum
2196 2665 2400 2696 caelestium:
2418 2674 2493 2695 nam

1420 2711 1510 2752 apud
1525 2711 1743 2747 Aristotelem,
1761 2711 1950 2742 universum
1966 2716 2015 2741 est
2023 2711 2207 2752 perfectum
2223 2710 2299 2751 quia
2312 2714 2359 2740 est
2373 2719 2473 2740 unum
2482 2716 2494 2746 ;

1421 2766 1465 2787 ex
1479 2765 1544 2797 quo
1559 2755 1656 2786 habet
1675 2761 1712 2786 ut
1729 2760 1854 2787 constet
1876 2765 1919 2787 ex
1942 2761 2011 2787 tota
2034 2756 2172 2786 materia
2195 2764 2274 2786 suae
2295 2754 2421 2794 speciei.
2444 2753 2494 2783 Vi-

1423 2801 1535 2832 demus
1564 2801 1663 2831 etiam
1687 2800 1720 2831 in
1751 2800 1967 2842 inferioribus
1990 2800 2092 2831 multa
2115 2809 2183 2831 esse
2206 2799 2373 2830 individua
2397 2798 2494 2829 unius

1420 2846 1540 2887 speciei
1556 2850 1698 2887 propter
1713 2845 1858 2887 aliquam
1875 2845 2106 2886 impotentiam,
2127 2844 2203 2886 quia
2221 2849 2280 2875 aut
2295 2853 2394 2874 unum
2410 2842 2493 2873 indi-

1422 2890 1556 2922 viduum
1579 2900 1646 2921 non
1664 2895 1776 2932 potest
1796 2900 1924 2932 semper
1945 2890 2079 2925 durare,
2095 2895 2154 2920 aut
2172 2899 2236 2919 non
2254 2888 2366 2928 recipit
2382 2887 2494 2929 perfe-

1421 2941 1508 2967 ctam
1525 2935 1748 2976 operationem
1763 2935 1890 2976 speciei,
1908 2940 1944 2966 ut
1958 2935 2100 2966 maxime
2113 2938 2206 2974 patet
2220 2933 2252 2964 in
2268 2932 2459 2963 hominibus.
2472 2947 2493 2954 —

1426 2981 1508 3011 Tum
1531 2980 1610 3022 quia
1633 2981 1740 3022 magis
1756 2981 1902 3021 pertinet
1923 2979 1967 3010 ad
1983 2979 2219 3022 perfectionem
2243 2976 2494 3017 uniuscuiusque

1423 3030 1564 3056 naturae
1594 3025 1822 3066 multiplicatio
1852 3024 2029 3056 secundum
2058 3024 2204 3064 speciem,
2235 3031 2318 3062 quae
2346 3026 2394 3052 est
2413 3021 2493 3062 for-

1422 3070 1529 3107 malis,
1556 3080 1655 3112 quam
1681 3070 1908 3111 multiplicatio
1935 3068 2111 3100 secundum
2139 3076 2317 3102 numerum,
2341 3074 2424 3106 quae
2447 3070 2495 3096 est

1422 3115 1613 3146 materialis.
1635 3133 1658 3138 —
1673 3115 1743 3146 Nec
1765 3115 1861 3150 valet,
1888 3115 1995 3154 inquit
2020 3112 2141 3144 ibidem
2172 3111 2306 3142 Sanctus
2336 3110 2492 3146 Thomas,

1423 3160 1510 3191 ratio
1529 3160 1815 3195 Commentatoris,
1831 3159 1908 3200 quia
1923 3158 2047 3189 scilicet
2061 3166 2201 3198 corpora
2222 3155 2374 3187 caelestia
2389 3159 2495 3185 essent

1422 3205 1620 3236 materialia.
1643 3204 1722 3236 Hoc
1744 3205 1828 3235 enim
1845 3203 1947 3234 multo
1970 3202 2077 3244 magis
2094 3201 2240 3242 sequitur
2261 3200 2290 3231 si
2309 3199 2375 3230 sint
2389 3199 2492 3239 plura

1423 3250 1522 3281 unius
1531 3250 1667 3291 speciei:
1678 3250 1756 3291 quia
1767 3247 1994 3288 multiplicatio
2007 3246 2249 3277 individuorum
2262 3245 2294 3275 in
2308 3253 2374 3274 una
2388 3243 2493 3284 specie

1412 3294 1460 3336 fit
1476 3304 1542 3336 per
1562 3294 1754 3326 divisionem
1777 3293 1934 3323 materiae
1952 3291 2030 3331 (hoc
2054 3291 2141 3321 enim
2163 3290 2299 3320 habetur
2314 3288 2353 3319 ab
2369 3288 2492 3319 Aristo-

1422 3339 1497 3376 tele,
1524 3339 1583 3370 XII
1606 3339 1762 3380 Metaph„
1792 3342 1867 3368 text.
1896 3336 1964 3376 49).
1993 3335 2058 3366 Sed
2089 3344 2147 3365 nec
2173 3338 2301 3375 oportet
2327 3342 2348 3363 a
2376 3341 2493 3373 corpo-

1423 3384 1514 3415 ribus
1536 3384 1727 3415 caelestibus
1751 3382 1884 3413 omnino
1909 3389 2077 3411 removere
2099 3379 2279 3409 materiam.

1478 3428 1725 3460 Advertendum
1747 3433 1857 3457 tamen
1880 3424 1971 3466 quod
1994 3424 2185 3465 oppositum
2208 3423 2277 3453 eius
2300 3420 2392 3461 quod
2415 3420 2493 3451 dicit

1422 3473 1584 3504 Averroes
1606 3474 1640 3504 in
1665 3473 1691 3503 11
1717 3471 1819 3506 Caeli,
1844 3474 2032 3501 commento
2060 3468 2208 3508 allegato,
2234 3465 2360 3496 videtur
2382 3470 2492 3496 tenere

1422 3527 1493 3559 cap.
1518 3518 1576 3549 ult.
1601 3518 1642 3548 de
1656 3516 1843 3547 Substantia
1865 3514 1970 3545 Orbis.
1995 3512 2059 3544 Sed
2074 3513 2158 3543 hanc
2180 3516 2390 3552 apparentem
2413 3519 2493 3541 con-

1421 3562 1650 3594 tradictionem
1673 3561 1769 3591 solvit
1790 3561 1860 3600 ipse
1884 3558 2133 3589 Commentator
2158 3557 2193 3587 in
2222 3555 2250 3586 11
2275 3555 2377 3590 Caeli,
2400 3564 2493 3586 com-

1422 3613 1524 3638 ment.
1547 3617 1601 3648 49,
1626 3606 1683 3637 ubi
1705 3606 1762 3636 ait:
1787 3603 1851 3635 Sed
1881 3608 1986 3634 tamen
2017 3602 2166 3632 debemus
2195 3600 2389 3641 intelligere,
2420 3608 2493 3630 cum

1421 3651 1566 3683 diximus
1589 3660 1629 3682 ea
1652 3660 1720 3681 esse
1735 3648 1960 3680 convenientia
1984 3647 2017 3678 in
2032 3646 2146 3687 specie,
2171 3644 2428 3676 convenientiam
2444 3653 2494 3675 se-

2517 1641 2526 1650 ·
2538 1639 2594 1668 Cap.
2606 1646 2679 1668 praec.
2687 1648 2692 1666 ;
2701 1641 2730 1663 ct.

2518 1666 2650 1689 Commeat.
2665 1667 2731 1691 ibid..

2518 1699 2581 1715 num.
2597 1699 2638 1715 vu.

2519 1737 2528 1746 ·
2542 1736 2613 1758 Num.
2624 1742 2640 1761 ι,
2654 1736 2732 1765 Argu-

2518 1763 2674 1784 mentabatur.

2519 1869 2528 1878 '¹
2542 1867 2566 1890 S.
2588 1867 2633 1890 Th.
2657 1868 2671 1889 l.
2693 1874 2735 1893 to:

2519 1894 2572 1917 Did.
2587 1895 2602 1916 Ι.
2615 1900 2645 1921 c.,
2658 1901 2688 1917 η.
