2768 4134
894 275 1083 314 SUMMA
1111 278 1334 316 CONTRA
1362 281 1636 328 GENTILES,
1668 283 1779 322 CAP.
1806 285 1851 321 L.

272 361 308 386 ut
323 361 399 387 sunt
414 361 520 387 unum
534 355 760 396 proportione,
775 364 843 385 non
860 354 1063 395 accipiuntur
1078 358 1244 396 passiones
1264 359 1345 389 entis

272 406 310 431 ut-
331 406 570 441 consequentes
594 409 694 431 unam
717 399 800 431 entis
825 405 974 430 naturam
997 400 1031 430 in
1058 401 1212 431 omnibns
1234 403 1347 432 inven-

272 451 348 481 tam,
373 445 430 476 sed
453 451 489 476 ut
504 450 743 485 consequentes
756 448 887 475 naturas
903 453 987 484 quae
1002 444 1137 475 nomine
1154 446 1235 476 entis
1251 446 1347 485 signi-

273 489 420 526 ficantur,
441 496 478 521 ut
500 496 609 521 tamen
632 497 738 520 unum
759 489 974 528 proportione
989 494 1075 519 sunt.
1099 488 1141 519 Et
1164 490 1240 529 quia
1263 499 1348 529 quae

272 540 348 566 sunt
362 544 468 566 unum
483 534 698 575 proportione
713 531 855 574 perfecte
871 533 1027 573 cognosci
1042 542 1110 564 non
1127 540 1265 573 possunt
1286 534 1348 564 nisi

272 579 401 620 cognita
424 580 594 619 utriusque
617 577 841 619 proportione,
861 578 946 609 sicut
974 586 1043 608 non
1066 583 1175 618 potest
1193 579 1349 618 cognosci

273 633 328 654 sex
350 629 383 655 et
405 629 548 665 quatuor
570 622 827 663 proportionalia
845 622 880 653 in
903 622 1148 662 comparatione
1171 622 1212 653 ad
1235 623 1294 653 tria
1317 628 1349 653 et

272 667 341 699 duo
364 677 434 700 esse
462 668 527 699 nisi
557 672 774 707 cognoscatur
803 676 859 697 sex
889 676 958 698 esse
987 666 1127 707 duplum
1157 666 1199 698 ad
1227 667 1287 697 tria
1318 673 1350 697 et

273 717 414 752 quatuor
429 712 472 743 ad
486 712 565 748 duo,
582 721 658 742 cum
675 721 744 742 non
769 718 986 752 cognoscatur
1008 711 1187 742 similitudo
1210 712 1270 742 nisi
1296 721 1350 743 ex·

273 763 374 788 trema
389 756 610 788 similitudinis
621 762 876 796 cognoscantur:
893 756 969 787 ideo
985 755 1127 796 perfecte
1139 762 1253 787 natura
1269 757 1351 787 entis

274 802 430 842 cognosci
445 811 515 832 non
530 807 639 842 potest
660 802 722 832 nisi
739 801 878 841 cognitis
900 801 1022 832 naturis
1045 801 1128 832 inter
1154 810 1190 832 se
1212 810 1351 842 propor-

273 847 398 877 tionem
410 846 604 877 habentibus
619 846 654 876 in
666 845 781 877 ordine
797 845 838 877 ad
853 855 937 883 esse;
953 854 1063 886 neque
1079 844 1221 886 perfecte
1237 852 1351 876 natura

273 891 433 932 passionis
445 892 528 922 entis
541 891 697 932 cognosci
708 896 820 932 potest
829 891 893 922 nisi
904 890 1044 931 cognitis
1054 891 1178 922 naturis
1190 891 1351 922 contentis

274 936 334 967 sub
351 941 436 972 ente,
453 936 572 976 quibus
584 935 641 966 illa
656 935 765 976 passio
775 933 1107 976 proportionabiliter*
1116 935 1279 966 convenit.

330 979 540 1021 Singulariter
563 986 673 1011 autem
691 979 869 1012 multitudo
885 980 1043 1020 cognosci
1062 989 1133 1011 non
1159 985 1268 1020 potest
1290 980 1350 1010 nisi

275 1031 516 1066 cognoscantur
539 1035 576 1056 ea
599 1035 684 1066 quae
703 1025 807 1056 multa
824 1029 901 1055 sunt
923 1029 955 1055 et
977 1024 1136 1055 distincta.
1157 1024 1245 1063 Quia
1264 1025 1351 1055 rnul-

275 1069 382 1101 titudo
406 1071 618 1111 consequitur
641 1079 709 1106 enS‚
732 1078 801 1100 non
825 1074 985 1110 quantum
1009 1068 1050 1100 ad
1077 1079 1177 1100 unam
1203 1076 1351 1101 naturam

276 1123 490 1146 communem
513 1115 606 1151 entis,
631 1114 688 1146 sed
711 1119 871 1154 quantum
894 1113 935 1144 ad
958 1114 1066 1154 aliqua
1091 1115 1150 1145 sub
1175 1121 1248 1145 ente
1273 1116 1352 1146 c'on-

275 1165 374 1196 tenta,
397 1160 433 1191 in
457 1160 576 1201 quibus
598 1158 775 1191 multitudo
799 1158 939 1190 salvatur
969 1164 1025 1190 aut
1053 1168 1111 1200 per
1138 1159 1275 1190 modum
1299 1169 1352 1190 ac-

277 1203 413 1235 cidentis
441 1210 496 1235 aut
524 1213 582 1244 per
611 1203 750 1234 modum
778 1203 985 1234 substantiae.
1016 1203 1057 1234 Et
1085 1204 1172 1240 ideo,
1204 1205 1230 1235 si
1257 1204 1354 1235 debet

276 1249 433 1290 cognosci
447 1247 624 1280 multitudo
640 1254 795 1289 tanquam
811 1248 935 1289 aliquid
957 1249 991 1279 in
1015 1249 1126 1280 multis
1142 1255 1174 1279 et
1197 1249 1354 1280 distinctis

275 1293 372 1325 rebus
396 1294 546 1330 existens,
561 1302 694 1324 necesse
719 1298 767 1324 est
781 1298 818 1324 ut
841 1302 879 1324 ea
903 1302 988 1334 quae
1011 1294 1113 1324 multa
1137 1300 1212 1324 sunt
1228 1303 1352 1334 cogno-

251 1338 490 1371 -senntur‘sub
513 1337 722 1369 distinctione
753 1337 895 1379 quadam
918 1339 1016 1370 unius
1039 1339 1079 1369 ab
1103 1338 1215 1370 altero.
1239 1339 1281 1370 Et
1305 1345 1352 1370 est

276 1382 382 1416 simile
397 1381 438 1414 de
453 1382 570 1424 impari
583 1388 734 1425 respectu
749 1383 888 1414 numeri.
906 1382 958 1414 Ad
977 1383 1041 1414 hoc
1060 1384 1154 1425 enim
1178 1390 1213 1414 ut
1229 1392 1353 1424 cogno-

277 1433 384 1459 scatur
406 1426 486 1458 haec
509 1427 617 1468 passio
639 1428 769 1459 numeri
784 1436 884 1468 quam
901 1427 1039 1459 dicimus
1063 1428 1178 1469 impar,
1196 1437 1265 1459 non
1288 1427 1354 1459 suf·
1380 1419 1383 1451 ¹>

276 1470 346 1504 ficit
366 1468 669 1504 naturam'numeri
691 1473 726 1503 in
751 1472 922 1504 communi
941 1481 1151 1513 cognoscere,
1176 1473 1252 1513 quia
1275 1473 1354 1505 haec

277 1517 385 1558 passio
407 1526 477 1548 non
499 1517 711 1558 consequitur
733 1522 909 1549 numerum
932 1517 994 1548 nisi
1020 1518 1146 1549 ratione
1173 1518 1355 1559 aliquarum

276 1561 461 1603 specierum
474 1571 620 1598 suarum,
634 1563 668 1594 in
685 1562 806 1603 quibus
821 1562 997 1594 invenitur:
1017 1562 1074 1593 sed
1093 1568 1224 1603 oportet
1247 1569 1285 1594 ut
1301 1563 1355 1595 illa

276 1607 405 1640 numeri
431 1607 557 1648 species
579 1612 797 1648 cognoscatur
820 1606 860 1638 ad
884 1616 984 1647 quam
1007 1607 1086 1638 haec
1110 1608 1217 1648 passio
1241 1617 1355 1639 conse·
1382 1636 1384 1642 .

277 1651 402 1695 quitur3
418 1651 495 1683 licet
510 1657 543 1684 et
558 1650 599 1683 ad
614 1661 790 1683 numerum
805 1652 954 1683 absolute
969 1652 1030 1683 sub
1046 1651 1264 1683 disiunctione
1279 1662 1356 1684 cum

277 1696 347 1739 pari
371 1700 601 1738 consequatur.
1345 1736 1347 1738 .

315 1758 318 1760 v
334 1740 387 1772 Ad
408 1741 594 1773 instantiam
612 1750 692 1782 ergo
712 1738 830 1773 dicitur
845 1741 936 1782 quod
959 1751 1029 1772 non
1047 1746 1096 1772 est
1111 1741 1215 1772 simile
1231 1741 1271 1773 de
1287 1742 1356 1773 risi-

276 1785 400 1818 bititate
414 1792 566 1827 respectu
584 1787 738 1823 hominis,
755 1792 787 1817 et
809 1785 851 1817 de
867 1785 1077 1817 multitudine
1094 1792 1246 1827 respectu
1262 1787 1355 1817 entis.
1382 1794 1384 1826 ξ

278 1830 367 1869 Quia
377 1831 539 1863 risibilitas
553 1832 767 1871 consequitur
777 1836 926 1862 namram
936 1831 1081 1862 hominis
1096 1831 1254 1867 absolute,
1271 1841 1356 1873 quae
1382 1827 1384 1838 ¹

278 1881 327 1910 αἱ
346 1876 539 1916 simpliciter
553 1886 633 1908 una:
657 1875 835 1907 multitudo
857 1881 969 1907 autem
992 1876 1204 1916 consequitur
1227 1885 1285 1907 ens
1307 1886 1355 1907 ra-

277 1918 369 1952 tione
393 1919 580 1962 aliquorum
603 1926 835 1952 contentorum
855 1920 916 1951 sub
941 1926 1025 1951 ente.

296 1963 299 1969 '
334 1964 389 1996 vi.
413 1965 525 1996 Sexto.
558 1964 658 2001 Deus,
683 1964 915 2006 cognoscendo
943 1973 987 2001 se,
1012 1965 1182 2006 cognoscit
1208 1970 1355 1995 naturam

278 2006 496 2040 universalem
515 2010 618 2040 entis:
644 2015 676 2040 et
697 2008 851 2050 perfecte,
876 2009 953 2050 qnia
975 2009 1015 2039 ab
1039 2018 1080 2039 eo
1105 2009 1212 2039 omnis
1235 2009 1355 2050 imper-

279 2098 322 2131 Et
343 2099 390 2131 sic
412 2099 510 2130 habet
532 2098 573 2130 de
595 2099 691 2130 rebus
714 2099 880 2139 propriam
905 2098 1138 2138 cognitionem.
1154 2115 1178 2121 —
1199 2098 1356 2130 Probatur

279 2144 524 2186 consequentia.
549 2143 636 2182 Quia
654 2152 859 2184 cognoscens
875 2142 1018 2184 perfecte
1042 2143 1184 2184 aliquam
1208 2149 1355 2174 naturam

279 2188 495 2220 universalem
518 2188 689 2229 cognoscit
703 2187 841 2219 modum
865 2197 933 2229 quo
956 2193 1071 2218 natura
1093 2187 1147 2218 illa
1169 2194 1277 2228 potest
1300 2188 1355 2219 ha-

279 2232 358 2265 beri.
381 2232 431 2264 Ex
454 2232 588 2264 diversis
611 2237 720 2264 autem
744 2232 851 2264 modis
866 2231 1022 2264 existendi
1043 2232 1286 2263 constituuntur
1308 2232 1355 2263 di-

279 2277 363 2309 versi
385 2277 504 2318 gradus
527 2277 663 2308 entium.

338 2330 368 2353 ι.
393 2321 488 2354 Circa
510 2322 764 2363 consequentiae
788 2322 1016 2362 probationem
1043 2321 1181 2352 dubium
1205 2322 1354 2352 occurrit.

279 2366 366 2399 Nam
386 2367 629 2408 metaphysicus
643 2372 793 2398 naturam
808 2367 892 2398 entis
906 2366 1122 2398 universalem
1142 2365 1284 2406 perfecte
1299 2375 1356 2397 co·

278 2412 424 2452 gnoscit:
449 2421 527 2444 curn
557 2411 627 2443 eius
653 2411 836 2443 subiectum
860 2410 996 2442 formale
1018 2411 1060 2442 sit
1082 2420 1140 2442 ens
1161 2411 1356 2451 inquantum

280 2465 348 2488 ens.
372 2456 415 2488 Et
436 2462 547 2488 tamen
562 2465 631 2488 non
648 2457 818 2497 cognoscit
833 2465 968 2487 omnem
990 2455 1130 2487 modurn
1153 2464 1222 2495 quo
1242 2461 1357 2487 natura

280 2501 496 2534 entishaberi
518 2505 643 2542 potest:
669 2510 746 2532 cum
772 2510 840 2531 non
865 2506 1041 2541 cognoscat
1063 2509 1114 2531 res
1140 2500 1202 2530 nisi
1225 2500 1260 2530 in
1283 2501 1356 2531 uni-

196 2562 204 2569 ·
245 2561 251 2567 ·
278 2545 403 2582 versali,
419 2551 456 2577 ut
471 2555 512 2577 ex
526 2545 541 2576 1
556 2545 700 2586 Metaph.
713 2546 731 2562 ⁴
746 2545 892 2576 habetur.
909 2543 997 2586 Ergo
1015 2554 1084 2576 non
1101 2550 1232 2585 oportet
1247 2549 1284 2576 ut
1299 2554 1356 2576 co-

277 2599 440 2631 gnoscens
465 2590 609 2631 aliquam
631 2595 782 2621 naturam
810 2590 1025 2621 universalem
1053 2586 1197 2631 perfecte
1221 2599 1355 2620 omnem

279 2635 350 2667 eius
371 2635 511 2667 modum
534 2644 603 2676 quo
626 2635 736 2666 haberi
758 2641 867 2675 potest
890 2641 1077 2675 cognoscat.

335 2679 368 2711 3.
390 2679 444 2711 Ad
467 2680 567 2712 huius
593 2679 789 2711 evidentiam
816 2679 1089 2711 considerandum
1120 2679 1211 2720 quod
1241 2685 1355 2710 natura

278 2723 442 2765 quaelibet
475 2724 664 2756 universalis
694 2723 891 2756 considerari
923 2723 1094 2765 dupliciter
1128 2730 1249 2766 potest:
1285 2733 1354 2758 uno

277 2768 391 2806 modo,
407 2769 604 2810 inquantum
619 2775 726 2800 totum
742 2769 911 2810 quoddam
927 2775 974 2800 est
989 2768 1168 2806 essentiale,
1182 2774 1218 2799 ut
1233 2768 1355 2799 scilicet

277 2813 400 2846 habens
422 2819 572 2846 naturam
587 2819 620 2845 et
643 2813 815 2845 essentiam
830 2814 870 2844 ab
886 2813 956 2845 aliis
977 2814 1100 2844 naturis
1122 2813 1355 2844 universalibus

277 2857 476 2896 &tinctam
501 2859 565 2890 alio
589 2858 702 2895 modo,
726 2859 923 2899 inquantum
945 2864 1054 2890 totum
1077 2858 1268 2894 universale,
1293 2858 1354 2888 sci-

277 2903 354 2939 licet
376 2909 414 2936 ut
436 2903 531 2944 plura
560 2903 595 2935 in
624 2913 660 2934 se
685 2903 908 2944 potentialiter
937 2904 1108 2935 continens
1131 2908 1163 2934 et
1185 2908 1222 2933 ut
1242 2902 1354 2933 multis

278 2957 468 2980 commune.
492 2948 526 2980 Si
548 2948 657 2989 primo
680 2947 783 2979 modo
807 2947 1041 2985 consideretur,
1060 2948 1106 2979 sic
1126 2947 1166 2978 ad
1189 2948 1259 2978 eius
1281 2957 1354 2988 per·

277 2990 397 3025 sectam
420 2993 644 3035 cognitionem
666 3002 735 3024 non
758 2993 932 3034 requiritur
955 2998 991 3024 ut
1011 2998 1227 3033 cognoscatur
1248 2993 1355 3023 omnis

278 3035 348 3068 eius
363 3036 483 3068 modus
506 3042 575 3078 qu‘o
590 3038 630 3069 ab
644 3036 853 3069 inferioribus
867 3037 979 3068 haberi
997 3043 1106 3079 potest
1124 3042 1161 3068 ut
1185 3041 1232 3068 est
1246 3041 1354 3067 totum

277 3081 476 3112 universale:
500 3081 558 3112 sed
587 3081 706 3113 sufficit
733 3088 771 3113 ut
799 3087 1040 3123 cognoscantur
1068 3082 1179 3112 omnia
1206 3090 1290 3121 quae
1314 3081 1354 3112 de

278 3126 348 3157 eius
362 3126 489 3157 ratione
500 3131 587 3163 sunt,
601 3132 633 3157 et
647 3127 760 3157 omnia
775 3136 860 3167 quae
874 3135 934 3167 per
948 3135 983 3157 se
999 3127 1071 3157 eius
1081 3127 1247 3167 propriam
1258 3126 1355 3156 ratio-

276 3180 355 3203 nem
377 3176 635 3212 consequuntur.
659 3170 713 3202 Sic
735 3171 824 3202 enim
847 3170 991 3212 perfecte
1006 3172 1216 3212 cognoscitur
1230 3171 1357 3202 animal

277 3214 410 3257 quando
424 3216 636 3257 cognoscitur
652 3215 744 3257 quod
767 3222 815 3247 est
836 3216 1015 3247 substantia
1031 3216 1171 3247 animata
1186 3215 1354 3251 sensibilis,

278 3265 311 3291 et
322 3266 567 3301 cognoscuntur
582 3261 694 3292 omnia
705 3270 790 3301 quae
805 3259 851 3291 illi
866 3260 1062 3301 inquantum
1078 3260 1197 3291 animal
1212 3266 1261 3290 est
1276 3269 1355 3291 con-

277 3305 424 3336 veniunt.
442 3323 466 3328 -
479 3305 515 3336 Si
530 3315 608 3336 vero
632 3304 855 3336 consideretur
874 3303 1020 3336 secundo
1036 3305 1150 3341 modo,
1167 3305 1212 3335 sic
1228 3304 1269 3335 ad
1283 3314 1356 3346 per-

278 3347 397 3380 fectam
419 3350 488 3381 eius
504 3351 728 3391 cognitionem
743 3349 918 3390 requiritur
932 3354 969 3380 ut
985 3355 1225 3390 cognoscantur
1240 3358 1355 3380 omnes

279 3394 349 3424 eius
371 3393 569 3426 differentiae
591 3395 712 3436 quibus
734 3394 776 3425 ad
798 3403 856 3425 sua
879 3393 1032 3425 inferiora
1046 3394 1261 3425 contrahitur:
1285 3394 1356 3434 ipsa

279 3438 367 3469 enim
390 3438 543 3471 inferiora
561 3446 637 3470 sunt
660 3440 729 3470 eius
745 3445 852 3479 partes
874 3439 1070 3480 inquantum
1093 3438 1273 3469 universale
1296 3444 1354 3474 est,

278 3483 362 3514 sicut
377 3489 410 3514 et
425 3493 464 3514 ea
479 3493 564 3524 quae
579 3484 613 3515 in
630 3484 700 3515 eius
723 3483 914 3515 definitione
932 3483 1053 3514 cadunt
1072 3489 1149 3514 sunt
1165 3484 1234 3513 eius
1249 3488 1355 3522 partes

277 3528 474 3568 inquantum
497 3534 604 3560 totum
627 3534 675 3560 est
699 3528 877 3559 essentiale.
892 3546 916 3551 -
934 3528 1120 3568 Propositio
1146 3537 1222 3567 ergo
1247 3527 1355 3557 Sancti

278 3571 428 3605 Th‘omae
443 3573 633 3614 intelligitur
644 3573 684 3604 de
699 3571 844 3614 perfecta
860 3573 1047 3613 cognitione
1062 3570 1250 3602 universalis
1266 3576 1355 3616 utro-

279 3625 344 3656 que
369 3617 472 3649 modo
496 3618 608 3650 simul:
635 3627 704 3649 non
729 3622 838 3648 autem
865 3617 906 3648 de
933 3617 1003 3648 eius
1032 3615 1220 3656 cognitione
1246 3616 1354 3655 primo

278 3661 381 3692 modo
404 3667 542 3693 tantum.

2395 299 2467 336 147

1456 360 1508 391 Ad
1531 361 1716 392 instantiam
1732 369 1841 395 autem
1857 364 1896 395 de
1912 366 2147 407 metaphysico,
2165 366 2281 398 dicitur
2297 366 2388 407 quod
2402 377 2472 399 me-

1399 404 1585 444 taphysicus
1600 415 1669 436 non
1694 409 1862 446 cognoscit
1883 409 2026 448 perfecte
2042 420 2098 441 ens
2121 416 2261 452 utroque
2285 412 2398 447 modo,
2415 412 2472 444 sed

1400 453 1528 498 tantum
1551 450 1657 488 primo
1674 451 1792 481 modo:
1818 452 1880 482 hoc
1898 454 1985 484 enim
2000 454 2118 485 sufficit
2133 455 2174 486 ad
2188 455 2366 496 perfectam
2390 458 2471 488 entis

1402 497 1624 531 cognitionem
1637 494 1830 533 inquantum
1843 502 1890 527 est
1903 498 1971 528 eius
1984 499 2174 530 subiectum.
2188 500 2252 531 Sed
2263 501 2352 532 Deus
2363 502 2472 541 ipsum

1402 541 1548 586 utroque·
1567 537 1669 579 modo
1693 538 1835 577 perfecte
1859 542 2037 580 cognoscit.
2062 542 2138 573 Ideo
2161 545 2310 575 instantia
2332 555 2400 576 non
2424 551 2472 576 est

1403 585 1517 610 contra
1540 586 1714 612 intentum.

1459 624 1526 654 VII.
1552 624 1704 665 Septimo.
1730 626 1818 657 Deus
1842 630 2011 667 cognoscit
2037 631 2178 670 seipsum
2202 632 2352 671 perfecte.
2384 634 2471 674 Ergo

1403 667 1445 698 de
1460 669 1613 699 omnibus
1629 671 1725 700 rebus
1741 671 1838 702 habet
1852 674 2017 712 propriam
2033 675 2262 714 cognitionem.
2277 695 2300 699 —
2315 677 2472 709 Probatur

1402 714 1648 753 consequentia.
1672 714 1759 752 Quia
1781 725 1983 755 cognoscens
2002 717 2143 757 perfecte
2166 719 2287 760 aliquid
2306 723 2472 761 cognoscit

1405 758 1516 788 omnia
1539 767 1623 798 quae
1647 765 1723 789 sunt
1746 760 1780 790 in
1803 760 1870 790 illo.
1896 761 1931 791 In
1955 761 2026 792 Deo
2051 768 2159 793 autem
2182 770 2256 794 sunt
2280 767 2399 802 omnia,
2423 776 2472 797 se-

1405 802 1551 833 cundum
1574 803 1754 843 potentiam
1777 805 1925 841 activam,
1943 813 2100 845 quantum
2117 806 2157 837 ad
2177 809 2321 848 proprias
2344 809 2472 841 formas.

1460 846 1602 878 Adverte
1625 847 1716 888 quod
1739 849 1798 879 ista
1821 849 1902 880 ratio
1926 859 1944 879 a
1968 850 2071 890 prima
2095 850 2208 887 differt,
2225 853 2299 883 licet
2322 862 2397 883 cum
2420 854 2473 884 illa

1406 890 1520 937 eadem
1531 891 1686 937 videatur.
1698 892 1736 927 In
1748 894 1852 934 prima
1864 894 1952 928 enim
1964 895 2226 926 considerabatur
2238 897 2318 927 ordo
2328 898 2475 928 omnium

1404 938 1583 976 causamm-
1600 936 1640 967 ad
1665 937 1816 968 effectum
1839 938 2021 970 secundum
2044 939 2135 980 quod
2158 951 2196 970 ex
2224 950 2334 971 earum
2363 943 2476 973 notitia

1406 980 1574 1012 devenitur
1597 982 1631 1012 in
1655 983 1878 1023 cognitionem
1894 983 2079 1015 effectuum.
2097 984 2159 1015 Hic
2179 990 2288 1016 autem
2303 985 2477 1017 formaliter

1406 1026 1627 1057 consideratur
1650 1027 1816 1058 existentia
1839 1027 2015 1059 effectuum
2038 1029 2071 1059 in
2095 1029 2166 1069 ipso
2191 1030 2273 1066 Deo,
2298 1030 2476 1061 secundum

1407 1071 1498 1111 quod
1510 1070 1632 1102 formae
1645 1072 1851 1112 particulares
1864 1073 2013 1103 omnium
2027 1074 2151 1104 entium
2166 1074 2199 1104 in
2215 1075 2360 1115 potentia
2375 1076 2477 1106 activa

1407 1115 1469 1146 Dei
1491 1116 1709 1153 continentur,
1734 1116 1825 1153 idest,
1843 1117 2023 1148 secundum
2040 1118 2130 1158 quod
2154 1118 2187 1148 in
2210 1119 2290 1150 Deo·
2307 1125 2353 1150 est
2376 1120 2476 1150 virtus

1407 1160 1448 1191 ad
1471 1161 1620 1192 omnium
1644 1170 1751 1192 rerum
1775 1163 1982 1202 particulares
2006 1162 2125 1193 formas
2141 1168 2294 1205 tanquam
2317 1164 2350 1195 in
2374 1165 2477 1205 prima

1407 1215 1558 1236 omnium
1583 1215 1688 1236 causa.

1467 1250 1601 1281 Octavo.
1630 1250 1718 1281 Deus
1742 1251 1801 1281 scit
1828 1257 1910 1292 quot
1939 1251 2046 1282 modis
2072 1252 2196 1292 aliquid
2226 1253 2329 1283 simile
2356 1253 2386 1283 ei
2407 1263 2476 1285 esse

1407 1300 1524 1335 potest.
1550 1295 1636 1335 Ergo
1661 1296 1830 1335 cognoscit
1853 1305 1902 1326 res
1925 1296 2105 1327 secundum
2129 1297 2275 1337 proprias
2295 1293 2435 1337 tonnas„
2454 1316 2477 1320 -

1408 1339 1498 1370 Patet
1522 1341 1763 1380 consequentia.
1789 1340 1875 1378 Quia
1897 1349 1935 1371 ex
1954 1341 2018 1372 hoc
2042 1347 2117 1372 sunt
2140 1341 2337 1372 diversitates
2358 1342 2477 1374 forma-

1408 1394 1491 1420 rum,
1516 1385 1593 1424 quia
1616 1384 1759 1416 divinam
1790 1385 1960 1416 essentiam
1990 1395 2040 1416 res
2064 1385 2475 1426 diversimodevimitantur.

1409 1428 1553 1470 Ideoque
1569 1435 1601 1459 et
1623 1429 1842 1470 Philosophus
1865 1428 2003 1460 formam
2026 1429 2170 1461 divinum
2186 1430 2348 1471 quoddam
2371 1425 2477 1463 nomi-

1381 1476 1383 1503 ἶ
1408 1479 1473 1504 nat.
1497 1491 1521 1495 -
1543 1474 1747 1505 Antecedens
1771 1483 1847 1504 vero
1872 1475 2035 1514 probatur.
2059 1474 2146 1513 Quia
2169 1476 2225 1516 qui
2249 1475 2308 1517 scit
2330 1482 2477 1508 naturam

1409 1518 1562 1559 aliquam,
1587 1519 1646 1549 scit
1669 1528 1709 1549 an
1733 1524 1765 1549 et
1787 1518 1958 1559 quomodo
1983 1520 2264 1550 communicabilis
2287 1520 2336 1550 sit.
2360 1520 2478 1552 Divina

1409 1569 1518 1594 autem
1541 1569 1655 1594 natura
1678 1572 1735 1603 per
1758 1563 2003 1594 similitudinem
2027 1564 2308 1595 communicabilis
2331 1571 2388 1596 est.
2416 1598 2419 1601 ,

1465 1607 1606 1639 Advene
1625 1607 1716 1648 quod
1734 1607 1824 1638 aliter
1847 1609 2129 1639 communicabilis
2152 1614 2200 1639 est
2215 1614 2327 1639 natura
2350 1610 2478 1640 univer-

1410 1652 1493 1688 salis,
1519 1657 1550 1682 et
1573 1652 1664 1684 aliter
1687 1652 1795 1683 divina
1817 1658 1939 1683 natura.
1965 1652 2235 1684 Communicatur
2259 1654 2346 1684 enim
2367 1659 2479 1685 natura

1383 1715 1384 1718 =
1410 1696 1598 1728 universalis
1621 1698 1699 1737 quia
1722 1695 1903 1727 secundum
1926 1696 2062 1727 eandem
2086 1698 2244 1728 rationem
2267 1698 2377 1728 multis
2401 1707 2479 1729 con-

1410 1742 1508 1778 venit,
1532 1741 1589 1772 sed
1607 1741 1731 1772 diversa
1750 1751 1819 1772 esse
1840 1742 1873 1772 in
1892 1741 1954 1773 illis
1976 1742 2082 1772 habet.
2106 1741 2227 1772 Natura
2249 1748 2357 1772 autern
2373 1741 2480 1783 divina

1410 1795 1478 1817 non
1501 1787 1547 1817 sic
1575 1787 1728 1818 creaturis
1756 1786 2025 1822 communicatur,
2049 1786 2106 1816 sed
2135 1787 2212 1827 quia
2240 1787 2350 1817 omnia
2373 1787 2480 1827 aliqua

1410 1830 1599 1871 imperfecta
1614 1832 1683 1862 eius
1707 1831 1917 1862 similitudine
1941 1831 2148 1871 participant:
2167 1832 2274 1862 omnis
2298 1832 2385 1862 enim
2407 1841 2480 1872 per-

1382 1909 1383 1913 ,
1410 1875 1519 1913 fectio,
1544 1881 1580 1907 ut
1595 1876 1744 1917 superius
1758 1881 1806 1907 est
1821 1881 1988 1907 ostensum
2003 1877 2031 1912 *,
2048 1881 2095 1906 est
2111 1876 2270 1917 quaedam
2293 1877 2480 1917 participata

1382 1919 1384 1929 ”
1409 1920 1588 1951 similitudo
1612 1919 1711 1951 divini
1735 1929 1814 1951 esse.
1839 1920 1881 1951 Et
1904 1921 1968 1951 hoc
1993 1926 2040 1951 est
2063 1920 2152 1960 quod
2180 1920 2317 1951 intendit
2344 1920 2479 1952 Sanctus

1410 1964 1556 1995 Thomas
1580 1974 1657 1996 cum
1679 1964 1786 2005 inquit
1809 1964 1898 2005 quod
1924 1964 2035 1995 divina
2059 1970 2179 1995 natura
2203 1965 2479 1996 communicabilis

279 2052 356 2086 femi
536 2059 549 2085 t
622 2053 651 2084 E
888 2054 912 2084 't
1134 2053 1154 2084 d
1261 2054 1284 2084 ti
1381 2041 1383 2061 ἦ
1409 2014 1458 2039 est
1466 2019 1530 2049 per
1543 2008 1806 2040 similitudinem:
1817 2019 1857 2040 eo
1872 2009 1972 2049 quod,
1985 2018 2050 2039 una
2067 2009 2214 2045 existens,
2230 2010 2380 2040 terminat
2391 2010 2478 2047 simi-

356 2063 378 2085 o
401 2063 535 2086 remove
550 2063 598 2085 ur.
652 2063 711 2094 rgo
742 2063 897 2094 cognosci
939 2061 1055 2084 omnes
1077 2063 1132 2094 gra
1157 2063 1194 2084 us
1218 2062 1258 2084 en
1287 2063 1353 2086 um.

1409 2053 1579 2084 litudinem
1603 2059 1820 2084 creaturarum
1835 2053 1875 2084 ad
1891 2063 1940 2090 se;
1965 2054 2041 2089 sive,
2059 2053 2149 2093 quod
2163 2053 2250 2084 idem
2267 2059 2324 2090 est,
2343 2054 2412 2094 ipsa
2431 2059 2478 2084 est

1409 2098 1463 2129 cui
1487 2098 1594 2129 omnis
1618 2097 1774 2138 perfectio
1799 2103 1963 2129 creaturae
1986 2098 2188 2129 assimilatur.

1466 2143 1575 2174 Nono.
1598 2142 1664 2173 Alii
1681 2148 1916 2183 cognoscentes
1934 2148 2138 2182 cognoscunt
2153 2152 2203 2173 res
2219 2148 2254 2173 ut
2273 2148 2347 2173 sunt
2367 2142 2476 2174 distin-

1410 2193 1489 2219 ctae.
1507 2187 1593 2228 Ergo
1610 2193 1642 2218 et
1658 2187 1756 2218 Deus.
1769 2205 1791 2210 —
1802 2186 1960 2218 Probatur
1976 2187 2218 2228 consequentia.
2231 2186 2317 2225 Quia
2333 2187 2477 2228 alioquin

1410 2232 1500 2263 Deus
1527 2237 1610 2263 esset
1633 2231 1934 2272 insipientissimus:
1964 2237 1999 2262 ut
2023 2232 2125 2272 arguit
2152 2230 2379 2272 Philosophus,
2404 2232 2415 2262 Ι
2440 2232 2478 2262 de

1410 2277 1538 2311 Anima,
1563 2282 1639 2307 text.
1657 2275 1700 2306 80
1716 2277 1744 2311 *,
1762 2282 1793 2306 et
1810 2276 1850 2306 111
1867 2276 2021 2316 Metaph„
2038 2281 2112 2306 text.
2134 2276 2184 2312 15,
2202 2281 2314 2306 contra
2337 2276 2478 2307 dicentes

1410 2321 1518 2352 Deum
1541 2330 1609 2351 non
1633 2329 1831 2360 cognoscere
1856 2321 1953 2356 litem,
1975 2329 2073 2360 quam
2089 2329 2205 2351 omnes
2221 2326 2433 2361 cognoscunt.

1466 2365 1697 2396 Goumamun
1710 2370 1742 2396 et
1751 2366 1941 2396 auctoritate
1951 2365 2030 2396 Gen.
2043 2376 2065 2401 1,
2081 2365 2165 2396 Vidit
2174 2365 2263 2396 Deus
2274 2370 2390 2396 cuncta
2402 2371 2478 2402 etc.;

1411 2416 1442 2441 et
1464 2410 1549 2441 Heb.
1566 2420 1608 2446 iv,
1632 2409 1708 2440 Non
1733 2415 1780 2440 est
1803 2410 1871 2440 ulla
1896 2415 2048 2440 creatura
2073 2410 2252 2441 invisibilis.

1465 2455 1547 2486 V111.
1573 2454 1742 2493 Quantum
1766 2454 1806 2485 ad
1829 2455 2022 2495 opinionem
2046 2464 2129 2495 quae
2152 2455 2205 2485 hic
2232 2455 2440 2495 impugnatur
2451 2455 2478 2490 ³,

1410 2499 1578 2531 sciendum
1609 2498 1699 2540 quod
1730 2508 1801 2530 eam
1832 2499 1975 2530 attribuit
2005 2499 2141 2530 Sanctus
2171 2499 2316 2529 Thomas
2343 2499 2356 2529 1
2379 2498 2478 2535 Sent.,

1410 2543 1440 2574 d.
1464 2554 1557 2580 xxxv,
1581 2554 1609 2574 a.
1636 2543 1666 2579 3,
1691 2543 1965 2580 Commentatori3
1991 2549 2022 2574 et
2044 2544 2180 2574 habetur
2202 2543 2260 2573 ΧΠ
2284 2543 2478 2584 Metaphys„

1410 2598 1530 2620 comm.
1549 2589 1601 2624 51,
1617 2588 1651 2619 in
1666 2587 1742 2618 fine.
1757 2605 1781 2610 -
1796 2587 1996 2629 Oppositum
2014 2593 2122 2619 tamen
2138 2588 2264 2619 videtur
2278 2588 2360 2618 velle
2383 2588 2479 2618 etiam

1409 2633 1466 2664 XII
1482 2633 1638 2674 Metapli„
1656 2642 1776 2664 comm.
1795 2634 1851 2669 52;
1869 2638 1901 2663 et
1916 2632 1944 2663 11
1959 2632 2100 2673 Pliysic„
2118 2632 2239 2663 comm.
2259 2633 2318 2671 75;
2339 2637 2371 2662 et
2394 2631 2420 2662 11
2440 2631 2480 2662 de

1409 2679 1537 2714 Anima,
1562 2686 1682 2709 comm.
1701 2677 1758 2716 34;
1775 2677 1832 2708 ubi
1851 2677 1920 2708 vult
1942 2677 2080 2717 primam
2099 2686 2229 2707 causam
2251 2677 2369 2707 habere
2391 2675 2479 2706 solli-

1409 2722 1587 2754 citudinem
1610 2721 1650 2752 de
1673 2721 1711 2752 iis
1727 2720 1942 2752 inferioribus.
1966 2720 2068 2759 Quod
2088 2720 2288 2752 manifestius
2308 2721 2404 2751 etiam
2422 2720 2478 2751 ha—

1408 2768 1502 2798 betur
1524 2767 1554 2797 X
1575 2766 1692 2802 Ethic„
1716 2775 1786 2806 cap.
1803 2766 1861 2802 κ’,
1878 2765 1934 2797 ubi
1957 2765 2063 2807 inquit
2078 2765 2168 2806 quod
2183 2765 2273 2796 Deus
2297 2765 2405 2795 visitat
2425 2774 2478 2795 sa-

1403 2812 1546 2853 pientem
1569 2811 1653 2842 sicut
1670 2810 1762 2852 jacit
1783 2810 1908 2841 amicus
1931 2819 2003 2840 cum
2027 2810 2143 2840 amico.
2175 2809 2243 2840 Nec
2266 2809 2350 2839 valet
2373 2808 2478 2839 dicere

1409 2856 1500 2897 quod
1514 2857 1574 2886 ista
1589 2854 1775 2886 sollicitudo
1791 2854 1868 2886 dicit
1883 2854 2101 2885 causalitatem
2122 2859 2247 2884 tantum
2270 2862 2329 2894 per
2342 2852 2478 2884 modum

1408 2901 1492 2938 finis,
1509 2910 1577 2932 non
1593 2906 1703 2932 autem
1719 2909 1827 2930 rerum
1843 2899 2076 2939 cognitionem.
2093 2898 2181 2929 Tum
2197 2898 2272 2938 quia
2295 2897 2477 2928 sollicitudo

1408 2955 1478 2977 non
1499 2946 1648 2976 nominat
1672 2944 1890 2976 causalitatem
1905 2943 1967 2974 nisi
1983 2953 2060 2974 cum
2076 2943 2273 2984 cognitione.
2297 2942 2385 2972 Tum
2402 2942 2478 2982 quia

1409 2990 1585 3022 sollicitum
1609 2999 1678 3021 esse
1702 2989 1742 3021 de
1765 2988 1873 3029 aliqua
1894 2997 1929 3018 re
1952 2997 2020 3018 non
2044 2993 2091 3018 est
2114 2997 2182 3018 esse
2197 2986 2296 3018 finem
2320 2987 2398 3022 eius,
2421 2984 2477 3017 sed

1408 3035 1511 3076 magis
1533 3035 1567 3065 in
1598 3033 1698 3065 finem
1726 3034 1895 3073 cognitum
1923 3032 2067 3073 dirigere.
2099 3032 2234 3072 Propter
2257 3030 2347 3071 quod
2372 3030 2478 3070 inquit

1410 3085 1599 3111 commento
1616 3078 1643 3109 11
1655 3078 1752 3119 Phss.
1765 3079 1783 3095 ⁴*
1796 3076 1896 3118 quod,
1909 3077 1935 3107 si
1947 3077 2083 3107 Divinus
2094 3086 2162 3106 non
2176 3075 2320 3106 admittat
2331 3079 2477 3110 naturam

1409 3134 1503 3165 agere
1514 3129 1647 3165 propter
1660 3122 1772 3158 finem,
1785 3131 1853 3152 non
1869 3127 1978 3162 potest
1993 3121 2113 3151 salvare
2127 3118 2377 3150 sollicitudinem
2393 3119 2477 3148 cirea

1409 3179 1474 3201 res:
1498 3169 1575 3209 quia
1593 3167 1742 3199 videlicet
1765 3167 1910 3206 sequitur
1933 3166 2040 3196 Deum
2063 3174 2131 3195 non
2155 3164 2289 3203 dirigere
2311 3172 2361 3193 res
2383 3168 2477 3193 natu-

1409 3214 1490 3245 rales
1515 3213 1556 3244 ad
1583 3212 1693 3249 finem,
1727 3211 1817 3252 quod
1840 3216 1888 3241 est
1911 3209 1951 3240 de
1974 3210 2050 3250 ipsis
2072 3209 2189 3239 habere
2215 3206 2476 3238 sollicitudinem.

1466 3258 1568 3298 Magis
1591 3258 1700 3297 itaque
1724 3255 1898 3287 dicendum
1914 3255 1973 3284 erit
1995 3259 2050 3284 aut
2074 3252 2163 3293 quod
2185 3252 2244 3282 sibi
2267 3252 2328 3291 ipsi
2351 3256 2477 3282 contra-

1410 3303 1508 3333 dicat:
1534 3301 1624 3343 quod
1648 3306 1738 3332 tanto
1762 3301 1831 3330 viro
1862 3297 2101 3329 attribuendum
2124 3305 2192 3327 non
2214 3300 2311 3336 puto;
2335 3304 2476 3336 praeser-

1410 3348 1468 3378 tim
1493 3346 1582 3387 quod
1598 3346 1749 3386 opposita
1765 3345 1798 3375 in
1815 3344 1943 3374 duobus
1959 3341 2151 3373 commentis
2165 3339 2358 3371 immediatis
2382 3339 2476 3370 dicat.

1410 3393 1477 3422 Aut
1489 3391 1580 3431 quod
1592 3390 1747 3421 intellexit
1758 3390 1851 3419 istam
1867 3386 2117 3418 sollicitudinem
2129 3394 2198 3415 esse
2209 3384 2250 3415 de
2261 3384 2357 3414 rebus
2369 3384 2477 3415 solum

1409 3438 1604 3476 inquantum
1633 3435 1718 3465 entia
1741 3439 1826 3468 sunt,
1850 3432 1932 3462 sicut
1960 3437 1991 3461 et
2014 3430 2066 3460 illa
2094 3429 2261 3469 cognoscit
2291 3428 2398 3458 solum
2427 3428 2477 3459 in-

1409 3486 1569 3521 quantum
1585 3480 1671 3510 entia
1686 3483 1778 3509 sunt:
1802 3478 1846 3507 ita
1861 3474 1961 3516 quod,
1979 3476 2061 3505 sicut
2076 3479 2224 3504 naturam
2247 3473 2329 3503 entis
2352 3482 2476 3513 cogno-

1410 3526 1479 3561 scit,
1502 3525 1546 3555 ita
1570 3523 1712 3564 disponit
1735 3528 1770 3552 ut
1792 3526 1905 3552 natura
1925 3519 2006 3550 entis
2029 3519 2079 3554 sit,
2095 3526 2163 3552 non
2187 3515 2414 3548 descendendo
2437 3516 2478 3547 ad

1409 3570 1474 3600 hoc
1489 3569 1540 3600 vel
1557 3567 1637 3598 illud
1653 3577 1708 3598 ens
1724 3564 1928 3606 particulare;
1941 3572 1998 3604 per
2010 3562 2211 3603 particularia
2227 3566 2336 3592 autem
2353 3562 2478 3602 agentia

1410 3613 1591 3654 disponitur
1618 3617 1655 3642 ut
1677 3612 1742 3642 hoc
1769 3615 1800 3640 et
1827 3607 1906 3639 illud
1930 3617 1986 3638 ens
2009 3607 2058 3637 sit.
2086 3606 2127 3638 Et
2153 3607 2199 3637 sic
2227 3605 2478 3638 sollicitudinem

1410 3658 1507 3688 habet
1529 3656 1570 3687 de
1592 3657 1659 3686 istis
1682 3656 1875 3694 inquantum
1898 3652 1931 3682 iri
1947 3657 2094 3682 naturam
2119 3651 2211 3687 entis,
2233 3660 2317 3691 quae
2339 3650 2479 3681 salvatur

2507 1878 2516 1887 '
2532 1876 2588 1905 Cap.
2601 1883 2664 1899 xxix.

2506 2276 2515 2286 ·
2528 2275 2566 2297 ΑΙ.
2584 2275 2619 2297 8¹.

2507 2454 2515 2462 ·
2529 2452 2565 2474 Cf.
2577 2458 2601 2474 n.
2611 2458 2626 2479 i,
2636 2451 2719 2474 Decla-

2507 2481 2554 2501 rat.

2506 2766 2514 2774 ·
2528 2765 2568 2786 ΑΙ.
2583 2770 2633 2786 vin.

2504 3076 2513 3084 ·
2529 3074 2573 3096 Cit.
2585 3079 2672 3095 comm.
2683 3079 2716 3101 75.
