2768 4134
58 2740 91 2764 Ξ

57 2635 171 2727 3.

108 2712 155 2767 ἓξ

161 2714 178 2762 4.*

177 2720 210 2763 Ee!

218 2713 238 2768 *¹0

203 2639 273 2768 &433

249 2713 272 2762 sna

774 283 962 320 SUMMA
991 282 1214 320 CONTRA
1242 284 1518 331 GENTILES,
1547 286 1641 322 LIB.
1663 287 1704 331 II,
1735 286 1845 323 CAP.
1867 287 2037 324 LXXVI.

299 358 431 389 cuilibet
446 359 627 400 recipienti:
651 360 727 400 quia
743 368 847 390 unum
865 369 963 399 agens
978 366 1143 391 remotum
1157 366 1266 400 potest
1281 369 1375 400 agere

298 403 333 433 in
356 403 459 434 multa
480 404 678 444 recipientia.
706 403 770 435 Sed
793 404 876 435 bene
905 413 1002 444 agens
1029 405 1216 444 proximum
1238 414 1375 445 propor—

298 448 460 478 tionatum
484 458 553 479 esse
570 454 709 489 oportet.
726 447 884 479 Videmus
900 449 987 479 enim
1006 449 1040 478 in
1057 449 1154 480 rebus
1176 449 1375 480 naturalibus
1400 454 1403 476 ὲ

299 492 391 522 omni
415 492 554 529 effectui,
570 493 759 533 praesertim
778 493 812 523 in
827 493 923 523 rebus
944 492 1105 533 perfectis,
1122 493 1375 534 correspondere

298 537 469 577 proprium
493 546 604 577 agens:
628 547 698 567 non
715 537 907 577 producitur
922 538 1010 567 enirn
1033 547 1107 568 rosa
1129 538 1191 568 nisi
1206 547 1224 567 a
1243 547 1326 574 rosa,
1343 543 1376 568 et

300 590 405 621 equus
427 591 497 612 non
519 582 582 612 nisi
605 582 645 611 ab
669 590 757 621 equo
773 581 979 621 producitur;
1004 587 1036 612 et
1050 582 1096 612 sic
1111 582 1263 622 propriae
1274 587 1375 612 mate-

298 626 364 656 riae
379 626 560 666 receptivae
577 625 702 656 formae
722 635 825 662 rosae,
845 632 877 656 et
892 626 1043 666 propriae
1063 626 1215 656 materiae
1238 626 1375 666 recepti—

299 679 358 701 vae
373 670 498 701 formae
514 671 602 710 equi,
619 670 877 710 correspondent
891 671 1023 711 propria
1038 671 1175 710 agentia.
1192 670 1377 700 Intellectus

299 720 410 745 autem
432 723 532 754 agens
554 715 688 754 ponitur
715 720 872 755 tanquam
894 715 1082 755 proximum
1105 723 1204 754 agens
1226 719 1376 754 respectu

298 758 480 789 intellectus
504 759 677 799 possibilis.
702 758 780 790 Ideo
804 759 858 790 illa
880 759 1127 800 proportionata
1149 759 1213 789 sint
1235 763 1375 798 oportet.

354 803 496 834 Adverte
520 805 618 834 etiam
645 803 736 844 quod
758 803 940 834 intellectus
970 812 1068 843 agens
1096 802 1213 833 dicitur
1240 803 1280 832 ab
1303 802 1376 832 Ari-

299 847 414 878 stotele
438 849 620 888 comparari
635 848 676 878 ad
691 848 893 879 intellectum
916 847 1105 888 possibilem
1121 851 1158 877 ut
1171 855 1229 877 ars
1248 846 1293 877 ad
1308 855 1376 876 ma-

299 891 435 922 teriam:
457 893 534 933 quia
549 893 632 923 sicut
648 902 697 923 ars
712 892 933 933 principaliter
948 901 1087 932 operans
1101 891 1228 922 reducit
1243 890 1377 930 quidem

298 937 467 968 materiam
490 937 531 968 de
552 938 700 977 potentia
722 937 757 967 in
780 942 890 968 actum
913 935 1037 967 formae
1063 935 1147 972 artis,
1175 944 1244 965 non
1266 939 1377 965 autem

299 980 340 1012 ad
359 980 499 1013 formam
521 981 701 1012 naturalem
723 981 826 1021 ipsius
844 981 1008 1021 operantis
1030 988 1089 1020 per
1111 984 1223 1015 artem,
1247 977 1377 1009 domifi-

299 1031 389 1056 cator
412 1027 500 1057 enim
522 1035 581 1057 sua
604 1031 671 1056 arte
692 1024 846 1066 producit
868 1024 1008 1055 formam
1031 1023 1149 1054 domus
1171 1023 1206 1053 in
1232 1023 1375 1059 materia,

298 1079 368 1102 non
390 1076 501 1101 autem
531 1079 624 1101 suam
653 1068 793 1100 formam
815 1077 882 1109 qua
904 1074 952 1099 est
982 1068 1101 1104 hom03
1128 1067 1172 1098 ita
1194 1067 1377 1098 intellectus

298 1124 396 1156 agens
419 1114 454 1145 in
472 1114 674 1145 intellectum
696 1113 885 1154 possibilem
907 1112 1084 1144 introducit
1109 1112 1234 1152 species
1260 1111 1378 1142 intelli-

297 1159 412 1200 gibiles
434 1168 544 1189 rerum
566 1157 774 1194 naturalium,
791 1163 824 1188 et
840 1156 966 1188 reducit
988 1157 1097 1198 ipsum
1116 1156 1157 1187 de
1180 1157 1327 1197 potentia
1342 1157 1377 1186 in

298 1209 408 1235 actum
423 1203 551 1233 illarum
573 1211 692 1238 rerum,
708 1211 777 1232 non
793 1207 903 1232 autem
919 1211 1012 1233 suam
1030 1201 1171 1232 formam
1194 1200 1377 1231 secundum

298 1257 399 1289 quam
421 1253 470 1278 est
491 1247 676 1278 intellectus
699 1255 808 1286 agens,
832 1247 867 1277 in
890 1247 1000 1287 ipsum
1023 1245 1210 1277 introducit.

354 1292 392 1323 11.
417 1291 631 1325 Sedrvidetur
660 1291 740 1321 haec
770 1291 852 1321 ratio
876 1300 946 1322 non
976 1290 1183 1322 concludere.
1209 1290 1378 1321 Diceretur

295 1337 386 1369 enim
410 1336 512 1377 quod,
535 1336 613 1367 licet
634 1335 815 1366 intellectui
838 1335 986 1375 possibili
1009 1334 1262 1375 correspondeat
1283 1334 1378 1365 intel-

297 1382 402 1413 lectus
417 1390 516 1421 agens
539 1386 696 1420 tanquam
714 1380 887 1421 proprium
905 1380 1064 1416 activum;
1081 1386 1114 1410 et
1129 1380 1169 1410 sit
1191 1380 1288 1410 unius
1304 1388 1378 1419 spe-

298 1427 372 1463 ciei,
401 1427 486 1457 sicut
513 1425 621 1456 omnis
643 1424 826 1456 intellectus
853 1424 1016 1465 possibilis
1040 1429 1089 1455 est
1118 1424 1216 1455 unius
1239 1424 1376 1464 speciei:

297 1480 367 1502 non
390 1476 500 1502 tamen
523 1474 655 1510 oportet
677 1474 714 1500 ut
736 1470 794 1500 uni
821 1469 1000 1500 intellectui
1022 1468 1170 1509 possibili
1195 1467 1377 1499 secundum

297 1524 474 1547 numerum
503 1513 757 1554 correspondeat
782 1523 868 1544 unus
893 1522 1033 1544 numero
1057 1513 1241 1544 intellectus
1263 1522 1376 1553 agens3

298 1569 375 1591 cum
395 1559 563 1591 videamus
578 1567 683 1589 unum
698 1567 838 1589 numero
854 1567 952 1598 agens
966 1558 1002 1588 in
1015 1557 1110 1598 plura
1132 1558 1259 1598 passiva
1280 1566 1377 1598 posse

297 1613 403 1645 agere,
425 1605 510 1636 sicut
533 1612 619 1634 unus
641 1602 724 1642 ignis
747 1611 887 1633 numero
915 1608 1023 1642 potest
1046 1602 1148 1633 multa
1176 1602 1263 1642 ligna
1286 1611 1377 1632 com-

297 1649 423 1685 burere,
447 1654 479 1679 et
501 1657 567 1679 una
589 1652 657 1678 arte
680 1646 900 1678 domificativa
922 1653 1061 1686 possunt
1082 1646 1205 1677 multae
1225 1647 1377 1677 materiae

297 1693 502 1724 transmutari
525 1691 566 1722 ad
588 1690 729 1722 formam
751 1691 881 1722 domus.

353 1737 439 1769 Dato
462 1737 561 1767 etiam
577 1735 669 1776 quod
684 1741 852 1777 oporteret
866 1741 916 1766 tot
938 1745 1077 1767 numero
1101 1745 1171 1767 esse
1193 1735 1378 1766 intellectus

296 1787 430 1823 agentes
441 1786 524 1822 quot
534 1786 611 1812 sunt
624 1780 807 1812 intellectus
822 1780 1004 1821 possibiles,
1016 1790 1086 1812 non
1097 1786 1207 1811 tamen
1220 1781 1377 1820 sequitur,

296 1827 325 1859 si
338 1826 522 1858 intellectus
545 1825 708 1866 possibilis
728 1830 776 1856 est
799 1825 923 1865 aliquid
945 1825 1073 1856 animae
1095 1825 1269 1861 humanae,
1286 1824 1378 1864 quod

297 1876 331 1903 et
351 1871 536 1902 intellectus
559 1879 657 1910 agens
673 1870 714 1900 sit
729 1869 852 1910 aliquid
875 1870 1014 1900 animae.
1037 1869 1114 1900 Non
1138 1869 1227 1900 enim
1246 1874 1378 1909 oportet

297 1921 335 1947 ut
349 1925 448 1956 agens
463 1916 498 1946 in
513 1914 629 1946 eadem
644 1914 782 1945 essentia
797 1923 937 1945 numero
952 1913 1113 1945 radicetur
1124 1914 1202 1945 cum
1219 1914 1376 1953 patiente:

298 1969 376 1992 cum
397 1959 566 1990 videamus
585 1960 620 1990 in
635 1959 835 1990 naturalibus
849 1967 948 1998 agens
963 1967 1034 1989 esse
1050 1968 1069 1988 a
1083 1959 1227 1998 patiente
1238 1959 1377 1989 omnino

298 2004 482 2036 secundum
496 2012 590 2035 suam
601 2003 814 2034 substantiam
828 2007 1024 2043 separatum,
1040 2003 1124 2034 sicut
1142 2002 1226 2042 ignis
1241 2011 1260 2032 a
1275 2003 1376 2043 ligno.

354 2049 408 2080 lu.
431 2047 670 2089 Respondetur,
695 2054 727 2079 et
753 2047 871 2078 dicitur
900 2047 1019 2087 primo,
1043 2046 1136 2087 quod
1164 2056 1234 2078 non
1261 2055 1377 2079 omnes

299 2093 434 2134 quidem
458 2094 598 2123 rationes
621 2093 674 2123 hic
697 2091 855 2124 adductae
871 2101 891 2122 a
912 2091 1032 2123 Sancto
1056 2091 1187 2122 Thoma
1209 2098 1286 2123 sunt
1308 2098 1377 2122 tan-

299 2147 400 2179 quam
422 2138 717 2168 demonstrationes
739 2135 957 2177 accipiendae,
981 2136 1039 2168 sed
1054 2136 1182 2177 aliquae
1205 2142 1281 2167 sunt
1300 2146 1377 2177 pro-

298 2182 420 2213 babiles
436 2187 468 2212 et
487 2182 703 2222 persuasivae.
728 2181 823 2213 Unde
845 2190 914 2211 non
939 2187 1070 2222 oportet
1092 2182 1127 2212 in
1150 2181 1304 2212 omnibus
1320 2191 1377 2212 co-

298 2228 369 2258 nari
391 2226 432 2258 ad
447 2227 512 2257 hoc
528 2231 565 2258 ut
579 2226 821 2257 demonstretur
836 2234 890 2256 eas
905 2225 946 2257 de
962 2226 1152 2257 necessitate
1168 2226 1376 2257 concludere.

299 2272 411 2303 Enitar
433 2277 554 2307 tamen,
579 2276 739 2312 quantum
761 2270 832 2301 fieri
854 2271 984 2310 poterit,
1007 2270 1179 2302 ostendere
1199 2270 1291 2311 quod
1309 2270 1377 2302 effi-

299 2325 393 2348 caces
415 2316 490 2352 sint,
513 2325 582 2346 non
605 2316 762 2356 parvique
783 2316 955 2346 momenti.

355 2360 482 2391 Dicitur
505 2360 662 2396 secundo,
686 2360 777 2400 quod
800 2360 983 2401 propositio
1003 2365 1168 2399 assumpta
1183 2368 1244 2399 pro
1262 2359 1378 2391 funda-

298 2410 413 2436 mento
439 2405 584 2441 rationis,
610 2404 743 2440 scilicet,
777 2405 959 2445 Unicuique
979 2404 1114 2445 passivo
1145 2404 1379 2445 correspondet

293 2449 471 2490 proprium
494 2449 647 2486 activum,
664 2449 872 2489 intelligenda
895 2455 943 2480 est
966 2449 1007 2479 de
1030 2449 1159 2489 passivo
1181 2449 1330 2485 naturali,
1347 2454 1379 2480 et

299 2493 341 2524 de
362 2493 530 2524 identitate
551 2494 679 2533 generis
701 2499 734 2524 et
756 2493 888 2525 ordinis.
913 2493 1053 2534 Oportet
1079 2493 1168 2524 enim
1190 2499 1227 2524 ut
1249 2494 1378 2534 passivo

299 2537 487 2569 naturaliter
509 2538 636 2568 motivo
651 2538 692 2568 ab
707 2538 830 2579 aliquo,
854 2538 1117 2578 correspondeat,
1132 2543 1288 2579 tanquam
1302 2547 1379 2578 pro-

299 2583 409 2623 prium
422 2591 523 2622 agens
545 2588 578 2613 et
599 2583 754 2620 naturale,
778 2582 912 2623 aliquod
935 2592 1033 2623 agens
1055 2581 1148 2623 quod
1169 2584 1210 2613 sit
1232 2582 1379 2613 eiusdem

264 2650 270 2660 .
299 2627 427 2667 generis
438 2636 516 2658 curn
530 2627 614 2667 ipso,
626 2628 815 2668 praesertim
829 2628 864 2658 in
879 2627 976 2665 rebus
991 2626 1153 2667 perfectis,
1170 2633 1206 2658 ut
1220 2627 1378 2658 inferius*

299 2672 446 2702 habetur.
469 2670 644 2712 Propterea
665 2671 783 2702 dicitur
806 2672 864 2702 Vll
888 2672 1068 2712 Metaphf,
1091 2671 1183 2711 quod
1205 2681 1255 2702 res
1277 2676 1379 2701 mate-

299 2716 392 2746 riales
415 2724 485 2746 non
507 2721 646 2756 possunt
668 2725 687 2746 a
709 2715 823 2747 formis
845 2717 998 2756 separatis
1025 2721 1180 2755 tanquam
1199 2725 1218 2746 a
1240 2715 1380 2755 propriis

300 2760 412 2791 activis
434 2760 583 2800 produci,
600 2769 677 2790 cum
692 2760 756 2791 sint
770 2760 900 2791 alterius
916 2759 1039 2791 ordinis
1053 2760 1095 2790 ab
1109 2760 1188 2800 ipsis
1203 2765 1236 2789 et
1249 2759 1379 2790 alterius

300 2804 438 2845 generi&
463 2803 497 2835 Si
511 2813 590 2844 ergo
605 2804 788 2835 intellectus
803 2813 902 2844 agens
917 2809 1124 2844 comparatur
1139 2803 1180 2834 ad
1190 2803 1380 2843 possibilem

300 2849 386 2879 sicut
395 2849 542 2879 naturale
553 2853 585 2879 et
595 2849 768 2888 proprium
779 2857 888 2888 agens,
900 2857 1033 2878 necesse
1049 2852 1097 2878 est
1107 2853 1144 2878 ut
1159 2848 1222 2878 sint
1233 2847 1379 2878 eiusdem

301 2893 428 2933 generis
451 2897 483 2923 et
505 2892 639 2924 ordinis.
663 2892 705 2923 Et
726 2892 814 2929 ideo,
833 2893 860 2922 si
882 2892 1066 2923 intellectus
1082 2897 1131 2922 est
1145 2891 1295 2922 accidens
1310 2892 1379 2922 ani-

301 2947 385 2974 mae,
409 2942 465 2968 aut
487 2936 592 2968 forma
614 2937 760 2977 corporis
783 2935 824 2978 (si
847 2937 886 2967 ab
909 2936 979 2976 ipsa
997 2936 1104 2967 anima
1118 2945 1188 2966 non
1203 2935 1379 2975 distingua-

301 2988 368 3012 tur:
391 2982 457 3012 hoc
480 2981 569 3013 enim
591 2981 672 3012 nihil
696 2981 736 3011 ad
758 2981 966 3021 propositum
987 2979 1113 3019 refert);
1138 2986 1170 3011 et
1184 2989 1243 3020 per
1265 2989 1379 3010 eonse-

301 3035 407 3066 quens
421 3026 655 3066 multiplicatur
666 3025 708 3056 ad
718 3025 1025 3065 multiplicationem
1039 3025 1227 3055 hominum:
1247 3033 1378 3055 necesse

301 3076 350 3101 est
365 3076 402 3101 ut
415 3075 450 3101 et
464 3070 646 3101 intellectus
658 3079 758 3110 agens
772 3070 813 3100 sit
824 3068 974 3101 accidens
985 3069 1113 3099 animae
1124 3074 1180 3100 aut
1190 3068 1296 3099 forma
1307 3078 1379 3099 cor-

301 3115 401 3156 poris,
426 3120 458 3145 et
480 3114 521 3145 ad
543 3113 851 3155 multiplicationem
873 3113 1048 3144 hominum
1070 3113 1314 3153 multiplicetur.
1337 3113 1380 3143 Et

301 3160 348 3190 sic
363 3168 432 3190 non
449 3159 509 3190 erit
531 3159 709 3190 substantia
730 3167 796 3188 una
819 3163 974 3198 separata.

360 3213 390 3234 2.
403 3203 501 3234 Unde
515 3203 556 3234 ad
571 3204 709 3239 obiecta,
721 3207 811 3243 patet
826 3201 918 3242 quod
929 3211 998 3232 non
1013 3206 1090 3232 sunt
1105 3206 1219 3232 contra
1233 3206 1379 3232 mentem

300 3248 445 3279 rationis.
468 3247 546 3278 Non
570 3248 658 3278 enirn
679 3247 750 3277 vult
771 3245 970 3278 concludere
992 3245 1132 3277 Sanctus
1152 3245 1300 3277 Thomas
1321 3255 1380 3286 per

302 3294 386 3324 hanc
408 3293 570 3323 rationem
593 3292 699 3332 primo
723 3291 815 3331 quod
837 3290 1016 3330 unicuique
1038 3290 1219 3320 intellectui
1232 3289 1379 3330 possibili

302 3336 556 3377 correspondeat
577 3346 664 3367 unus
686 3344 826 3366 numero
840 3335 1023 3366 intellectus
1045 3343 1154 3374 agens,
1176 3339 1215 3364 ut
1236 3334 1378 3364 obiectio

303 3382 477 3422 supponit3
508 3390 571 3412 nec
601 3380 692 3421 quod
714 3381 749 3411 in
777 3379 891 3411 eadem
919 3387 1058 3410 numero
1089 3378 1226 3409 essentia
1251 3379 1379 3408 animae

304 3431 455 3466 oporteat
469 3425 510 3456 de
524 3426 715 3456 necessitate
731 3434 799 3455 esse
815 3423 1016 3454 intellectum
1030 3422 1219 3463 possibilem
1235 3427 1267 3453 et
1282 3431 1379 3462 agen-

303 3475 371 3500 tem
393 3479 413 3500 a
436 3479 504 3510 quo
526 3469 581 3501 ille
603 3475 769 3501 movetur:
797 3467 855 3499 sed
882 3468 948 3499 hoc
976 3466 1096 3503 solum,
1119 3466 1211 3506 quod
1238 3475 1308 3497 non
1332 3471 1380 3497 est

304 3514 482 3546 substantia
497 3519 641 3554 separata
655 3519 812 3554 tanquam
823 3521 909 3544 unus
920 3511 1103 3542 intellectus
1114 3520 1214 3551 agens
1228 3511 1379 3541 omnium

304 3559 488 3592 hominum.
505 3558 607 3596 Quod
628 3559 717 3590 iuxta
740 3557 992 3589 declarationem
1014 3555 1131 3586 factam
1155 3555 1279 3595 optime
1299 3564 1379 3585 con-

305 3602 455 3634 cluditur.
472 3602 552 3641 Quo
574 3602 708 3643 quidem
731 3602 898 3638 existente,
914 3599 1117 3632 considerato
1139 3598 1242 3630 modo
1263 3598 1379 3639 agendi

305 3647 489 3678 intellectus
499 3647 623 3687 agentis
634 3652 666 3678 et
680 3647 871 3678 necessitate
882 3646 993 3686 ipsius,
1010 3648 1248 3685 consequenter
1258 3652 1379 3674 conve-

2423 289 2500 336 483

1427 366 1568 396 nientius
1584 371 1632 396 est
1647 365 1754 396 dicere
1770 365 1861 406 quod
1875 366 2058 397 intellectus
2073 367 2234 407 possibilis
2251 369 2347 398 unius
2362 368 2504 399 hominis

1428 416 1599 441 moveatur
1622 410 1661 440 ab
1684 410 1851 441 intellectu
1880 416 1994 451 agente
2019 411 2173 442 existente
2201 412 2235 442 in
2262 413 2335 452 ipso
2358 413 2503 449 homine,

1429 463 1528 494 quam
1553 454 1643 494 quod
1666 460 1836 485 moveatur
1852 456 1891 485 ab
1908 455 2075 486 intellectu
2099 462 2213 496 agente
2236 457 2270 486 in
2290 457 2353 487 alio
2369 458 2503 489 homine

1429 499 1598 528 existente:
1624 503 1660 528 ut
1682 508 1740 538 per
1763 499 1839 529 alias
1862 500 2002 530 rationes
2026 499 2158 531 inferius
2182 500 2380 532 ostendetur.

1486 542 1516 572 3.
1539 542 1573 573 Si
1589 547 1699 573 autem
1714 548 1827 573 contra
1843 544 1975 574 rationis
1998 544 2250 575 declarationem
2265 546 2411 582 instetur,
2428 547 2504 586 quia

1428 586 1535 626 inquit
1557 586 1694 617 Sanctus
1718 586 1874 623 Thomas,
1898 587 1938 618 de
1961 594 2070 619 mente
2087 589 2278 626 Aristotelis,
2301 590 2503 621 intellectum

1429 635 1579 670 agentem
1591 630 1632 660 ad
1642 631 1831 670 possibilem
1848 633 2027 671 comparari
2042 633 2126 663 sicut
2140 638 2244 664 artem
2256 634 2300 664 ad
2315 635 2485 665 materiam
2491 642 2504 672 ;

1429 684 1498 705 non
1521 680 1651 714 oportet
1675 679 1784 705 autem
1807 681 1908 706 artem
1933 686 2002 707 esse
2026 677 2170 708 eiusdem
2194 679 2319 717 generis
2335 685 2367 709 et
2383 679 2504 710 ordinis

1430 728 1507 749 cum
1529 719 1664 749 materia
1686 720 1771 755 artis,
1796 729 1871 750 cum
1896 730 1945 750 ars
1967 721 2083 751 habeat
2107 731 2175 752 esse
2198 723 2419 760 immateriale,
2435 733 2503 754 non

1429 768 1538 793 autem
1554 764 1702 800 materia3
1719 770 1751 794 et
1767 764 1812 794 sic
1824 763 1951 795 videtur
1967 764 2140 795 declaratio
2153 765 2355 798 fundamenti
2371 768 2503 798 rationis

1429 816 1497 837 non
1521 817 1590 837 esse
1607 807 1789 838 secundum
1811 809 2027 839 intentionem
2044 809 2152 840 Sancti
2169 810 2331 841 Thomae:
2348 830 2371 833 —
2387 811 2504 843 dicitur

1429 850 1521 890 quod
1535 851 1590 882 illa
1606 853 1807 892 comparatio
1821 858 1980 893 quantum
1996 853 2036 884 ad
2051 853 2173 893 aliquid
2184 863 2258 885 vera
2271 861 2327 890 est,
2345 862 2504 895 quantum

1431 901 1540 926 autem
1563 896 1604 926 ad
1631 896 1754 937 aliquid
1777 906 1845 928 non
1869 898 1966 928 habet
1989 898 2170 928 veritatem:
2196 899 2279 929 sicut
2302 905 2334 930 et
2355 901 2389 930 in
2413 902 2503 931 omni

1430 939 1491 970 alia
1514 942 1758 981 comparatione
1782 941 1908 972 accidit.
1925 942 1966 973 Se
1989 942 2086 973 habet
2107 943 2194 973 enirn
2209 943 2391 974 intellectus
2407 954 2503 984 agens

1429 983 1470 1015 ad
1485 985 1674 1024 possibilem
1697 986 1780 1016 sicut
1796 996 1845 1016 ars
1869 986 1909 1017 ad
1924 987 2102 1023 materiam,
2126 987 2323 1027 inquantum
2345 998 2413 1018 non
2428 998 2504 1028 pro-

1430 1028 1519 1059 ducit
1534 1028 1674 1060 formam
1697 1039 1773 1060 suae
1797 1031 1918 1071 speciei
1940 1032 1974 1062 in
1997 1031 2164 1062 intellectu
2187 1031 2343 1072 possibili,
2363 1032 2420 1063 sed
2434 1038 2504 1063 tan-

1430 1079 1500 1104 tum
1524 1072 1663 1105 formam
1686 1084 1794 1105 rerum
1817 1076 2048 1106 materialium:
2073 1085 2142 1106 non
2165 1077 2253 1107 enim
2277 1082 2387 1107 causat
2405 1076 2504 1108 aliurn

1430 1118 1630 1149 intellectum
1655 1124 1804 1159 agentem
1824 1121 1858 1150 in
1875 1120 2041 1151 intellectu
2066 1121 2220 1160 possibili,
2237 1120 2293 1151 sed
2316 1122 2440 1161 species
2455 1122 2504 1152 in-

1430 1162 1621 1202 telligibiles,
1645 1173 1728 1203 quae
1745 1169 1820 1194 sunt
1835 1174 1943 1195 rerum
1959 1165 2173 1196 materialium
2197 1164 2330 1195 formae.
2348 1165 2401 1196 Sic
2417 1166 2504 1196 enim

1431 1212 1463 1236 et
1485 1205 1597 1237 artifex
1620 1217 1689 1238 non
1713 1214 1823 1238 causat
1846 1219 1938 1239 suam
1961 1209 2101 1240 formam
2118 1215 2149 1240 et
2164 1219 2257 1240 suam
2281 1210 2423 1249 speciem
2440 1219 2504 1250 qua

1431 1251 1523 1281 estin
1539 1260 1647 1282 rerum
1663 1257 1787 1288 natura,
1807 1254 1841 1283 in
1857 1255 2034 1290 materiam,
2047 1254 2104 1284 sed
2116 1259 2241 1284 tantum
2259 1260 2368 1285 causat
2384 1254 2504 1285 formas

1430 1304 1538 1325 rerum
1558 1295 1598 1326 de
1622 1297 1740 1336 quibus
1757 1302 1804 1327 est
1827 1307 1885 1327 ars.
1903 1297 1997 1328 Unde
2014 1298 2105 1338 quod
2128 1299 2234 1338 inquit
2259 1298 2395 1329 Sanctus
2413 1298 2504 1329 Tho-

1430 1349 1509 1375 ωας,
1534 1340 1735 1371 intellectum
1759 1342 1945 1381 possibilem
1971 1352 2040 1373 esse
2058 1343 2231 1383 proprium
2252 1343 2417 1383 passivum
2437 1343 2505 1373 sive
2529 1381 2531 1383 v

1427 1385 1644 1424 susceptivum
1668 1385 1850 1416 intellectus
1872 1387 2013 1427 agentis,
2038 1397 2106 1418 non
2130 1388 2175 1418 sic
2196 1387 2441 1427 intelligendum
2457 1393 2505 1418 est

1429 1429 1523 1468 quasi
1542 1429 1576 1459 in
1592 1430 1664 1470 ipso
1680 1429 1864 1461 intellectus
1887 1440 1985 1470 agens
2009 1432 2202 1471 suscipiatur
2225 1431 2406 1462 secundum
2428 1440 2504 1471 pro-

1429 1473 1532 1513 priam
1548 1474 1706 1514 speciem:
1731 1474 1788 1505 sed
1811 1475 1888 1515 quia
1904 1481 1952 1506 est
1974 1475 2007 1506 id
2030 1476 2064 1506 in
2081 1485 2149 1516 quo
2173 1476 2374 1516 recipiuntur
2389 1485 2505 1506 omnes

1429 1517 1553 1548 formae
1577 1519 1616 1549 ab
1632 1519 1799 1550 intellectu
1822 1525 1937 1559 agente
1960 1520 2149 1560 productae.
2165 1537 2188 1542 —
2204 1520 2261 1550 Est
2282 1526 2391 1551 autem
2415 1519 2505 1550 dissi-

1429 1562 1580 1593 militudo
1603 1563 1687 1594 inter
1709 1563 1910 1594 intellectum
1934 1570 2084 1604 agentem
2108 1561 2139 1595 et
2162 1570 2264 1595 artem
2287 1566 2320 1595 in
2337 1574 2504 1605 compara-

1429 1607 1518 1637 tione
1542 1607 1583 1638 ad
1606 1608 1781 1648 passivum,
1807 1609 1883 1647 quia
1906 1608 2088 1639 intellectus
2111 1618 2210 1648 agens
2234 1614 2440 1648 comparatur
2463 1607 2503 1639 ad

1428 1651 1618 1691 possibilem
1642 1657 1678 1682 ut
1701 1652 1742 1682 ad
1765 1653 1935 1692 proprium
1958 1659 1990 1683 et
2006 1653 2150 1683 naturale
2175 1654 2350 1692 passivum,
2367 1653 2504 1692 recepti-

1429 1704 1507 1726 vum
1523 1694 1704 1727 formarum
1727 1696 1909 1727 secundum
1925 1696 2066 1728 eundem
2082 1697 2219 1728 modum
2241 1697 2368 1727 essendi
2384 1697 2441 1736 qui
2455 1697 2505 1727 in-

1428 1740 1573 1772 tellectui
1588 1741 1697 1781 agenti
1712 1742 1876 1777 convenit,
1888 1741 2011 1772 scilicet
2025 1741 2206 1772 secundum
2223 1750 2292 1772 esse
2307 1740 2506 1781 intelligibile

1429 1790 1463 1814 et
1477 1785 1704 1816 immateriale:
1721 1785 1796 1816 ideo
1813 1791 1944 1826 oportet
1960 1791 1996 1816 ut
2007 1793 2144 1826 uterque
2156 1786 2339 1816 intellectus
2354 1786 2389 1815 in
2403 1784 2505 1816 modo

1430 1828 1556 1859 essendi
1568 1830 1775 1866 conveniant,
1786 1835 1832 1867 ut,
1849 1831 1933 1861 sicut
1948 1830 2131 1861 intellectus
2147 1830 2308 1870 possibilis
2324 1830 2420 1860 habet
2437 1839 2505 1860 esse

1430 1881 1489 1912 per
1503 1873 1640 1904 modum
1664 1874 1861 1904 inhaerentis
1877 1880 1932 1905 aut
1947 1874 2072 1905 formae
2092 1875 2232 1910 alterius,
2248 1875 2291 1904 ita
2307 1874 2421 1904 habeat
2438 1883 2505 1904 esse

1430 1922 1462 1947 et
1484 1917 1668 1948 intellectus
1692 1927 1800 1958 agens.
1829 1919 1890 1948 Ars
1913 1924 2023 1949 autem
2047 1924 2254 1959 comparatur
2277 1918 2316 1948 ad
2339 1918 2505 1948 materiam

1429 1961 1513 1992 sicut
1529 1961 1569 1992 ad
1584 1963 1806 2002 susceptivum
1823 1962 1946 1993 formae
1971 1963 2151 1994 secundum
2168 1963 2267 1993 alium
2292 1962 2418 1999 essendi
2433 1971 2505 1992 mo-

1430 2004 1525 2036 dum:
1549 2007 1682 2037 materia
1697 2007 1786 2038 enim
1808 2007 1923 2046 recipit
1937 2006 2077 2037 formam
2093 2007 2167 2037 artis
2190 2006 2405 2042 materialiter,
2422 2015 2505 2046 quae

1430 2050 1463 2080 in
1486 2050 1653 2081 intellectu
1676 2051 1773 2081 habet
1797 2060 1866 2081 esse
1889 2051 2110 2082 immateriale.
2135 2050 2213 2081 ldeo
2232 2060 2301 2081 non
2324 2056 2454 2090 oportet
2468 2055 2505 2080 ut

1430 2094 1470 2124 sit
1491 2093 1580 2125 idem
1603 2094 1722 2126 modus
1746 2094 1872 2126 essendi
1895 2095 1970 2126 artis
1993 2101 2024 2126 et
2048 2096 2117 2126 eius
2145 2095 2329 2135 susceptivi.
2354 2094 2449 2126 Unde
2473 2100 2504 2125 et

1430 2148 1479 2168 ars
1502 2148 1571 2169 non
1595 2145 1643 2170 est
1665 2140 1810 2170 naturale
1834 2139 1986 2175 activum,
2006 2139 2062 2170 sed
2081 2140 2183 2180 magis
2203 2140 2438 2170 voluntarium:
2455 2139 2504 2169 in-

1430 2188 1590 2222 quantum
1601 2193 1670 2214 non
1683 2184 1747 2224 agit
1762 2184 1824 2214 nisi
1840 2183 1990 2214 adiuncta
2002 2184 2178 2215 voluntate.
2197 2183 2379 2214 Intellectus
2396 2188 2504 2214 autem

1430 2236 1528 2267 agens
1551 2233 1599 2258 est
1622 2228 1766 2259 naturale
1790 2229 1932 2259 activum
1954 2234 2103 2268 respectu
2126 2228 2307 2259 intellectus
2326 2227 2502 2268 possibilis;

1429 2271 1505 2302 licet
1521 2278 1680 2311 quantum
1699 2272 1739 2303 ad
1758 2272 1890 2313 aliquid,
1914 2277 1950 2302 ut
1973 2274 2098 2313 supra*
2123 2278 2170 2303 est
2194 2278 2371 2308 ostensum,
2390 2272 2505 2302 habeat
2532 2280 2542 2289 ·

1430 2315 1568 2346 modum
1592 2317 1676 2347 artis.

1486 2360 1612 2391 Dicitur
1635 2361 1770 2392 ulterius
1793 2361 1894 2401 quod,
1919 2362 1993 2392 licet
2020 2370 2068 2391 ars
2096 2361 2196 2392 alium
2218 2360 2356 2391 modum
2379 2359 2504 2391 essendi

1431 2404 1547 2435 habeat
1569 2414 1669 2445 quam
1691 2406 1834 2442 materia,
1858 2415 1926 2436 non
1949 2412 2058 2437 tamen
2075 2405 2191 2436 dicitur
2214 2414 2283 2435 esse
2307 2405 2435 2435 alterius
2450 2413 2505 2444 ge-

1430 2449 1515 2480 neris
1531 2455 1563 2480 et
1581 2449 1710 2480 alterius
1732 2449 1865 2480 ordinis.
1881 2450 1967 2488 Quia
1982 2460 2031 2480 ars
2049 2455 2096 2480 est
2111 2449 2256 2480 eiusdem
2276 2449 2409 2479 rationis
2430 2458 2505 2479 cum

1431 2492 1538 2523 forma
1563 2494 1730 2530 materiali,
1761 2499 1793 2524 et
1822 2504 1899 2524 suae
1930 2495 2047 2525 rationi
2080 2503 2149 2524 non
2179 2499 2338 2534 repugnat
2367 2498 2504 2533 uterque

1430 2537 1550 2568 modus
1573 2537 1710 2569 essendi.
1735 2538 1901 2569 Materiale
1925 2539 2014 2569 enim
2037 2543 2069 2569 et
2094 2538 2305 2569 immateriale
2328 2542 2407 2568 tunc
2430 2542 2505 2568 sunt

1430 2581 1634 2613 diversorum
1657 2582 1821 2618 ordinum,
1845 2582 1978 2622 quando
2001 2583 2119 2613 rationi
2142 2583 2238 2612 unius
2261 2586 2421 2621 repugnat
2436 2590 2504 2612 esse

1430 2626 1465 2656 in
1480 2627 1623 2662 materia,
1647 2627 1778 2657 alterius
1793 2635 1871 2657 vero
1887 2627 2004 2658 rationi
2029 2627 2182 2657 convenit
2197 2632 2234 2656 ut
2252 2626 2292 2656 sit
2307 2626 2340 2656 in
2356 2626 2502 2656 materia:

1431 2671 1515 2700 sicut
1529 2670 1740 2710 intelligentia
1763 2676 1909 2710 separata
1924 2676 1956 2701 et
1972 2679 2077 2710 equus
2092 2675 2168 2701 sunt
2182 2670 2312 2701 alterius
2328 2674 2360 2700 et
2375 2669 2503 2700 alterius

1431 2713 1554 2744 ordinis
1577 2719 1609 2745 et
1623 2715 1766 2755 generis.
1797 2715 1930 2746 Rationi
1952 2724 2030 2745 vero
2060 2714 2183 2745 formae
2207 2723 2290 2754 quae
2313 2713 2504 2754 producitur

1431 2767 1490 2798 per
1512 2763 1624 2794 artem,
1647 2759 1842 2798 inquantum
1864 2758 2064 2795 huiusmodi,
2086 2768 2155 2789 non
2177 2763 2336 2798 repugnat
2351 2767 2420 2788 esse
2435 2766 2504 2787 ma-

1431 2802 1552 2838 teriale,
1574 2812 1684 2843 neque
1707 2803 1806 2834 etiam
1827 2803 2050 2834 immateriale.
2074 2802 2179 2838 Unde,
2204 2803 2287 2833 sicut
2309 2802 2444 2832 materia
2457 2807 2504 2832 est

1432 2846 1579 2877 eiusdem
1602 2846 1724 2878 ordinis
1746 2852 1779 2878 et
1800 2847 1926 2887 generis
1950 2857 2026 2878 cum
2049 2846 2154 2878 forma
2176 2847 2209 2877 in
2232 2847 2302 2887 ipsa
2324 2855 2382 2886 per
2402 2851 2503 2877 artem

1430 2890 1626 2927 introducta,
1649 2892 1693 2922 ita
1717 2897 1749 2922 et
1772 2900 1850 2922 cum
1870 2893 1941 2932 ipsa
1963 2897 2040 2923 arte.

1488 2935 1542 2970 IV.
1570 2934 1719 2966 Secundo
1736 2936 1753 2952 ⁴*
1779 2936 1938 2977 arguitur
1968 2936 2012 2967 ad
2038 2934 2290 2966 conclusionem.
2318 2933 2502 2965 Intellectus

1431 2988 1531 3019 agens
1545 2978 1622 3010 facit
1636 2980 1762 3021 species
1777 2980 1993 3020 intelligibiles
2005 2980 2084 3010 tales
2096 2979 2199 3020 qualis
2212 2984 2260 3010 est
2273 2979 2353 3018 ipse.
2371 2978 2413 3008 Et
2427 2977 2503 3009 facit

1431 3023 1511 3054 tales
1536 3024 1649 3063 quales
1676 3030 1869 3064 competunt
1891 3024 2071 3056 intellectui
2091 3023 2237 3063 possibili
2259 3022 2300 3053 ad
2321 3022 2499 3062 intelligen-

1432 3066 1522 3098 dum.
1546 3067 1634 3108 Ergo
1657 3074 1705 3099 est
1727 3069 1994 3109 proportionatus
2021 3067 2198 3099 intellectui
2224 3066 2379 3107 possibili.
2404 3066 2501 3106 Ergo,

1433 3121 1510 3143 curn
1531 3112 1714 3144 intellectus
1739 3113 1901 3154 possibilis
1928 3113 1968 3143 sit
1994 3121 2066 3152 pars
2092 3113 2228 3147 animae,
2251 3111 2321 3151 ipse
2347 3119 2416 3141 non
2444 3110 2502 3141 erit

1431 3156 1608 3187 substantia
1633 3162 1788 3197 separata.
1811 3175 1835 3180 -—
1857 3157 1966 3188 Prima
1989 3166 2061 3196 pars
2089 3155 2307 3187 antecedentis
2335 3155 2499 3195 probatur.

1431 3199 1519 3238 Quia
1541 3210 1636 3232 omne
1658 3211 1762 3243 agens
1784 3201 1857 3242 agit
1875 3201 1935 3233 sibi
1957 3201 2071 3232 simile.
2087 3217 2112 3223 —
2126 3199 2275 3231 Secunda
2297 3204 2407 3230 autem
2429 3207 2502 3238 pars

1431 3244 1596 3285 probatur.
1619 3245 1707 3284 Quia
1721 3255 1790 3276 non
1814 3245 1890 3276 facit
1910 3245 2036 3285 species
2057 3244 2273 3284 intelligibiles
2292 3248 2365 3274 actu
2384 3247 2421 3273 ut
2442 3251 2501 3283 per

1433 3298 1486 3319 eas
1507 3289 1578 3329 ipse
1599 3289 1769 3329 intelligat,
1793 3290 1933 3320 maxime
1962 3294 2118 3329 tanquam
2145 3288 2320 3319 substantia
2347 3292 2500 3327 separata,

1432 3342 1509 3364 cum
1531 3343 1601 3364 non
1616 3334 1657 3364 sit
1678 3334 1712 3364 in
1727 3334 1873 3374 potentia
1893 3333 2028 3373 (scilicet
2050 3332 2205 3373 passiva):
2230 3331 2287 3362 sed
2309 3337 2346 3362 ut
2368 3341 2426 3371 per
2449 3340 2502 3361 eas

1431 3377 1588 3417 intelligat
1609 3378 1791 3409 intellectus
1814 3377 1984 3418 possibilis.

1486 3421 1526 3452 V.
1540 3421 1636 3453 Circa
1646 3422 1731 3453 hanc
1742 3423 1901 3453 rationem
1913 3420 2083 3462 dupliciter
2095 3419 2266 3451 dubitatur.
2279 3419 2389 3449 Primo
2402 3419 2500 3455 enirn,

1433 3465 1517 3497 circa
1526 3466 1666 3506 primam
1688 3472 1812 3506 partem
1835 3464 2062 3501 antecedentis,
2087 3464 2250 3504 quaeritur
2266 3463 2437 3504 quomodo
2451 3464 2501 3495 in-

1431 3509 1591 3550 telligatur
1601 3510 1656 3541 illa
1669 3509 1847 3541 similitudo
1863 3510 2024 3550 qualitatis
2038 3509 2120 3540 inter
2136 3508 2336 3540 intellectum
2352 3512 2501 3548 agentem

1432 3558 1465 3584 et
1487 3555 1631 3594 speciem
1652 3554 1897 3594 intelligibilem.
1913 3554 1982 3585 Aut
1996 3554 2084 3584 enim
2106 3552 2294 3592 intelligitur
2316 3551 2408 3592 quod
2424 3551 2502 3583 facit

1432 3599 1557 3638 speeies
1571 3598 1716 3630 eiusdem
1731 3599 1863 3629 rationis
1879 3607 1956 3629 cum
1977 3598 2065 3638 ipso:
2090 3602 2145 3628 aut
2163 3595 2343 3629 secundum
2359 3595 2500 3628 eundem

1431 3641 1570 3673 modum
1593 3642 1728 3673 essendi.
1749 3642 1783 3673 Si
1806 3642 1986 3673 secundum
2002 3641 2138 3672 eandem
2161 3641 2330 3678 rationem,
2353 3640 2439 3672 istud
2454 3646 2502 3672 est

2533 2279 2744 2327 εοὲηἳὲηιῗῖῗῖἰ

2531 2948 2539 2958 ·
2554 2946 2590 2969 Cf.
2605 2953 2668 2969 num.
2680 2953 2721 2969 vn.
