2768 4134
735 279 924 316 SUMMA
953 277 1175 315 CONTRA
1203 275 1478 322 GENTILES,
1506 278 1599 314 LlB.
1621 279 1661 324 ΙΙ,
1692 280 1802 316 CAP.
1824 281 1975 318 XXXII.

313 359 526 396 Praeterea.
548 359 676 406 Agens
695 369 766 406 per
785 356 1017 394 intellectum
1038 367 1118 392 non
1137 352 1332 404 praeeligit

259 423 387 449 unum
419 411 525 449 alteri
557 410 630 447 nisi
667 418 826 460 propter
857 407 1110 446 eminentiam
1137 407 1254 445 unius
1282 405 1331 442 ad

259 466 434 502 alterum.
465 465 543 502 Sed
572 463 639 501 ubi
663 464 769 500 nulla
788 470 843 500 est
862 461 1087 507 differentia,
1107 472 1189 498 non
1207 466 1332 509 potest

259 529 342 554 esse
370 516 687 567 praeeminentia.
718 515 793 553 Ubi
821 515 934 564 igitur
953 516 1059 552 nulla
1077 522 1133 551 est
1152 513 1332 550 differen-

258 570 321 617 tia,
341 583 422 608 non
442 571 485 609 fit
502 569 732 620 praeelectio
753 568 869 606 unius
898 569 947 606 ad
976 569 1150 606 alterum.
1177 567 1226 604 Et
1243 577 1332 616 pro-

259 632 344 674 pter
362 625 438 661 hoc
458 623 507 661 ab
527 630 662 672 agente
691 622 740 659 ad
764 622 988 659 utrumlibet
1017 634 1056 659 se
1086 620 1251 658 habente
1271 631 1333 657 ae-

260 677 423 727 qualiter
446 677 551 713 nulla
577 675 647 713 erit
666 675 776 722 actio,
796 675 893 712 sicut
912 687 984 712 nec
1003 687 1026 712 a
1047 673 1225 711 materia:
1251 671 1334 709 talis

260 730 366 767 enim
393 729 565 780 potentia
594 728 782 766 similatur
809 728 1002 778 potentiae
1021 726 1215 765 materiae.
1240 726 1334 763 Non

260 783 357 820 entis
385 790 517 820 autem
545 782 595 820 ad
623 794 704 819 non
733 794 802 819 ens
830 783 936 819 nulla
960 788 1086 831 potest
1115 792 1197 817 esse
1226 778 1334 816 diffe-

260 836 392 874 rentia.
424 837 558 874 Unum
587 835 700 884 igitur
727 847 808 873 non
837 847 906 872 ens
925 847 1007 872 non
1026 841 1081 871 est
1101 832 1206 871 alteri
1225 844 1334 882 prae-

260 889 434 938 eligibile.
457 912 481 916 -
503 889 580 927 Sed
601 896 752 938 praeter
770 896 892 926 totam
921 886 1211 925 universitatem
1229 897 1334 923 crea-

259 950 437 981 turarum
470 943 566 980 nihil
603 950 658 980 est
693 941 765 979 nisi
797 941 999 979 aeternitas
1028 939 1112 977 Dei.
1142 941 1185 977 In
1213 937 1334 976 nihilo

260 1004 393 1034 autem
413 1009 493 1034 non
513 1003 678 1046 possunt
705 994 887 1044 assignari
916 993 1068 1043 aliquae
1097 991 1335 1030 differentiae

260 1058 568 1096 momentorum,
588 1057 630 1086 ut
658 1049 698 1085 in
726 1060 808 1085 uno
837 1046 959 1096 magis
985 1054 1161 1096 oporteat
1189 1044 1335 1094 aliquid

260 1102 348 1140 fieri·
373 1116 494 1154 quam
523 1103 563 1140 in
591 1101 678 1140 alio.
710 1100 892 1139 Similiter
924 1112 996 1137 nec
1029 1100 1068 1137 in
1101 1098 1334 1144 aeternitate,

260 1168 363 1205 quae
381 1165 461 1195 tota
489 1164 546 1194 est
573 1154 776 1193 uniformis
796 1162 832 1191 et
851 1153 1026 1204 simplex,
1046 1161 1089 1190 ut
1107 1153 1147 1191 in
1168 1152 1300 1189 Primo
1315 1151 1335 1173 ‘¹‘

261 1218 462 1248 ostensum
491 1217 557 1247 est.
593 1207 838 1257 Relinquitur
870 1207 983 1256 igitur
1014 1207 1123 1256 quod
1155 1207 1335 1243 voluntas

260 1263 334 1301 Dei
362 1263 572 1313 aequaliter
599 1275 640 1300 se
669 1262 785 1299 habet
818 1261 867 1298 ad
901 1260 1202 1310 producendum
1231 1271 1334 1296 crea-

260 1324 389 1355 turam
407 1313 635 1367 rper‘totam
665 1314 939 1352 aeternitatem.
968 1337 991 1340 -
1019 1315 1097 1351 Aut
1126 1313 1238 1362 igitur
1266 1325 1334 1349 vo-

261 1370 387 1408 luntas
415 1383 486 1407 sua
514 1377 570 1407 est
597 1369 646 1406 de
675 1369 752 1406 hoc
784 1368 892 1418 quod
926 1379 1131 1417 nunquam
1161 1374 1334 1404 creatura

260 1423 335 1461 sub
353 1423 574 1461 aeternitate
603 1422 687 1460 eius
715 1421 986 1460 constituatur:
1017 1428 1083 1458 aut
1102 1420 1211 1470 quod
1234 1431 1334 1457 sem-

258 1488 341 1526 per.
373 1477 532 1514 Constat
560 1484 692 1513 autem
721 1475 829 1524 quod
858 1487 939 1512 non
969 1483 1024 1511 est
1052 1475 1232 1511 voluntas
1251 1473 1335 1510 eius

259 1529 309 1567 de
338 1530 414 1566 hoc
441 1529 550 1579 quod
583 1540 788 1578 nunquam
824 1536 998 1565 creatura
1033 1527 1106 1564 sub
1139 1539 1222 1564 esse
1252 1526 1334 1564 eius

259 1590 417 1621 aeterno
436 1582 707 1620 constituatur:
730 1594 822 1619 cum
841 1588 969 1630 pateat
987 1589 1180 1618 creaturas
1195 1581 1335 1617 volun-

257 1643 333 1677 tate
352 1635 436 1673 eius
455 1647 538 1673 esse
566 1635 766 1672 institutas.
796 1634 1042 1684 Relinquitur
1068 1633 1181 1682 igitur
1199 1634 1247 1671 de
1267 1645 1333 1670 ne-

258 1688 443 1736 cessitate,
472 1696 514 1726 ut
542 1688 706 1734 videtur,
733 1688 842 1738 quod
870 1695 1045 1725 creatura
1073 1699 1229 1737 semper
1251 1686 1332 1724 fuit.

312 1743 465 1780 Adhuc.
495 1742 554 1780 Ea
581 1754 683 1792 quae
712 1749 802 1779 sunt
829 1741 879 1779 ad
907 1740 1040 1787 finem,
1068 1740 1334 1778 necessitatem

258 1795 404 1834 habent
422 1808 468 1834 ex
492 1794 589 1832 fine:
621 1804 657 1833 et
685 1795 855 1833 maxime
876 1794 915 1832 in
935 1794 994 1831 his
1014 1806 1115 1844 quae
1135 1795 1333 1832 voluntate

258 1857 437 1898 aguntur.
467 1849 632 1899 Oportet
659 1849 772 1898 igitur
799 1848 920 1898 quod,
939 1847 1019 1885 fine
1048 1848 1191 1885 eodem
1210 1847 1332 1884 modo

258 1914 300 1940 se
318 1902 498 1949 habente,
519 1914 564 1939 ea
584 1915 685 1952 quae
706 1909 795 1940 sunt
823 1902 872 1939 ad
901 1900 1024 1938 finem
1044 1901 1186 1938 eodem
1210 1900 1332 1938 modo

2378 283 2450 330 345

1387 366 1427 390 se
1457 355 1623 393 habeant
1652 360 1712 394 vel
1740 360 2015 407 producantur,
2044 360 2116 397 nisi
2144 362 2323 399 adveniat
2351 375 2454 400 nova

1387 407 1574 445 habitudo
1603 422 1742 447 eorum
1770 412 1819 448 ad
1847 411 1979 448 finem.
2010 413 2114 450 Finis
2142 422 2272 451 autem
2308 424 2453 453 creatu-

1388 472 1517 497 rarum
1549 471 1595 496 ex
1623 462 1754 499 divina
1782 465 1978 500 voluntate
2010 467 2287 514 prodeuntium
2315 477 2370 505 est
2398 468 2453 506 di-

1388 513 1479 550 vina
1507 513 1669 560 bonitas,
1698 527 1798 564 quae
1834 518 1914 553 sola
1942 525 2066 565 potest
2093 531 2175 556 esse
2203 520 2356 559 divinae
2385 534 2453 559 vo-

1356 579 1365 598 s
1389 567 1543 603 luntatis
1571 566 1660 604 finis
1674 567 1705 603 ²⁶.
1738 568 1839 605 Cum
1860 569 1972 616 igitur
1998 570 2148 608 bonitas
2168 573 2299 611 divina
2318 574 2355 611 in
2377 582 2455 612 tota
2482 581 2490 589 ·

1389 619 1608 656 aeternitate
1638 621 1779 657 eodem
1814 622 1935 658 modo
1972 634 2011 659 se
2045 624 2182 662 habeat
2215 626 2254 662 in
2283 639 2322 663 se
2351 636 2386 664 et
2415 628 2454 664 in

1389 672 1680 722 comparatione
1719 673 1768 710 ad
1806 673 1976 711 divinam
2014 678 2269 724 voluntatem,
2305 680 2455 718 videtur

1389 726 1498 775 quod
1519 726 1660 763 eodem
1680 727 1802 763 modo
1818 734 2012 764 creaturae
2035 728 2072 765 in
2092 741 2173 767 esse
2193 733 2455 780 producantur

1390 791 1413 816 a
1431 779 1563 816 divina
1582 780 1780 816 voluntate
1810 779 1849 815 in
1878 787 1955 816 tota
1984 782 2220 820 aeternitate:
2251 797 2329 821 non
2351 787 2455 823 enim

1350 845 1376 859 1⁰
1390 840 1516 882 potest
1536 832 1610 869 dici
1630 833 1739 881 quod
1759 831 1886 881 aliqua
1906 844 2009 869 nova
2030 835 2159 872 relatio
2180 836 2233 872 eis
2262 838 2456 876 advenerit

1391 885 1441 923 ad
1460 885 1593 932 finem,
1614 885 1645 922 si
1664 885 1817 935 penitus
1837 893 2033 934 ponantur
2051 899 2131 924 non
2151 888 2264 925 fuisse
2288 898 2374 927 ante
2394 891 2456 928 ali-

1391 939 1499 988 quod
1519 939 1820 976 determinatum
1841 946 2007 988 tempUS‚
2023 952 2045 976 a
2060 952 2140 989 quo
2160 941 2370 991 incoepisse
2389 955 2458 992 po-

1392 1000 1549 1029 nuntur.

1446 1045 1598 1082 Adhuc.
1631 1045 1734 1082 Cum
1762 1044 1913 1082 bonitas
1942 1045 2073 1083 divina
2105 1047 2376 1095 perfectissima
2404 1048 2459 1094 sit,

1351 1117 1374 1137 15
1392 1110 1472 1136 non
1502 1099 1578 1136 hoc
1606 1098 1728 1135 modo
1757 1097 1895 1135 dicitur
1923 1099 2030 1148 quod
2059 1100 2190 1138 omnia
2219 1113 2241 1137 a
2269 1101 2353 1138 Deo
2372 1113 2460 1151 pro—

1391 1159 1590 1191 cesserunt
1617 1159 1776 1201 propter
1811 1151 2022 1189 bonitatem
2056 1152 2155 1199 eius,
2185 1162 2226 1191 ut
2254 1154 2289 1191 ei
2317 1154 2459 1204 aliquid

1392 1218 1438 1243 ex
1458 1205 1641 1243 creaturis
1660 1213 1908 1242 accresceret:
1939 1206 2005 1242 secl
2035 1206 2125 1255 quia
2149 1207 2325 1244 bonitatis
2345 1216 2400 1245 est
2419 1215 2460 1245 ut

1391 1258 1559 1308 seipsam
1589 1258 1853 1296 communicet
1881 1267 1997 1308 prout
2025 1259 2205 1308 possibile
2234 1269 2299 1307 est,
2321 1261 2359 1298 in
2379 1273 2458 1310 quo

1392 1312 1474 1362 ipsa
1493 1311 1646 1349 bonitas
1666 1311 1939 1349 manifestatur.
1963 1312 2065 1349 Cum
2085 1321 2214 1350 autem
2235 1314 2366 1352 omnia
2391 1315 2459 1351 bo-

1350 1382 1376 1398 20
1392 1366 1550 1404 nitatem
1580 1364 1651 1402 Dei
1680 1364 1907 1415 participent
1936 1365 2167 1415 inquantum
2197 1367 2338 1404 habent
2367 1380 2460 1414 esse,

1391 1419 1610 1457 secundum
1652 1418 1761 1468 quod
1803 1418 2043 1456 diuturniora
2086 1429 2190 1466 sunt,
2229 1420 2348 1469 magis
2389 1421 2460 1458 Dei

1390 1472 1603 1511 bonitatem
1631 1471 1877 1522 participant;
1913 1473 2017 1510 unde
2047 1481 2081 1510 et
2115 1486 2195 1510 esse
2229 1482 2460 1524 perpetuum

1390 1525 1531 1576 speciei
1559 1525 1698 1563 dicitur
1725 1526 1892 1563 divinum
1921 1538 2003 1562 esse
2023 1526 2052 1563 ²³⁶.
2083 1527 2238 1564 Bonitas
2257 1535 2387 1564 autem
2407 1527 2461 1564 di·
2489 1534 2497 1541 ‘

1390 1579 1481 1617 vina
1509 1579 1659 1617 infinita
1687 1587 1754 1616 est.
1790 1578 1884 1616 Eius
1914 1579 2025 1627 igitur
2057 1588 2112 1616 est
2144 1589 2185 1617 ut
2223 1593 2262 1617 se
2300 1581 2339 1617 in
2378 1580 2461 1617 infi-

1349 1654 1373 1674 ²5
1390 1632 1516 1670 nitum
1540 1633 1814 1678 communicet,
1839 1644 1917 1669 non
1940 1632 2070 1682 aliquo
2092 1633 2344 1671 determinato
2368 1642 2462 1671 tem-

1389 1699 1485 1736 pore
1526 1693 1688 1723 tantum.
1734 1687 1822 1723 Hoc
1863 1685 1976 1734 igitur
2016 1686 2169 1723 videtur
2205 1687 2253 1723 ad
2291 1686 2461 1724 divinam

1389 1739 1603 1778 bonitatem
1631 1739 1834 1789 pertinere,
1860 1747 1902 1776 ut
1930 1747 2127 1776 creaturae
2156 1739 2306 1789 aliquae
2335 1740 2383 1778 ab
2403 1752 2462 1777 ae-

1390 1802 1500 1832 terno
1529 1792 1680 1831 fuerint.

1443 1847 1551 1884 Haec
1571 1846 1684 1895 igitur
1703 1854 1792 1883 sunt
1811 1858 1857 1883 ex
1877 1853 1985 1895 parte
2005 1846 2077 1883 Dei
2097 1854 2253 1895 accepta
2273 1858 2341 1895 per
2364 1858 2462 1895 quae

1350 1925 1375 1942 ,ο
1389 1899 1544 1937 videtur
1571 1900 1679 1949 quod
1708 1907 1906 1937 creaturae
1935 1911 2091 1949 semper
2109 1899 2259 1937 fuerint.

2518 580 2570 601 Lib.
2598 581 2620 607 l,
2641 586 2691 607 cap.

2481 613 2540 628 Lxxv
2557 613 2608 634 sqq.

2504 1532 2540 1554 Cf.
2547 1532 2567 1553 11
2573 1532 2698 1557 deAm'ma,

2490 1565 2520 1586 iv,
2531 1565 2554 1584 ²3
2570 1565 2589 1580 s,
2599 1557 2643 1579 Th.
2655 1559 2669 1579 Ι.
2678 1565 2697 1585 7.

312 2023 325 2041 ι
347 2013 491 2049 praeeligit}
511 2013 653 2047 praeelegit
671 2014 744 2039 «Nx.
831 2020 845 2037 2
865 2012 1041 2045 eminentiam]
1062 2012 1292 2046 praeeminentiam
1307 2013 1372 2038 an.
1461 2012 1494 2038 18
1513 2013 1655 2046 aequaliter
1668 2016 1734 2045 post
1748 2020 1778 2037 se
1792 2012 1839 2037 Pd.
1932 2019 1960 2037 21
1984 2019 2099 2046 semper.
2118 2013 2226 2038 Constat
2244 2012 2340 2046 autem]
2360 2020 2464 2046 semper

257 2055 359 2077 constat
377 2055 421 2075 aut
439 2050 466 2082 d,
485 2057 591 2082 semper
609 2053 722 2079 constan
743 2055 796 2074 non
816 2053 857 2074 est
875 2054 962 2074 nutem
982 2047 1114 2081 (voluntas
1133 2047 1202 2082 eius)
1222 2048 1250 2075 Ρ.
1343 2047 1377 2072 26
1395 2047 1507 2082 videtur]
1527 2048 1620 2073 dicitur
1639 2048 1708 2079 axa,
1728 2048 1827 2073 dicatur
1842 2051 1906 2080 post
1925 2053 2041 2073 creatura
2060 2048 2083 2074 b.

313 2086 327 2112 3
346 2085 540 2119 prodeuntium]
559 2085 745 2118 producturum
764 2084 793 2116 Z,
812 2091 877 2110 rasa
895 2084 947 2117 pG,
965 2084 1162 2117 procedentium
1182 2084 1225 2110 Ρε.
1316 2084 1334 2109 6
1353 2083 1378 2109 in
1397 2083 1436 2117 se]
1455 2089 1482 2110 et
1499 2085 1526 2109 in
1544 2091 1574 2109 se
1593 2084 1624 2110 D.
1715 2083 1731 2108 8
1750 2084 1936 2116 producantur]
1962 2084 2144 2117 producuntur
2162 2084 2247 2109 oeXPc.
2340 2091 2371 2116 ¹7
2391 2084 2463 2109 boni-

255 2122 316 2148 uti·
335 2122 379 2148 Ita
397 2121 567 2151 WYZsEbP5
591 2120 703 2146 bonius.
795 2127 824 2145 21
854 2119 1008 2152 secundum]
1033 2119 1131 2145 scilicet
1157 2127 1184 2144 α.
1275 2119 1322 2144 Dei
1337 2122 1403 2152 post
1427 2119 1570 2145 bonitatem
1594 2119 1747 2145 DNWYPc.
1841 2118 1873 2144 28
1898 2119 2002 2152 suerint]
2029 2119 2134 2145 fuerunt
2159 2120 2218 2146 «cd.
2311 2119 2343 2144 30
2362 2119 2462 2152 fuerint]

14 2396 25 2408 ·
39 2395 76 2419 Cf.
93 2395 229 2418 conium.

14 2427 66 2452 ep.
78 2427 164 2451 praee„
178 2421 229 2444 init.

256 2158 362 2184 fixerunt
381 2157 466 2183 ext-d.

1025 2243 1365 2276 Commenta-ia
1396 2243 1708 2276 Fen-ariensis

333 2353 462 2375 omum
484 2343 524 2374 ad
555 2343 747 2380 secundum,
771 2342 945 2374 solvendae
977 2348 1053 2374 sunt
1082 2343 1223 2373 rationes
1251 2351 1334 2382 quae

337 2394 450 2420 contra
484 2387 732 2419 conclusionem
772 2387 995 2428 praecedentis
1034 2387 1167 2428 capituli
1204 2386 1287 2418 fiunt
1306 2388 1333 2417 ἦ

257 2431 354 2464 Circa
376 2433 441 2464 hoc
464 2438 574 2464 autem
598 2432 664 2463 duo
689 2432 766 2464 facit
783 2431 921 2463 Sanctus
937 2432 1094 2463 Thomas.
1119 2432 1229 2463 Primo
1246 2432 1334 2462 enim

255 2477 341 2518 ipsas
372 2478 512 2508 rationes
541 2486 600 2518 per
627 2476 776 2508 ordinem
807 2478 918 2518 ponit;
950 2476 1106 2514 secundo,
1131 2476 1171 2507 ad
1201 2486 1254 2507 eas
1285 2486 1334 2506 re-

255 2521 406 2562 spondet,
431 2522 536 2562 capite
559 2531 652 2553 xxxv.

311 2565 406 2597 Circa
421 2567 564 2607 primum
583 2567 643 2597 tria
662 2566 752 2597 facit:
769 2566 888 2607 primo,
900 2567 1042 2597 rationes
1059 2575 1143 2606 quae
1159 2571 1334 2596 sumuntur

255 2620 295 2642 ex
316 2617 407 2652 parte
430 2611 503 2649 Dei,
523 2611 634 2652 ponit;
659 2611 815 2648 secundo,
831 2612 974 2642 rationes
997 2621 1035 2642 ex
1058 2616 1149 2651 parte
1173 2616 1333 2642 creatura-

254 2665 328 2687 rum
357 2661 513 2697 sumptas,
545 2657 651 2697 capite
674 2666 789 2692 mnu
813 2657 919 2693 tertio,
951 2657 1092 2686 rationes
1121 2661 1267 2696 sumptas
1295 2665 1332 2685 ex

253 2706 344 2741 parte
367 2699 528 2738 factionis,
553 2701 658 2742 capite
681 2711 785 2732 xxm.

309 2745 479 2784 Quantum
501 2744 541 2776 ad
565 2746 718 2786 primum,
738 2745 895 2786 arguitur
911 2745 1032 2784 primo.
1053 2744 1140 2783 Quia
1158 2744 1247 2775 Deus
1263 2753 1332 2774 non

252 2795 413 2827 movetur,
433 2799 542 2831 neque
557 2799 616 2830 per
634 2799 669 2820 se
691 2798 800 2830 neque
823 2799 882 2830 per
904 2788 1063 2820 accidens.
1089 2788 1198 2819 Omne
1221 2793 1331 2819 autem

253 2833 346 2875 quod
367 2843 437 2866 non
460 2844 589 2875 semper
611 2835 686 2874 agit,
709 2838 861 2864 movetur
879 2842 937 2873 per
960 2843 995 2863 se
1014 2833 1066 2864 vel
1089 2842 1148 2873 per
1170 2832 1330 2863 accidens.

309 2878 469 2909 Secundo.
494 2878 582 2917 Quia
612 2877 745 2908 effectus
775 2877 923 2919 procedit
953 2887 971 2908 a
1001 2887 1098 2908 causa
1127 2883 1242 2918 agente
1272 2886 1331 2917 per

253 2923 417 2953 actionem
441 2923 522 2954 eius.
546 2923 643 2953 Actio
667 2928 777 2953 autem
801 2922 863 2953 Dei
886 2927 933 2952 est
956 2928 1094 2952 aeterna.

312 2967 433 2997 Tertio.
458 2966 558 3005 Quia,
583 2967 690 3007 posita
721 2976 817 2997 causa
847 2972 879 2997 et
908 2965 1096 3003 sufficienti,
1119 2975 1251 2997 necesse
1281 2971 1330 2997 est

253 3009 405 3041 effectum
428 3011 518 3051 poni.
551 3011 641 3042 Deus
671 3016 780 3041 autem
811 3016 858 3041 est
889 3020 985 3041 causa
1014 3010 1176 3041 sufficiens
1207 3010 1330 3051 produ·

254 3055 370 3086 ctionis
393 3065 518 3086 rerum:
545 3061 576 3086 et
599 3061 647 3086 est
670 3055 709 3085 ab
733 3060 876 3086 aeterno.

311 3100 450 3136 Quarto.
475 3099 562 3138 Quia
585 3109 682 3140 agens
702 3109 759 3139 per
777 3099 980 3130 voluntatem
995 3109 1062 3130 non
1079 3099 1216 3130 retardat
1231 3108 1328 3130 suum

1389 2342 1597 2382 propositum
1621 2343 1738 2382 exequi
1761 2341 1801 2372 de
1825 2342 1935 2382 aliquo
1953 2341 2102 2373 faciendo
2118 2343 2180 2373 nisi
2195 2348 2326 2383 propter
2342 2342 2461 2382 aliquid

1389 2387 1423 2417 in
1454 2386 1601 2417 futurum
1632 2392 1837 2427 expectatum
1867 2387 1958 2427 quod
1988 2387 2136 2418 nondum
2167 2387 2265 2417 adest.
2296 2386 2460 2427 Quicquid

1390 2436 1499 2462 autem
1522 2431 1611 2462 Deus
1635 2441 1723 2464 nunc
1747 2431 1816 2461 vult
1840 2430 1931 2472 quod
1955 2431 2004 2468 sit,
2029 2432 2067 2462 ab
2092 2437 2222 2462 aeterno
2246 2432 2348 2462 voluit
2371 2431 2460 2471 quod

1389 2476 1443 2506 sit:
1467 2485 1528 2506 nec
1552 2475 1674 2516 aliquid
1698 2475 1785 2506 aliud
1810 2476 1970 2516 expectari
1990 2477 2098 2516 potuit
2114 2476 2154 2507 ad
2173 2476 2357 2506 universalis
2374 2485 2459 2506 crea·

1388 2526 1479 2551 turae
1501 2520 1766 2561 productionem.

1447 2564 1581 2601 Quinto.
1606 2565 1692 2603 Quia
1715 2565 1866 2595 voluntas
1890 2564 1951 2595 Dei
1975 2565 2150 2605 aequaliter
2168 2574 2202 2595 se
2218 2564 2313 2594 habet
2328 2563 2367 2594 ad
2382 2573 2457 2603 pro-

1388 2608 1571 2640 ducendam
1594 2615 1773 2640 creaturam
1803 2619 1862 2650 per
1891 2614 1992 2640 totam
2021 2610 2249 2640 aeternitatem.
2273 2608 2339 2638 Aut
2362 2608 2457 2647 igitur

1388 2659 1436 2684 est
1459 2653 1499 2684 de
1522 2655 1586 2684 hoc
1610 2654 1701 2695 quod
1724 2659 1868 2685 creatura
1895 2663 2062 2694 nunquam
2094 2654 2151 2683 sub
2181 2652 2363 2683 aeternitate
2387 2653 2455 2682 eius

1387 2699 1618 2729 constituatur:
1644 2704 1700 2729 aut
1723 2698 1814 2739 quod
1837 2707 1973 2739 semper.
1999 2698 2133 2729 Constat
2156 2702 2263 2727 autem
2282 2695 2371 2736 quod
2386 2705 2454 2726 non

1387 2748 1435 2773 est
1458 2743 1608 2774 voluntas
1633 2744 1701 2774 eius
1725 2743 1765 2774 de
1788 2744 1852 2774 hoc
1877 2742 1966 2783 quod
1989 2751 2157 2782 nunquam
2181 2742 2239 2771 sub
2264 2741 2330 2771 eius
2354 2745 2454 2770 aeter-

1386 2788 1485 2818 nitate
1510 2789 1734 2819 constituatur.
1759 2788 1846 2829 Ergo
1870 2797 2001 2818 necesse
2025 2793 2071 2818 est
2095 2786 2183 2826 quod
2208 2790 2348 2816 creatura
2371 2793 2453 2814 sem-

1386 2841 1444 2872 per
1466 2831 1572 2863 fuerit.

1441 2876 1552 2908 Sexto.
1577 2877 1664 2915 Quia
1686 2876 1759 2907 finis
1784 2882 2000 2907 creaturarum
2017 2881 2063 2906 est
2079 2875 2184 2905 divina
2208 2874 2340 2904 bonitas
2358 2872 2450 2910 Quae

1385 2922 1419 2951 in
1442 2926 1512 2952 tota
1534 2922 1720 2952 aeternitate
1744 2921 1861 2952 eodem
1877 2920 1978 2951 modo
1995 2929 2028 2950 se
2044 2920 2140 2950 habet
2159 2919 2191 2948 in
2215 2928 2248 2948 se
2267 2923 2297 2947 et
2313 2918 2344 2946 in
2361 2925 2451 2946 com-

1384 2966 1551 3006 paratione
1575 2965 1615 2996 ad
1639 2965 1781 2997 divinam
1804 2966 2015 2996 voluntatem.

1440 3009 1592 3050 Septimo,
1617 3010 1703 3048 Quia
1727 3011 1854 3040 bonitas
1878 3009 1983 3040 divina
2007 3013 2054 3039 est
2076 3006 2208 3037 infinita.
2233 3005 2273 3036 Et
2295 3013 2352 3044 per
2371 3013 2448 3033 con-

1383 3063 1524 3094 sequens
1539 3055 1609 3085 eius
1625 3060 1673 3085 est
1687 3060 1724 3085 ut
1738 3055 1771 3084 in
1788 3053 1950 3084 infinitum
1967 3062 2000 3083 se
2017 3051 2243 3086 communicet,
2255 3058 2322 3079 non
2338 3048 2447 3087 aliquo

1384 3098 1597 3130 determinato
1621 3105 1769 3140 tempore
1792 3105 1927 3129 tantum.

395 3700 489 3725 Smnm
508 3699 619 3725 eoum
638 3699 770 3725 Gmuzs
790 3699 822 3724 D.
840 3699 956 3724 Tuo-nn
974 3698 1043 3722 Tou.
1063 3698 1080 3724 1.
