2768 4134
8 2444 12 2453 ⁷
43 2445 58 2456 ⁶
78 2445 138 2474 cup.
165 2451 261 2473 nutv,

847 279 1034 318 SUMMA
1064 283 1285 322 CONTRA
1313 286 1588 336 GENTILES,
1618 290 1728 328 CAP.
1749 292 1950 330 LXXXIII.

2419 297 2490 333 231

637 436 1126 496 CAPITULUM
1165 441 1753 502 OCTOGESIMUM
1789 447 2166 505 TERTIUM

1180 567 1208 597 A
1233 577 1298 608 24r
1335 569 1404 599 b26
1429 571 1496 601 sine
1521 571 1625 602 titulo.

302 669 478 722 QUOD
510 670 675 711 DEUS
703 670 871 712 VULT
900 671 1155 724 ALIQUID
1185 675 1373 717 ALIUD

428 844 442 863 μ
479 832 491 852 «;
510 821 534 846 x
563 808 623 846 his
651 817 783 847 autem
813 810 947 848 haberi
979 819 1108 861 potest
1139 815 1258 863 quod,
1289 815 1373 853 licet

324 884 332 891 ›
366 863 432 921 „L
522 863 632 900 Deus
647 863 747 901 circa
762 871 918 901 causata
933 864 1029 902 nihil
1049 867 1263 905 necessario
1283 869 1374 906 velit

321 950 341 966 ,
371 921 491 970 9552
523 915 711 964 absolute,
732 918 815 955 vult
833 925 965 955 tamen
984 918 1130 968 aliquid
1157 921 1372 960 necessario

331 969 339 986 ‘¹
428 961 493 990 ζ’)-
523 981 571 1007 ex
600 969 881 1020 suppositione.

354 1022 568 1060 Ostensum
596 1023 703 1061 enim
726 1023 816 1061 est*
843 1023 1019 1062 divinam
1037 1026 1278 1064 voluntatem
1302 1027 1372 1066 im-

298 1075 527 1113 mutabilem
545 1088 640 1114 esse.
670 1078 712 1114 ln
731 1076 906 1126 quolibet
925 1086 1056 1115 autem
1078 1077 1320 1128 immutabili,
1342 1082 1372 1119 si

298 1130 421 1167 semel
454 1137 511 1166 est
544 1129 702 1181 aliquid,
733 1141 815 1168 non
849 1138 977 1180 potest
1009 1133 1264 1180 postmodum
1292 1146 1372 1172 non

297 1192 396 1221 esse:
427 1182 504 1221 hoc
532 1183 639 1221 enim
667 1182 818 1221 moveri
855 1183 1021 1222 dicimus
1054 1186 1163 1234 quod
1198 1186 1305 1224 aliter
1332 1200 1372 1226 se

297 1235 415 1278 habet
433 1247 542 1277 nunc
558 1244 596 1274 et
614 1236 734 1287 prius.
765 1236 806 1275 Si
834 1236 948 1286 igitur
967 1237 1099 1276 divina
1117 1241 1298 1290 voluntas
1317 1249 1372 1278 est

296 1288 567 1335 immmabffis,
581 1290 712 1340 posito
729 1290 838 1340 quod
857 1290 1003 1340 aliquid
1022 1291 1124 1339 velit,
1140 1304 1297 1331 necesse
1317 1302 1372 1332 est

286 1342 640 1397 eit-suppositione
669 1355 763 1381 eum
791 1344 868 1381 hoc
894 1346 1005 1382 velle.

300 1404 318 1451 ᾗ
349 1395 456 1445 Iaem.
487 1396 619 1434 Omne
639 1404 843 1435 aeternum
862 1405 922 1436 est
937 1398 1210 1437 necessarium.
1240 1401 1371 1438 Deum

295 1440 428 1504 §sstem
445 1450 545 1495 velle
573 1450 720 1502 aliquid
748 1458 951 1492 causatum
972 1464 1054 1490 esse
1074 1460 1130 1490 est
1149 1460 1368 1492 aeternum:

294 1495 392 1540 sicut
410 1501 516 1541 enim
535 1516 619 1541 esse
638 1516 769 1552 suum,
786 1503 836 1542 ita
855 1512 892 1542 et
906 1506 1003 1542 velle
1023 1505 1242 1545 aeternitate
1261 1520 1370 1545 men-

294 1556 495 1603 euramr‘..
511 1557 580 1595 Est
593 1569 686 1606 ergo
705 1558 980 1596 necessarium.
1002 1559 1080 1596 Sed
1099 1571 1181 1597 non
1195 1560 1370 1598 absolute

293 1609 600 1649 cummanum:
631 1611 723 1661 quia
750 1612 932 1649 voluntas
959 1612 1034 1649 Dei
1061 1624 1141 1650 non
1170 1614 1288 1651 habet
1304 1626 1370 1651 ne-

293 1662 500 1715 §essassriam
529 1664 803 1702 habitudinem
833 1665 882 1702 ad
915 1666 993 1703 hoc
1020 1665 1186 1704 volitum
1204 1666 1236 1704 ¹⁸.
1266 1667 1369 1716 Ergo

214 1752 217 1761 ,
258 1746 262 1749 .
299 1756 302 1757 ⁷
356 1717 641 1771 [necessarium
669 1730 717 1760 ex
745 1717 1023 1770 suppositione.

404 1779 417 1815 J
446 1778 561 1813 terea
583 1770 786 1821 Quicquid
802 1772 911 1810 Deus
929 1772 1067 1822 potuit,
1086 1781 1228 1823 potest:
1248 1773 1369 1812 virtus

0 1005 14 1075 ξ
54 1019 66 1032 ·
79 1019 137 1049 cup.
153 1026 230 1049 praec.

301 1878 365 1919 ¹¹¹&
381 1886 564 1920 nqpooitione
581 1886 621 1919 (in
633 1886 692 1919 fine
709 1886 799 1911 lineae
811 1887 1000 1919 medentis
1017 1890 1079 1912 me
1095 1888 1218 1919 conditio,
1236 1892 1263 1914 et
1280 1895 1365 1921 snpra
1384 1890 1535 1922 marginem

949 1922 963 1947 5
984 1923 1054 1949 enim
1073 1928 1115 1950 est
1132 1923 1181 1954 Wz
1199 1930 1241 1950 eet
1258 1925 1329 1951 enim
1346 1924 1487 1955 DGNZfl’,
1506 1930 1548 1950 est
1565 1930 1654 1950 amem
1673 1926 1756 1957 asca,
1775 1931 1814 1951 est
1834 1926 1864 1952 Y.

290 1922 418 1953 mnan
437 1922 586 1949 cmditinne
603 1923 646 1948 vel
665 1923 857 1955 supponiione.

286 1957 671 2053 ⁸’⁰⁸¹2:Yon-titiiiac-proponiitus·
689 1992 752 2024 ape,
769 1993 856 2026 primo
874 1993 980 2027 ponitur
997 1993 1030 2019 D.

291 2026 326 2054 ¹6
345 2026 378 2054 ab
393 2035 429 2054 eo
447 2035 490 2054 om
531 2047 539 2054 .
631 2035 664 2062 ¹7
684 2036 715 2054 ex
734 2029 756 2054 A
774 2029 860 2060 sotum
880 2029 922 2054 de.

1110 2002 1128 2026 4
1147 1994 1272 2028 quicquid
1289 2002 1328 2020 ex
1341 1994 1484 2029 quidquid!

1409 678 1450 718 A
1484 679 1557 719 SE
1590 680 2012 722 NECESSITATE
2039 682 2490 727 SUPPOSITIONIS

1429 818 1535 855 enim
1562 819 1644 857 eius
1672 832 1753 857 non
1781 821 1977 867 minuitur,
1998 821 2095 859 sicut
2114 835 2185 860 nec
2210 823 2292 861 eius
2315 826 2487 863 essentia.

1429 871 1506 908 Sed
1539 884 1619 909 non
1650 881 1776 924 potest
1807 886 1912 912 nunc
1949 886 2029 912 non
2061 876 2160 912 velle
2191 876 2302 926 quod
2335 878 2491 927 ponitur

1428 924 1611 963 voluisse:
1641 927 1732 976 quia
1760 939 1841 965 non
1868 935 1993 977 potest
2025 928 2165 966 mutari
2198 941 2268 967 sua
2299 931 2488 969 voluntas.

1428 976 1530 1026 Ergo
1559 991 1764 1028 nunquam
1791 980 1917 1029 potuit
1935 993 2016 1019 non
2034 981 2132 1018 velle
2150 981 2336 1031 quicquid
2354 983 2487 1021 voluit.

1396 1043 1404 1062 ε
1428 1030 1496 1067 Est
1523 1043 1613 1079 ergo
1642 1033 1903 1071 necessarium
1929 1046 1975 1071 ex
2004 1034 2269 1083 suppositione
2302 1047 2395 1073 eum
2421 1049 2490 1075 vo·-

1428 1083 1542 1120 luisse
1578 1084 1763 1134 quicquid
1794 1086 1926 1133 voluit,
1961 1086 2058 1124 sicut
2089 1095 2126 1125 et
2156 1089 2270 1125 velle:
2308 1097 2489 1127 neutrum

1427 1144 1556 1173 autem
1586 1138 1844 1176 necessarium
1870 1139 2054 1186 absolute,
2075 1140 2142 1177 sed
2165 1141 2345 1190 possibile
2367 1143 2488 1180 modo

1427 1189 1621 1239 praedicto
1639 1191 1671 1228 ²¹².

1480 1243 1668 1293 Amplius.
1699 1244 1948 1294 Quicumque
1977 1247 2059 1284 vult
2087 1246 2242 1296 aliquid,
2271 1249 2486 1288 necessario

1388 1312 1412 1326 10
1426 1297 1508 1333 vult
1527 1308 1573 1334 ea
1591 1309 1691 1346 quae
1718 1299 1932 1336 necessario
1959 1299 2206 1348 requiruntur
2223 1301 2272 1338 ad
2290 1301 2398 1348 illud,
2416 1302 2487 1340 nisi

1426 1348 1472 1386 sit
1499 1361 1546 1386 ex
1574 1358 1682 1399 parte
1709 1351 1792 1388 eius
1818 1352 2002 1398 defectus,
2032 1353 2094 1389 vei
2121 1362 2278 1403 propter
2311 1354 2487 1403 ignoran—

1425 1401 1529 1449 tiam,
1550 1404 1612 1440 vel
1639 1403 1731 1453 quia
1756 1415 1778 1442 a
1802 1412 1903 1442 recta
1931 1405 2113 1443 electione
2138 1406 2219 1444 eius
2239 1408 2348 1457 quod
2365 1416 2422 1445 est
2438 1409 2486 1446 ad

1425 1454 1547 1495 finem
1561 1455 1752 1494 intentum
1766 1457 1979 1495 abducatur
1992 1470 2061 1508 per
2075 1459 2244 1509 aliquam
2253 1460 2485 1510 passionem.

1427 1509 1538 1556 Quae
1567 1509 1616 1548 de
1643 1510 1729 1548 Deo
1757 1510 1831 1548 dici
1858 1523 1940 1549 non
1967 1520 2140 1560 possunt.
2171 1512 2212 1550 Si
2239 1512 2350 1562 igitur
2367 1514 2485 1561 Deus,

1386 1579 1408 1598 ις
1426 1562 1594 1600 volendo
1623 1575 1676 1609 se,
1704 1565 1788 1601 vult
1813 1563 1957 1613 aliquid
1985 1564 2089 1602 aliud
2114 1578 2138 1602 a
2155 1578 2208 1610 se,
2227 1567 2487 1605 necessarium

1425 1622 1482 1652 est
1500 1627 1592 1652 eum
1611 1617 1708 1653 velle
1727 1628 1847 1653 omne
1874 1616 1967 1654 illud
1995 1618 2103 1666 quod
2122 1618 2171 1656 ad
2189 1618 2352 1656 volitum
2371 1620 2421 1657 ab
2439 1631 2486 1657 eo

1425 1679 1471 1705 ex
1505 1668 1727 1707 necessitate
1758 1669 1979 1720 requiritur:
2017 1669 2114 1708 sicut
2147 1671 2405 1710 necessarium
2433 1680 2488 1710 est

1425 1721 1556 1759 Deum
1583 1723 1681 1760 velle
1710 1722 1882 1760 animam
1910 1721 2135 1762 rationalem
2163 1735 2258 1772 esse,
2287 1725 2486 1775 supposito

1424 1775 1534 1824 quod
1560 1774 1652 1813 velit
1677 1775 1880 1814 hominem
1908 1788 2002 1814 esse.

1553 1890 1682 1915 scrib-'sur
1699 1891 1750 1921 vel,
1767 1891 1817 1915 sed
1833 1891 1944 1915 conditio
1963 1891 2074 1920 deletur,
2097 1894 2124 1916 et
2141 1898 2200 1916 eum
2218 1897 2249 1916 eo
2268 1891 2423 1916 virwaliter
2434 1891 2486 1924 vel)

1948 1925 1964 1951 8
1984 1934 2044 1951 esse
2062 1926 2160 1957 EFGb;
2178 1926 2276 1952 inesse.
2366 1933 2398 1959 17
2417 1927 2486 1960 Ergo

1569 1995 1601 2021 13
1621 1994 1758 2030 intentum]
1778 1996 1906 2022 interdum
1921 1996 1969 2022 Pa.
2051 1996 2192 2022 abducatur
2203 1997 2226 2021 A
2239 1997 2322 2028 solus;
2342 1996 2485 2022 abducitur.

1052 2144 1388 2178 Commenta-ia
1418 2145 1727 2178 Fen-ariensis

384 2278 495 2301 mun
518 2269 583 2309 egit
614 2268 750 2300 Sanctus
775 2268 920 2300 Thomas
943 2268 984 2300 de
1006 2269 1196 2300 necessitate
1219 2263 1365 2300 absoluta

291 2281 326 2349 i,
345 2313 473 2348 &vinae
496 2314 686 2350 volumtatis,
705 2322 794 2345 nunc
818 2314 883 2354 agit
913 2312 953 2344 de
984 2314 1174 2344 necessitate
1203 2313 1364 2344 conditio-

288 2363 364 2395 ωτι
379 2359 408 2390 *.
432 2358 527 2390 Cinea
549 2358 614 2389 hoc
636 2363 746 2388 autem
770 2357 837 2389 duo
861 2357 952 2389 facit:
974 2359 1094 2398 primo,
1117 2357 1259 2389 ostendit
1281 2367 1364 2399 quo-

288 2403 392 2438 modo
406 2408 556 2443 respectu
577 2403 766 2443 aliquorum
782 2408 829 2433 est
843 2403 1036 2439 necessaria;
1060 2402 1218 2439 secundo,
1234 2402 1365 2434 deducit

289 2447 357 2482 duo
381 2447 553 2480 coronaria
565 2447 592 2478 “.

6 2334 10 2363 Ξ
47 2357 57 2368 ·
70 2355 109 2380 Cf.
125 2355 260 2380 ῦοιιιωαιε.

46 2388 98 2412 αιρ.
108 2389 180 2411 mx,
189 2383 240 2406 init.

43 2477 130 2495 ω’
343 2493 367 2523 I.
379 2492 551 2530 Quantum
567 2490 608 2522 ad
622 2492 777 2532 primum,
789 2492 885 2532 ponit
899 2491 984 2523 hanc
998 2491 1260 2523 conclusionem:
1274 2491 1364 2522 Licet

288 2537 379 2568 Deus
405 2537 495 2567 circa
522 2541 658 2567 causata
687 2536 769 2566 nihil
797 2536 980 2566 necessario
1010 2536 1086 2566 velit
1115 2536 1269 2571 absolute,
1295 2536 1364 2566 vult

289 2587 396 2613 tamen
424 2580 550 2621 aliquid
577 2581 760 2611 necessario
784 2590 826 2611 ex
849 2580 1036 2611 conditione
1059 2581 1109 2611 vel
1130 2581 1360 2620 suppositione.

343 2626 406 2656 Pro
425 2625 522 2656 huius
540 2625 656 2655 notitia
674 2624 948 2656 considerandum
964 2631 1021 2661 est,
1039 2634 1077 2655 ex
1093 2624 1241 2655 doctrina
1254 2624 1367 2657 Sancti

288 2671 438 2702 Thomae
461 2669 567 2700 Prima
589 2669 692 2705 Parte,
718 2678 749 2709 q.
766 2679 829 2705 xxx,
854 2680 881 2700 a.
900 2670 930 2706 3,
948 2675 979 2700 et
1001 2669 1107 2704 Ver-it„
1132 2678 1164 2709 q.
1181 2679 1267 2705 xxm,
1283 2678 1311 2698 a.
1327 2678 1359 2707 4,

288 2715 329 2747 ad
348 2722 376 2751 ι,
396 2713 488 2755 quod
508 2713 724 2744 necessarium
748 2713 895 2744 absolute
917 2714 1039 2744 dicitur
1054 2718 1194 2754 propter
1216 2722 1360 2743 necessa-

288 2760 373 2791 riam
388 2758 609 2790 habitudinem
633 2758 847 2790 terminorum
871 2758 914 2789 ad
937 2758 1083 2794 invicem,
1099 2758 1184 2788 sicut
1198 2757 1359 2787 hominem

287 2814 356 2836 esse
379 2803 522 2834 animal:
545 2802 764 2834 necessarium
781 2811 863 2834 vero
878 2812 920 2833 ex
937 2811 977 2834 sn
1021 2801 1168 2837 asinione,
1187 2801 1277 2843 'quod
1293 2810 1360 2834 non

287 2854 335 2881 est
350 2859 392 2880 ex
406 2858 441 2879 se
457 2847 685 2882 necessarium,
701 2846 758 2877 sed
779 2847 886 2877 solum
905 2852 1014 2886 posito
1039 2847 1116 2882 alio,
1133 2846 1217 2876 sicut
1232 2845 1358 2876 Sortem

287 2893 472 2925 cucurrisse
494 2891 661 2932 supposito
685 2891 774 2931 quod
796 2891 989 2921 cucurrerit.

343 2937 438 2969 Circa
454 2945 554 2977 quam
574 2935 815 2966 distinctionem
839 2934 1071 2965 advertendum
1087 2933 1187 2974 quod,
1205 2933 1288 2964 sicut
1303 2933 1358 2964 ali-

287 2982 366 3024 quid
389 2981 506 3014 dicitur
526 2980 683 3022 possibile
710 2985 766 3010 aut
791 2981 918 3012 ratione
941 2979 1076 3011 alicuius
1105 2978 1270 3023 potentiae
1294 2978 1359 3011 exi-

285 3027 397 3058 stentis
416 3027 451 3056 in
473 3035 519 3061 re,
535 3029 591 3055 aut
614 3029 746 3064 propter
768 3033 837 3054 non
860 3023 1106 3063 repugnantiam
1128 3023 1357 3058 terminorum3

285 3073 330 3103 ita
341 3070 559 3102 necessarium
570 3074 678 3109 potest
693 3068 757 3099 dici
773 3073 827 3099 aut
842 3069 967 3098 ratione
982 3067 1178 3098 necessitatis
1190 3066 1358 3097 cuiusdam

286 3115 450 3148 existentis
473 3115 508 3146 in
530 3123 565 3145 re
589 3113 774 3154 (necessitas
798 3113 885 3143 enim
910 3117 957 3142 est
979 3112 1025 3142 rei
1049 3110 1220 3151 conditio),
1236 3116 1292 3142 aut
1310 3121 1358 3141 ra-

285 3161 376 3192 tione
398 3159 595 3191 necessariae
618 3157 814 3189 habitudinis
837 3157 1062 3187 terminorum.
1087 3155 1161 3192 Sed,
1177 3156 1261 3186 sicut
1282 3164 1358 3196 pos-

285 3205 377 3236 sibile
405 3204 528 3235 ratione
557 3202 692 3232 alimius
719 3202 884 3243 potentiae
912 3200 1074 3232 existentis
1101 3201 1135 3230 in
1158 3209 1191 3230 re
1222 3199 1359 3230 includit

285 3250 426 3290 logicam
449 3247 705 3289 possibilitatem,
730 3247 755 3276 si
779 3246 866 3277 enim
890 3244 1012 3286 aliquid
1027 3250 1075 3275 est
1090 3244 1130 3275 ad
1145 3243 1233 3275 aliud
1247 3244 1282 3274 in
1297 3253 1357 3284 po-

284 3295 395 3330 tentia,
411 3293 494 3325 illud
516 3292 576 3323 sibi
599 3291 782 3323 secundum
803 3300 837 3321 se
858 3300 927 3320 non
949 3294 1121 3330 repugnat;
1145 3289 1189 3319 ita
1211 3298 1356 3319 necessa-

285 3340 371 3369 rium
394 3338 518 3369 ratione
541 3336 739 3367 necessitatis
762 3335 923 3367 existentis
946 3335 980 3364 in
1002 3343 1037 3364 re
1058 3332 1196 3365 includit
1210 3342 1356 3364 necessa-

285 3384 369 3415 rium
392 3383 548 3423 logicum.
574 3380 607 3412 Si
632 3381 719 3412 enim
738 3390 787 3411 res
811 3379 907 3410 habet
923 3389 960 3409 ex
975 3383 1088 3409 natura
1104 3387 1162 3408 sua
1176 3382 1214 3407 ut
1231 3377 1271 3407 sit
1286 3376 1356 3407 talis

284 3427 478 3463 necessario,
503 3430 634 3467 oportet
657 3431 693 3456 ut
716 3424 796 3455 inud
820 3423 859 3454 ad
881 3424 984 3464 ipsam
1007 3423 1123 3453 habeat
1143 3422 1356 3452 necessariam

284 3471 519 3507 habitudinem,
535 3471 579 3501 ita
604 3469 694 3510 quod
717 3470 786 3500 eius
809 3468 948 3499 remotio
972 3468 1012 3497 sit
1033 3466 1252 3507 impossibilis.
1272 3465 1313 3495 Et
1331 3465 1355 3495 si

284 3517 349 3547 hoc
369 3517 467 3547 habet
485 3524 554 3546 non
571 3514 703 3554 quidem
726 3514 851 3544 ratione
874 3521 950 3543 suae
973 3516 1104 3542 naturae
1127 3510 1284 3545 absolute,
1300 3509 1356 3540 sed

285 3571 325 3592 ex
348 3561 456 3602 aliqua
479 3559 668 3591 conditione
691 3558 807 3594 addita,
824 3566 954 3588 necesse
971 3561 1018 3587 est
1032 3561 1068 3586 ut
1083 3554 1163 3585 illud
1186 3554 1300 3585 habeat
1316 3553 1356 3584 ad

285 3606 388 3646 ipsam
404 3605 616 3636 necessariam
632 3602 855 3634 habitudinem
866 3602 971 3642 posita
983 3600 1036 3630 tali
1050 3598 1247 3630 conditione.
1261 3598 1355 3629 Unde

284 3655 363 3680 tunc
391 3649 507 3680 dicitur
535 3649 724 3690 simpliciter
750 3646 965 3678 necessarium
995 3650 1026 3675 et
1053 3643 1198 3674 absolute
1223 3641 1354 3683 quando

1417 2269 1638 2311 praedicatum
1659 2270 1755 2300 habet
1777 2271 1989 2301 necessariam
2010 2270 2234 2301 habitudinem
2247 2270 2287 2302 ad
2302 2271 2482 2302 subiectum

1417 2314 1598 2345 secundum
1614 2324 1705 2345 suam
1721 2320 1867 2345 naturam
1884 2314 2136 2346 consideratum:
2162 2314 2252 2355 quod
2267 2320 2314 2345 est
2329 2316 2482 2347 terminos

1417 2359 1534 2390 habere
1552 2359 1764 2390 necessariam
1786 2358 2008 2390 habitudinem
2032 2368 2071 2389 ex
2093 2359 2158 2390 suis
2177 2358 2364 2391 formalibus
2386 2361 2483 2400 signi-

1417 2402 1528 2434 ficatis.
1552 2402 1776 2434 Necessarium
1799 2409 1911 2434 autem
1928 2412 1966 2433 ex
1981 2404 2205 2444 suppositione
2221 2403 2336 2434 dicitur
2351 2403 2481 2444 quando

1417 2447 1637 2488 praedicatum
1659 2447 1700 2478 ad
1722 2448 1915 2484 subiectum,
1939 2447 2119 2478 secundum
2142 2448 2192 2478 sui
2214 2453 2360 2478 naturam
2377 2449 2481 2479 consi-

1417 2491 1574 2528 deratum,
1596 2492 1808 2523 necessariam
1836 2491 2057 2523 habitudinem
2079 2501 2146 2523 non
2169 2492 2277 2528 habet„
2298 2492 2372 2523 licet
2393 2492 2480 2524 illam

1415 2536 1531 2567 habeat
1553 2542 1589 2566 ut
1611 2536 1671 2566 sub
1694 2536 1800 2576 aliqua
1824 2536 2011 2566 conditione
2035 2535 2265 2566 consideratur.

1470 2580 1508 2611 11.
1521 2580 1685 2610 Probatur
1697 2580 1804 2620 itaque
1819 2580 1984 2610 conclusio
1997 2580 2107 2620 primo
2128 2580 2184 2610 sic.
2204 2580 2319 2610 Divina
2331 2579 2478 2610 voluntas

1415 2630 1463 2658 est
1484 2624 1703 2656 immutabilis.
1727 2624 1825 2663 Ergo,
1849 2624 1957 2664 posito
1981 2624 2071 2663 quod
2094 2623 2215 2663 aliquid
2238 2623 2323 2659 velit,
2347 2633 2478 2654 necesse

1414 2674 1461 2699 est
1476 2678 1515 2699 ex
1530 2668 1756 2708 suppositione
1772 2677 1843 2698 eam
1859 2668 1904 2698 sic
1919 2667 2010 2698 velle.
2026 2685 2050 2689 —
2064 2667 2220 2698 Probatur
2235 2668 2476 2707 consequentia.

1414 2713 1500 2751 Quia
1515 2713 1548 2743 in
1561 2712 1708 2752 quolibet
1722 2712 1924 2747 immutabili,
1937 2712 1963 2741 si
1979 2711 2078 2742 semel
2091 2717 2137 2742 est
2149 2711 2278 2751 aliquid,
2291 2720 2359 2741 non
2371 2716 2477 2751 potest

1411 2756 1623 2798 postmodum
1646 2765 1715 2786 non
1737 2757 1856 2786 inesse:
1881 2765 1957 2786 cum
1979 2756 2104 2786 moveri
2122 2755 2265 2786 dicamus
2281 2754 2372 2795 quod
2386 2755 2476 2785 aliter

1412 2810 1446 2833 se
1466 2801 1565 2840 habet
1586 2809 1674 2835 nunc
1698 2805 1730 2831 'et
1751 2800 1850 2841 prius.

1467 2844 1607 2875 Adverte
1635 2843 1726 2885 quod
1759 2842 1999 2874 immutabilitas
2026 2853 2094 2874 non
2121 2844 2291 2883 requiritur
2314 2841 2353 2872 ad
2376 2852 2474 2873 omne

1411 2890 1628 2924 necessarium
1651 2898 1689 2919 ex
1713 2889 1951 2929 supposin'one:
1976 2889 2061 2927 quia,
2079 2887 2156 2918 dum
2177 2887 2284 2918 Sortes
2304 2885 2402 2922 sedet,
2419 2896 2475 2917 ne-

1412 2943 1500 2964 cesse
1517 2939 1564 2964 est
1578 2934 1686 2974 ipsum
1710 2932 1834 2968 sedere;
1859 2938 1891 2963 et
1913 2937 2021 2962 tamen
2043 2937 2150 2972 potest
2173 2931 2280 2962 Sortes
2303 2931 2419 2961 mutari
2434 2930 2474 2960 de

1411 2978 1543 3018 sedente
1560 2978 1595 3012 in
1613 2987 1688 3011 non.
1701 2976 1876 3008 sedentem.
1901 2976 1965 3008 Sed
1986 2976 2069 3007 bene
2092 2975 2132 3006 ad
2155 2985 2253 3007 omne
2275 2974 2474 3006 immutabile

1411 3023 1555 3062 sequitur
1577 3021 1793 3052 necessarium
1817 3031 1856 3051 ex
1878 3021 2115 3061 suppositione:
2140 3020 2215 3059 quia
2229 3019 2398 3049 necessitas
2413 3019 2473 3048 im-

1410 3066 1630 3098 mutabilitatis
1653 3071 1778 3096 tantum
1802 3071 1849 3095 est
1872 3066 1968 3095 etiam
1990 3065 2160 3095 necessitas
2182 3074 2220 3094 ex
2235 3063 2473 3103 suppositione;

1411 3111 1494 3142 sicut
1523 3120 1621 3142 omne
1649 3109 1782 3141 inferius
1809 3109 1944 3140 includit
1971 3109 2005 3138 in
2033 3118 2089 3138 sua
2112 3109 2234 3138 ratione
2258 3107 2413 3147 superius,
2438 3112 2474 3136 ut

1411 3155 1487 3186 alias
1511 3154 1659 3186 diximus.

1467 3209 1497 3230 2.
1522 3199 1615 3230 Circa
1635 3199 1728 3229 istam
1747 3198 1905 3228 rationem
1920 3196 2055 3227 dubium
2071 3196 2217 3226 occurrit.
2242 3194 2334 3231 Nam,
2349 3194 2425 3224 lieet
2438 3194 2473 3224 in

1408 3253 1443 3274 re
1466 3243 1659 3274 immutabili
1682 3243 1708 3273 si
1731 3242 1831 3272 semel
1854 3247 1901 3272 est
1919 3239 2040 3280 aliquid
2060 3240 2154 3275 reale,
2169 3238 2248 3269 illud
2262 3237 2472 3278 postmodum

1410 3296 1478 3319 non
1501 3288 1604 3329 possit
1625 3297 1695 3318 non
1717 3287 1835 3322 inesse;
1859 3295 1927 3316 non
1950 3291 2067 3320 tamen,
2084 3284 2110 3314 si
2131 3288 2179 3314 est
2197 3281 2316 3322 aliquid
2330 3282 2471 3317 rationis,

1409 3341 1480 3364 non
1500 3337 1608 3373 potest
1630 3329 1842 3372 postmodum
1857 3339 1925 3360 non
1940 3330 2056 3359 inesse:
2081 3337 2156 3362 nam
2172 3331 2296 3357 constat
2312 3325 2402 3366 quod
2416 3325 2473 3356 ali-

1410 3376 1541 3417 quando
1557 3376 1592 3407 in
1606 3376 1678 3406 Deo
1695 3374 1755 3406 fuit
1769 3379 1932 3414 respectus
1949 3372 2111 3403 actualiter
2127 3371 2260 3402 creantis
2275 3370 2471 3406 universum,

1408 3430 1498 3451 nunc
1513 3426 1622 3451 autem
1633 3429 1701 3450 non
1714 3424 1762 3449 est
1772 3423 1935 3458 respectus
1947 3415 2132 3447 huiusmodi
2147 3415 2181 3445 in
2193 3415 2275 3450 Deo,
2288 3414 2472 3454 praesertim

1408 3464 1589 3496 secundum
1612 3469 1772 3504 ponentes
1791 3463 1985 3493 creationem
2009 3470 2027 3490 a
2050 3459 2294 3490 conservatione
2309 3457 2471 3498 distingui.

1407 3509 1474 3541 Sed
1493 3518 1568 3541 cum
1589 3508 1673 3544 dico,
1690 3508 1779 3538 Deus
1794 3506 1863 3537 vult
1884 3506 1968 3538 hanc
1989 3509 2183 3538 creaturam,
2201 3502 2274 3533 dico
2299 3508 2407 3534 actum
2425 3502 2472 3536 di-

1408 3554 1500 3584 vinae
1524 3552 1698 3583 voluntatis
1721 3560 1796 3581 cum
1819 3549 2004 3580 habitudine
2020 3548 2151 3578 rationis
2168 3546 2206 3577 ad
2224 3552 2414 3577 creaturam:
2441 3551 2472 3576 et

1409 3598 1434 3628 si
1447 3597 1605 3628 desineret
1620 3596 1701 3626 velle
1716 3595 1804 3626 illam
1821 3599 2007 3629 ereaturam,
2025 3592 2181 3622 desineret
2197 3600 2265 3622 esse
2281 3591 2350 3621 talis
2365 3599 2472 3630 respe-

1408 3647 1478 3672 ctus
1502 3640 1542 3671 ad
1566 3645 1752 3675 creaturam,
1777 3648 1847 3669 non
1873 3642 1981 3668 autem
2003 3637 2071 3676 ipse
2096 3640 2184 3666 actus
2207 3635 2390 3670 voluntatis,
2415 3635 2472 3675 qui

2515 1195 2524 1203 '
2539 1193 2595 1222 Cap.
2612 1200 2687 1222 praec.
