2658 4166
755 411 1858 529 PRAEFATIO

926 642 1089 646 ‘Q—
1105 636 1468 656 --0-›-000-<-0-
1528 647 1687 651 *ffi—

499 1041 582 1071 Pso
618 1029 805 1074 Summo
841 1029 1213 1071 Scholasticorum
1248 1029 1462 1087 Magistro
1498 1030 1722 1087 dirigente,
1758 1032 1813 1072 ad
1849 1033 2099 1074 Catholicae
2133 1035 2254 1076 Fidei
2285 1037 2416 1079 decus

501 1098 544 1134 et
587 1093 779 1142 tutelam,
823 1092 1064 1134 Pontificiis
1101 1092 1306 1148 auspiciis
1346 1093 1491 1148 prodit
1533 1093 1700 1135 SUMMA
1745 1107 1928 1136 CONTRA
1969 1096 2201 1139 GENTILES
2246 1099 2416 1142 SANCTI

499 1155 705 1197 ΤΗΟΜΑΕ
727 1168 790 1197 DE
813 1156 1014 1207 ΑΩυιΝο,
1039 1169 1118 1212 pro
1142 1169 1305 1212 magna
1326 1162 1448 1226 parte
1472 1169 1526 1197 ex
1560 1157 1626 1198 sui
1656 1157 1856 1214 Angelici
1887 1159 2093 1199 Auctoris
2128 1160 2414 1219 chirographo

223 1245 228 1252 ·
278 1256 286 1263 ,
361 1215 414 1267 »ζζ
440 1220 471 1276 1³*
501 1217 744 1275 desumpta.
782 1218 916 1260 Felici
940 1218 1055 1260 enim
1079 1225 1210 1267 sorte,
1235 1225 1302 1260 tot
1334 1218 1470 1274 ipsius
1504 1219 1690 1275 propriis
1719 1220 1887 1276 scriptis
1910 1221 2156 1276 deperditis,
2193 1224 2415 1282 Autogra-

374 1285 381 1293 “
441 1280 459 1291 “
497 1281 633 1337 phurn
673 1282 802 1324 huius
835 1282 929 1324 libri
965 1281 1108 1324 adhuc
1141 1281 1338 1331 habetur,
1378 1282 1481 1324 olim
1517 1282 1868 1338 Neapolitanum,
1909 1291 2062 1338 postea
2105 1286 2414 1342 Bergomense‚

193 1328 308 1385 nunc
322 1342 618 1407 yaticanum,
643 1345 778 1400 quod,
815 1359 869 1387 ex
903 1344 1100 1401 capitulis
1135 1351 1290 1400 quater
1323 1351 1496 1388 centum
1533 1351 1575 1386 et
1608 1346 1835 1402 sexaginta
1869 1347 2005 1388 tribus
2045 1362 2158 1403 quae
2202 1349 2417 1407 integrant

193 1398 317 1448 hoc
311 1419 437 1462 opuS,
473 1406 541 1449 bis
575 1414 750 1450 centurn
775 1414 817 1450 et
841 1407 1115 1465 undeviginti
1139 1407 1269 1449 nobis
1294 1408 1586 1458 conservavit,
1623 1421 1722 1450 cum
1756 1409 2007 1465 fragmentis
2045 1411 2227 1453 aliorum
2262 1413 2415 1468 viginti

194 1481 287 1512 sex.
324 1469 460 1523 Quod
508 1470 686 1526 quidem
737 1485 814 1527 per
855 1472 990 1528 longa
1037 1471 1212 1513 saecula
1255 1478 1504 1513 reverenter
1548 1471 1657 1513 inter
1695 1472 1897 1527 reliquias
1941 1480 2258 1523 conservatum,
2299 1482 2417 1517 extra

191 1544 321 1575 usum
355 1532 606 1576 litterarium
631 1541 733 1583 erat,
758 1534 913 1583 donec,
938 1540 1149 1591 vergente
1172 1535 1349 1576 saeculo
1377 1535 1539 1590 elapSO,
1565 1548 1591 1575 a
1614 1535 1743 1576 Petro
1772 1535 1968 1576 Antonio
2005 1536 2165 1578 Uecelli
2202 1537 2240 1578 in
2277 1539 2413 1580 lucem

159 1595 408 1655 ·p3·olatum
449 1603 527 1646 est,
563 1611 652 1639 non
686 1604 832 1640 tamen
872 1598 930 1639 ita
962 1597 1139 1640 feliciter
1172 1597 1277 1653 quin
1323 1597 1508 1639 multum
1551 1598 1770 1654 reliquerit
1814 1598 1954 1639 adhuc
1998 1598 2252 1641 faciendum.
2289 1601 2414 1642 Nunc

191 1659 351 1708 autem,
386 1660 665 1702 occasionem
702 1667 744 1702 et
776 1661 1024 1703 facultatem
1057 1660 1251 1718 gratiose
1283 1660 1596 1716 praebentibus
1631 1661 1826 1703 Summis
1859 1661 2144 1703 Pontificibus
2184 1662 2262 1703 Pio
2298 1664 2339 1706 X
2374 1671 2416 1705 et

193 1721 435 1784 iBenedicto
469 1724 557 1767 XV
590 1724 769 1766 feliciter
807 1730 1030 1782 regnante,
1071 1729 1160 1766 tam
1202 1724 1341 1780 longo
1377 1730 1420 1766 et
1453 1723 1620 1766 minuto
1656 1724 1862 1766 scrutinio
1896 1724 2139 1767 subiectum
2179 1726 2255 1766 fuit
2294 1727 2414 1781 quod

193 1798 350 1830 omnes
390 1800 494 1830 suas
530 1787 707 1830 divitias
752 1787 1022 1830 revelaverit.
1069 1787 1223 1830 Habes
1259 1786 1404 1844 igitur,
1444 1800 1524 1842 pro
1570 1787 1640 1830 illa
1681 1801 1815 1842 quarn
1860 1787 2048 1829 diximus
2088 1795 2219 1843 parte,
2255 1803 2414 1844 aquam

191 1859 345 1908 puram
380 1849 529 1892 Sancti
563 1849 766 1895 Thomae
791 1850 1015 1892 doctrinae
1047 1850 1104 1892 ab
1140 1850 1237 1907 ipso
1270 1850 1392 1892 fonte
1425 1856 1738 1906 erumpentem,
1764 1851 1879 1891 nulla
1912 1851 2145 1905 posthuma
2179 1851 2275 1892 labe
2310 1865 2414 1893 con-

192 1909 458 1966 taminatam.

320 1976 456 2019 Aliud
488 1977 632 2027 etiam,
669 1983 712 2019 et
745 1977 1062 2019 inaestimabile
1095 1990 1276 2033 prorsus
1309 1976 1490 2026 lucrum,
1526 1977 1752 2032 hucusque
1795 1977 1868 2017 vix
1907 1978 2184 2047 suspicatum,
2223 1978 2413 2019 studium

190 2037 320 2101 liuius
341 2039 488 2096 scripti
522 2039 718 2091 adduxit,
744 2039 1044 2098 cognitionem
1067 2039 1167 2083 dico
1202 2040 1360 2090 mentis
1394 2039 1543 2083 Sancti
1578 2040 1790 2081 Thomae
1826 2039 2016 2093 Ouando
2052 2039 2178 2088 enim,
2213 2040 2268 2081 ad
2303 2040 2413 2082 invi-

191 2102 403 2148 tationem
437 2103 689 2158 Raymundi
724 2103 780 2145 de
813 2102 1061 2152 Pennafort.
1097 2103 1172 2159 qui
1206 2110 1250 2146 et
1284 2103 1376 2159 ipse
1411 2102 1599 2146 Sanctus
1634 2110 1676 2145 et
1709 2104 1879 2145 Doctor
1917 2103 2111 2151 eximius,
2147 2117 2258 2158 opus
2293 2117 2413 2145 com-

189 2178 355 2223 ponere
399 2167 592 2224 suscepit
630 2179 709 2223 per
748 2166 871 2222 quod
913 2166 1111 2208 infideles
1150 2180 1176 2208 a
1213 2167 1492 2209 tenebrarum
1533 2166 1715 2223 caligine
1760 2166 2040 2207 liberarentur
2079 2173 2121 2207 et
2159 2166 2249 2207 veri
2295 2166 2411 2208 Solis

189 2228 389 2284 doctrina
420 2229 730 2281 imbuerentur,
756 2243 858 2280 non,
882 2229 995 2271 sicut
1018 2229 1060 2272 in
1080 2229 1179 2272 aliis
1202 2230 1293 2272 suis
1328 2229 1460 2278 libris,
1492 2229 1765 2286 Theologica
1799 2229 1981 2271 Summa
2016 2235 2206 2284 excepta,
2230 2229 2411 2271 aliorum

189 2293 378 2351 vestigia
399 2299 629 2336 secuturus
653 2299 755 2343 erat,
780 2306 862 2336 nec
883 2292 939 2334 de
962 2292 1251 2335 determinata
1273 2293 1420 2349 aliqua
1443 2293 1622 2335 materia
1644 2299 1911 2341 tractaturus,
1939 2292 2019 2334 sed
2048 2306 2211 2333 novum
2235 2292 2412 2347 aliquod

188 2359 428 2420 aggressus
463 2362 552 2411 est,
578 2356 620 2398 in
655 2370 746 2412 quo
781 2357 837 2399 ab
872 2356 970 2413 ipso
1004 2356 1103 2399 solo
1138 2356 1408 2413 dependeret
1440 2363 1483 2398 et
1515 2362 1752 2412 conceptus
1779 2356 1991 2412 princepS,
2028 2361 2070 2396 et
2104 2355 2306 2397 materiae
2336 2355 2411 2396 de-

187 2419 338 2470 lectuS,
362 2426 406 2463 et
431 2391 618 2476 partium
650 2419 914 2469 distributio,
951 2414 1074 2463 cuius
1108 2420 1239 2463 etiam
1273 2420 1544 2463 executionis
1579 2426 1622 2461 et
1654 2419 1928 2475 perfectionis
1958 2418 2049 2474 ipse
2076 2417 2203 2460 solus
2238 2418 2414 2461 effector

189 2489 318 2526 esset.
354 2482 531 2536 Quanta
564 2483 723 2525 mentis
755 2482 1060 2540 applicatione,
1096 2483 1214 2540 quali
1247 2483 1419 2525 fervore
1456 2483 1599 2525 cordis
1634 2483 1675 2524 in
1716 2482 1759 2523 id
1795 2482 2046 2531 incubuerit,
2083 2481 2414 2523 manifestabant

189 2546 396 2594 continua
430 2546 473 2589 in
506 2559 576 2589 res
610 2545 783 2589 divinas
817 2546 999 2589 intentio
1035 2552 1078 2589 et
1108 2546 1316 2604 frequens
1339 2561 1364 2588 a
1393 2546 1673 2589 sensibilibus
1708 2545 1953 2587 abstractio..
1991 2545 2134 2599 Quam
2168 2545 2412 2600 praeclarus

187 2609 316 2652 flectit
348 2609 501 2659 exitus,
534 2610 680 2666 ipsum
715 2623 829 2666 opus
862 2616 1055 2660 testatur,
1079 2609 1288 2652 omnibus
1311 2609 1403 2651 suis
1425 2610 1618 2651 numeris
1641 2609 1890 2665 perfectum.
1918 2608 2062 2661 Quam
2097 2607 2256 2648 arduus
2290 2607 2414 2648 fuerit

186 2668 328 2723 labor,
362 2685 417 2714 ex
450 2672 745 2734 Autographo
781 2673 1108 2730 cognoscimus
1133 2674 1242 2716 Arte
1265 2672 1484 2729 siquidem
1513 2673 1571 2714 ita
1606 2671 1787 2714 mirabili
1812 2671 2040 2713 Summam
2074 2671 2184 2712 hanc
2218 2669 2410 2719 confecit,

187 2732 242 2783 ujt
266 2749 338 2780 ars
370 2735 466 2792 ipsa
496 2736 640 2784 lateat,
675 2743 859 2779 conatus
891 2750 982 2779 non
1015 2743 1235 2793 appareat.
1269 2737 1382 2779 Tam
1415 2742 1517 2792 apte
1558 2735 1704 2778 omnia
1741 2735 1823 2776 sibi
1858 2734 2090 2777 cohaerent
2128 2739 2170 2775 et
2203 2732 2243 2774 in
2279 2747 2411 2775 unum

187 2811 441 2856 supremum
475 2812 661 2856 scopum
696 2800 958 2857 conspirant,
982 2806 1071 2842 tam
1095 2800 1208 2842 iuste
1231 2806 1274 2842 et
1306 2800 1485 2855 limpide
1509 2799 1816 2854 exprimuntur,
1840 2804 1888 2839 ut
1910 2803 2049 2838 totum
2085 2796 2249 2837 diceres
2267 2809 2410 2853 spon-

185 2868 312 2910 tanee
336 2869 391 2914 ,et
420 2862 517 2906 sine
556 2862 646 2909 ullo
678 2863 832 2906 labore
866 2875 920 2905 ex
955 2863 1236 2913 ubertissimo
1276 2877 1358 2905 suo
1404 2862 1621 2905 intellectu
1656 2861 1844 2903 fluxisse.
1889 2860 1992 2903 Non
2032 2859 2089 2901 ita
2125 2871 2216 2901 rem
2254 2872 2301 2900 se
2334 2859 2410 2902 ha-

186 2925 338 2969 buisse
370 2926 710 2983 Autographum
744 2926 1028 2968 demonstrat.
1059 2927 1247 2980 Qualem
1282 2926 1584 2968 extensionem
1619 2925 1777 2966 habeat
1810 2938 1908 2979 pars
1949 2927 2204 2964 conservata
2237 2922 2410 2977 perfecti

187 2988 346 3045 operis,
372 2988 484 3031 dixi:
509 3002 599 3031 non
632 2989 818 3032 multum
853 3003 1018 3032 errares
1041 2990 1077 3032 si
1101 2989 1287 3038 eandem
1312 2989 1478 3031 diceres
1503 3001 1598 3030 esse
1623 2988 1784 3029 molem
1813 2987 2046 3042 scripturae
2080 2997 2211 3039 quam
2246 2985 2417 3038 Auctor,

190 3051 287 3108 ipse
320 3051 493 3094 delevit.
529 3052 799 3101 Delefiones,
840 3053 1216 3109 transpositiones,
1256 3052 1573 3107 rescriptioneS,
1608 3050 1865 3098 additiones,
1901 3061 2014 3103 quae
2048 3047 2133 3088 fere
2163 3046 2410 3090 innumerae

188 3114 544 3157 constitutionem
569 3121 900 3158 consummatae
923 3116 1088 3159 litterae
1110 3121 1453 3172 praecesserunt,
1479 3114 1582 3155 dum
1607 3113 1802 3154 laborem
1832 3113 2091 3152 immensum
2127 3110 2408 3158 manifestant,

186 3177 355 3220 aditum
389 3178 520 3221 nobis
552 3178 766 3235 praebent
800 3178 860 3222 ad
899 3179 1315 3236 contemplationem
1349 3177 1526 3221 intimae
1566 3175 1831 3231 operationis
1871 3174 1981 3215 illius
2020 3172 2176 3216 mentis
2213 3171 2409 3228 angelici.

187 3241 346 3283 Deleta
378 3241 693 3298 perpendendo
711 3248 761 3284 et
792 3255 893 3284 cum
928 3242 991 3284 eis
1025 3256 1140 3298 quae
1162 3249 1371 3297 tanquam
1395 3240 1590 3281 ultimata
1623 3238 1778 3279 tradita
1801 3243 1901 3278 sunt
1933 3234 2243 3290 comparando,
2269 3234 2411 3275 mirari

187 3303 316 3346 datur
337 3307 470 3375 quam
504 3304 679 3360 sapiens
713 3304 840 3346 fuerit
869 3305 915 3347 in
944 3305 1169 3347 materiam
1194 3303 1434 3361 seligendo,
1461 3316 1593 3357 quam
1627 3300 1885 3342 artificiosus
1921 3299 1962 3340 in
1991 3297 2247 3346 ordinando,
2279 3310 2411 3354 quam

187 3374 414 3410 accuratus
447 3367 492 3410 in
526 3367 728 3417 dicendo
762 3382 898 3424 quam
932 3369 1143 3412 sollicitus
1179 3369 1220 3409 in
1257 3365 1556 3422 perpoliendo
1598 3364 1701 3417 Quo
1736 3363 1928 3418 pretioso
1968 3361 2103 3403 fructu
2139 3373 2193 3400 ne
2226 3359 2411 3402 studiosi

187 3429 422 3485 priventur,
457 3437 599 3472 totu-m
633 3431 753 3472 illum
787 3438 1043 3488 apparatum
1078 3429 1448 3486 praeparatorium
1483 3441 1614 3483 quam
1650 3432 1800 3467 exacte
1832 3424 2041 3480 possibile
2074 3422 2214 3463 suerit
2232 3423 2410 3464 exhibe-

188 3506 300 3543 mus,
329 3507 356 3534 a
389 3493 616 3535 definitivo
654 3500 775 3536 textu
809 3494 854 3536 in
887 3494 1027 3540 forma
1058 3492 1331 3548 Appendicis
1364 3496 1624 3546 separatum.
1665 3490 1734 3529 De
1769 3486 1903 3529 modo
1938 3493 2082 3538 autem
2119 3485 2410 3563 constituendi

187 3561 355 3597 textum
387 3556 464 3598 ubi
496 3556 646 3598 deficit
678 3558 1032 3614 Autographum‚
1067 3556 1175 3596 infra
1206 3568 1353 3596 sermo
1388 3554 1476 3595 erit.
2379 3582 2382 3586 ,

313 3620 467 3670 Porro,
490 3619 604 3662 sicut
626 3620 806 3662 editioni
830 3619 1056 3662 Leoninae
1091 3618 1301 3662 Summae
1325 3615 1598 3671 Theologiae
1628 3614 1857 3654 coniuncta
1890 3612 2062 3653 fuerunt
2087 3610 2418 3652 Commentaria'

187 3681 390 3728 Thomae
420 3682 480 3725 de
502 3682 591 3728 Vio
624 3683 870 3726 Cardinalis
906 3681 1114 3729 Caietam,
1151 3680 1209 3723 ita
1233 3686 1275 3720 et
1301 3693 1414 3720 nunc
1450 3678 1659 3719 Summae
1694 3682 1842 3717 contra
1866 3673 2078 3716 Gentiles
2086 3670 2414 3721 Commentaria

333 3761 428 3787 Struma
448 3761 504 3787 Con
506 3769 560 3787 τυ
580 3762 701 3787 Gru-nu:
702 3762 768 3787 51)
786 3761 848 3786 ‘ruo
888 3760 983 3785 aom'r
985 3759 1030 3785 .1.
