2768 4134
0 411 6 420 '
20 410 72 432 Art.
84 416 104 432 ι.

0 438 16 447 ””
32 438 84 458 Art.
95 442 116 458 2.

823 290 1013 328 SUMMA
1042 291 1264 332 CONTRA
1292 294 1568 346 GENTILES,
1599 298 1710 336 CAP.
1732 299 1864 338 XLIV.

295 368 437 400 Adverte
460 370 524 406 hic,
549 379 588 401 ex
611 369 758 401 doctrina
781 370 891 401 Sancti
915 371 1063 403 Thomae
1087 373 1193 404 Prima
1213 374 1316 411 Parte,

241 424 272 455 q.
290 415 382 450 xrv',
407 419 439 445 et
460 415 568 451 Verit„
586 424 617 455 q.
635 415 715 451 11⁸,
740 414 842 456 quod,
860 425 936 446 cum
960 426 1177 459 unaquaeque
1204 427 1254 449 res
1278 420 1317 449 sit

240 458 279 490 ad
303 458 440 499 gradum
463 468 542 490 suae
567 464 701 490 naturae
725 465 757 490 et
780 458 989 500 perfectionis
1013 461 1232 500 determinata,
1252 464 1317 494 hoc

239 504 361 534 habent
383 505 555 545 proprium
585 505 817 544 cognoscentia
845 511 881 535 ut
910 511 941 536 et
970 506 1105 537 aliarum
1129 517 1237 539 rerum
1260 518 1316 539 na-

239 554 327 579 turas
350 554 383 579 et
405 548 622 589 perfectiones
645 549 763 579 habere
787 551 923 589 possint,
948 550 1027 582 dum
1050 551 1090 582 ad
1114 562 1316 593 cognoscen-

240 593 320 624 dum
344 593 479 624 aliarum
510 603 619 624 rerum
648 594 913 625 similitudinibus
944 595 1170 628 informantur.
1201 597 1243 627 Et
1270 597 1315 628 sic

238 637 433 674 intellectus,
451 638 508 678 qui
525 638 675 668 omnium
697 644 745 669 est
767 641 1016 679 cognoscitivus,
1034 642 1184 672 omniurn
1204 646 1251 672 est
1267 651 1315 672 re-

238 683 386 723 ceptivus
410 687 442 713 et
465 688 513 713 est
531 682 780 723 quodammodo
798 685 918 721 omnia,
943 685 1022 715 dum
1039 687 1188 717 omnium
1204 686 1315 717 simili-

237 726 405 758 tudinibus
421 726 629 758 informatur:
647 729 689 758 ita
707 728 807 768 quod,
825 730 850 759 si
867 730 906 759 sit
922 731 1106 770 potentialis
1122 731 1314 768 intellectus,

238 777 415 812 antequam
438 771 632 803 informetur
662 773 926 805 similitudinibus
955 785 1073 810 rerum,
1099 781 1146 806 est
1169 776 1242 806 illae
1265 785 1315 806 res

236 817 271 847 in
294 816 458 857 potentia;
483 817 616 857 quando
647 823 756 849 autem
785 824 832 849 est
863 824 937 850 actu
966 819 1172 856 informatus,
1198 820 1316 851 dicitur

236 861 311 892 illae
333 870 384 892 res
406 861 440 892 in
465 868 549 893 actu.

293 905 577 938 Considerandum
606 913 715 938 tamen
743 907 845 948 quod,
869 907 945 938 licet
972 908 1070 938 etiam
1099 918 1167 939 non
1192 919 1314 949 cogno-

237 951 359 982 scentia
371 951 528 992 recipiant
539 953 573 982 in
586 952 699 993 seipsis
712 952 847 983 aliarum
859 962 966 983 rerum
979 958 1118 989 naturas,
1129 953 1193 984 hoc
1205 959 1314 984 tamen

237 994 421 1026 differenter
444 1002 492 1027 est
507 1007 525 1027 a
548 997 670 1027 naturis
690 997 973 1036 cognoscentibus.
994 997 1078 1027 Nam
1102 998 1156 1028 illa
1174 1007 1242 1028 non
1266 1008 1314 1029 re-

236 1040 362 1081 cipiunt
385 1042 538 1072 essentias
561 1042 784 1072 substantiales
808 1041 941 1072 aliarum
966 1051 1084 1078 rerum,
1109 1042 1165 1073 sed
1188 1048 1314 1074 tantum

236 1084 424 1116 accidentia.
441 1086 595 1117 Similiter
610 1087 774 1127 accipiunt
789 1085 968 1117 accidentia
983 1086 1165 1117 secundum
1181 1087 1315 1128 aliquod

237 1138 354 1162 eorum
370 1140 439 1161 esse
455 1131 611 1162 naturale.
627 1130 788 1161 Perfectio
806 1140 941 1171 quoque
965 1131 1094 1170 alterius
1112 1133 1158 1162 rei
1181 1142 1250 1163 non
1267 1138 1315 1163 est

235 1175 271 1206 in
293 1175 371 1216 ipsis
394 1180 431 1206 ut
454 1176 592 1207 existens
616 1174 774 1216 perfectio
793 1175 933 1212 alterius,
950 1175 1006 1206 sed
1029 1181 1156 1207 tantum
1179 1182 1216 1208 ut
1238 1187 1314 1218 pro-

234 1220 305 1260 pria
328 1218 496 1261 perfectio.
522 1220 558 1250 ln
581 1225 802 1260 cognoscente
830 1225 950 1257 autem,
975 1222 1161 1261 praesertim
1190 1222 1314 1253 intelle-

236 1264 335 1300 ctivo,
359 1269 453 1295 natae
477 1269 553 1295 sunt
576 1274 645 1295 esse
669 1274 738 1296 non
762 1269 888 1295 tantum
913 1264 1130 1296 accidentium
1147 1267 1313 1303 essentiae,

234 1307 293 1339 sed
316 1309 418 1351 etiamr
435 1308 698 1341 substantiarum.
724 1309 877 1341 Similiter
899 1319 967 1340 non
992 1311 1193 1351 recipiuntur
1215 1312 1249 1341 in
1273 1321 1313 1342 eo

234 1351 418 1384 mummii
441 1363 511 1384 esse
534 1354 690 1391 naturale,
714 1354 771 1386 sed
793 1354 975 1385 secundum
999 1364 1068 1386 esse
1092 1356 1313 1386 intentionale.

234 1397 313 1430 Non
334 1397 538 1439 recipiuntur
552 1408 688 1440 quoque
704 1405 741 1431 ut
756 1399 973 1440 perfectiones
989 1405 1116 1431 tantum
1131 1400 1315 1432 intellectus

235 1442 419 1479 existentes,
443 1442 501 1474 sed
524 1449 560 1474 ut
583 1445 756 1475 existentes
779 1443 997 1485 perfectiones
1025 1454 1134 1476 rerum
1161 1446 1314 1476 extrinse-

235 1497 364 1521 carum:
388 1488 473 1519 sicut
495 1494 609 1519 natura
625 1494 657 1520 et
672 1488 829 1530 perfectio
852 1487 977 1529 lapidis,
994 1495 1031 1520 ut
1046 1490 1184 1520 existens
1199 1490 1314 1531 lapidis

234 1530 405 1574 perfectio,
428 1533 463 1564 in
487 1533 654 1565 intellectu
678 1534 848 1574 recipitur;
873 1539 920 1564 est
949 1534 1036 1564 enim
1067 1534 1245 1565 similitudo
1269 1535 1314 1565 la-

234 1576 320 1618 pidis
341 1577 376 1608 in
400 1578 508 1608 anima
524 1578 594 1618 ipsa
616 1578 731 1619 lapidis
755 1584 868 1610 natura
883 1587 967 1619 quae
984 1584 1032 1609 est
1055 1585 1142 1610 extra
1160 1580 1312 1616 animam,

234 1620 294 1654 sed
315 1621 350 1653 in
373 1630 442 1654 esse
458 1623 662 1663 intelligibili.
687 1623 729 1654 Et
744 1623 808 1654 hoc
825 1629 872 1654 est
887 1624 1058 1664 proprium
1074 1625 1313 1664 cognoscentis,

234 1671 272 1699 ut
294 1665 532 1708 perfectionem
546 1668 687 1704 alterius,
704 1668 895 1700 existentem
915 1668 1045 1699 alterius
1067 1668 1313 1710 perfectionem,

234 1712 271 1744 in
293 1711 403 1753 seipso
425 1713 679 1744 immaterialiter
702 1713 846 1754 recipiat.

292 1766 323 1788 2.
347 1756 397 1788 Ex
412 1757 451 1789 iis
466 1763 555 1799 patet
578 1758 700 1790 solutio
717 1757 887 1790 cuiusdam
910 1758 1080 1789 instantiae
1104 1767 1188 1799 quae
1204 1763 1315 1799 posset

234 1800 306 1834 fieri
321 1806 435 1834 contra
450 1803 534 1834 hanc
553 1803 826 1845 propositionem,
843 1812 944 1844 quam
959 1803 1054 1844 ponit
1070 1802 1207 1834 Sanctus
1223 1803 1314 1834 Tho-

233 1853 305 1878 mae
327 1847 479 1888 explicite
509 1848 617 1879 Prima
639 1847 744 1885 Parte,
769 1857 801 1889 q.
818 1857 882 1884 xrv,
899 1857 927 1879 a.
950 1856 977 1884 1,
1004 1848 1057 1878 hic
1081 1857 1158 1879 vero
1181 1849 1314 1888 ponitur

234 1891 403 1933 implicite,
433 1893 569 1924 scilicet:
605 1893 685 1924 Sola
716 1893 950 1935 cognoscentia
981 1897 1060 1924 nata
1090 1898 1168 1924 sunt
1195 1893 1315 1924 habere

223 1937 379 1980 sormam
403 1938 453 1968 rei
475 1938 613 1968 alterius
628 1938 662 1968 in
677 1947 722 1969 se.
739 1937 773 1970 Si
797 1938 885 1969 enim
899 1938 1075 1978 loquamur
1097 1943 1257 1978 quantum
1273 1937 1314 1968 ad

235 1991 304 2013 esse
327 1982 473 2013 naturale
496 1992 616 2019 rerum,
633 1988 760 2013 constat
777 1981 868 2023 quod
884 1983 980 2013 etiam
996 1991 1064 2012 non
1082 1983 1313 2023 cognoscentia

234 2035 344 2058 rerum
367 2026 502 2058 aliarum
525 2026 646 2058 formas
669 2028 865 2068 suscipiunt:
890 2037 966 2058 nam
990 2036 1074 2068 aqua
1100 2027 1214 2068 recipit
1237 2027 1313 2057 cali-

234 2070 380 2108 ditatem,
404 2077 437 2103 et
459 2072 564 2112 paries
587 2071 780 2103 albedinem.
798 2072 831 2104 Si
855 2081 932 2102 vero
956 2071 1130 2112 loquamur
1153 2077 1312 2112 quantum

235 2114 276 2148 ad
292 2125 362 2148 esse
377 2112 600 2154 intentionale‚
617 2122 744 2148 constat
760 2116 852 2158 quod
874 2117 908 2148 in
925 2126 997 2148 aere
1012 2116 1166 2157 recipitur
1188 2117 1312 2158 species

234 2161 299 2192 albi
323 2166 355 2192 et
377 2162 470 2202 nigri,
495 2167 527 2193 et
549 2162 623 2193 soni
646 2172 684 2193 ac
708 2162 847 2193 aliorum
870 2161 1080 2192 sensibilium.

291 2205 356 2237 Sed
378 2211 469 2247 patet
491 2215 530 2238 ex
554 2206 647 2238 dictis
663 2206 754 2247 quod
770 2207 920 2238 instantia
943 2206 1032 2237 nulla
1056 2211 1113 2237 est.
1130 2206 1219 2236 Tum
1235 2206 1312 2246 quia

233 2251 418 2292 propositio
442 2250 551 2282 Sancti
567 2251 717 2283 Thomae
732 2252 920 2292 intelligitur
941 2250 982 2282 de
1005 2250 1118 2282 formis
1141 2256 1174 2282 et
1190 2251 1313 2282 naturis

234 2295 494 2333 subsistentibus,
510 2306 579 2328 non
595 2302 705 2328 autem
721 2296 761 2328 de
785 2296 898 2328 formis
922 2295 1183 2327 accidentalibus.
1208 2295 1312 2326 Mani-

233 2338 356 2372 festum
379 2346 428 2372 est
455 2345 565 2373 autem
593 2341 684 2383 quod
714 2342 891 2373 substantia
920 2350 988 2372 non
1017 2350 1221 2382 cognoscens
1243 2350 1312 2371 non

234 2386 350 2427 recipit
364 2385 500 2417 aliarum
516 2387 766 2418 substantiarum
789 2392 919 2417 naturas
938 2387 971 2416 in
988 2395 1032 2422 se,
1057 2385 1114 2416 sed
1138 2386 1221 2416 bene
1237 2386 1312 2416 sub-

235 2431 352 2462 stantia
374 2432 606 2471 cognoscitiva.
622 2450 646 2455 -
661 2432 750 2462 Tum
774 2432 861 2472 quia,
885 2431 961 2462 licet
987 2431 1021 2461 in
1044 2440 1117 2461 aere
1140 2431 1313 2471 recipiatur

235 2475 342 2507 forma
365 2475 429 2506 albi
452 2476 634 2507 secundum
658 2486 727 2508 esse
756 2475 978 2510 intentionale,
1002 2485 1072 2506 non
1100 2481 1208 2506 tamen
1232 2476 1313 2506 reci-

235 2521 324 2562 pitur
347 2521 380 2551 in
397 2529 469 2551 aere
484 2525 522 2551 ut
535 2520 694 2562 perfectio
711 2522 849 2553 existens
865 2521 939 2557 albi,
959 2520 1016 2551 sed
1038 2525 1165 2551 tantum
1189 2526 1225 2551 ut
1241 2529 1313 2561 per-

236 2565 336 2597 fectio
360 2565 472 2605 aliquo
493 2565 596 2596 modo
613 2567 704 2597 aeris.
725 2566 760 2597 In
779 2576 877 2597 sensu
893 2570 1004 2597 autem
1028 2571 1059 2596 et
1082 2565 1259 2601 intellectu,
1277 2570 1314 2596 ut

234 2610 361 2642 dictum
377 2615 435 2646 est,
451 2611 607 2651 recipitur
628 2611 884 2642 intentionaliter
905 2616 1020 2642 natura
1042 2611 1087 2641 rei
1112 2611 1261 2651 cognitae
1277 2615 1314 2640 ut

235 2661 286 2686 est
308 2655 410 2696 ipsius
433 2655 479 2685 rei
495 2656 646 2695 cognitae
660 2655 834 2696 perfectio:
851 2666 890 2687 ex
906 2665 974 2697 quo
998 2655 1094 2686 habet
1110 2663 1313 2696 cognoscens

235 2705 275 2732 ut
295 2700 402 2741 ipsam
424 2709 493 2730 rem
517 2706 703 2740 cognoscat.

292 2745 404 2776 Potest
419 2745 516 2775 etiam
533 2744 597 2775 dici
613 2744 705 2785 quod
727 2750 860 2776 naturae
881 2745 1120 2785 cognoscitivae
1144 2744 1313 2784 proprium

237 2795 286 2821 est
308 2790 451 2831 recipere
475 2788 596 2820 formas
612 2789 746 2820 aliarum
762 2799 871 2820 rerum
893 2790 993 2830 gratia
1011 2789 1061 2819 sui
1085 2789 1196 2829 ipsius,
1219 2787 1312 2824 idest,

237 2840 372 2876 propter
398 2835 563 2875 propriam
595 2833 841 2875 perfectionem,
870 2834 993 2865 scilicet
1027 2838 1064 2864 ut
1095 2843 1152 2864 sua
1182 2833 1313 2872 propria

235 2881 385 2922 operatio
402 2880 442 2910 sit
457 2878 608 2920 perfecta.
625 2879 700 2910 Hoc
716 2884 825 2909 autem
842 2888 909 2909 non
927 2879 1079 2909 convenit
1096 2878 1169 2908 aeri.
1179 2877 1263 2908 Nam
1279 2877 1312 2908 in

236 2933 310 2956 aere
325 2925 480 2965 recipitur
495 2925 618 2964 species
635 2924 770 2954 colorati
786 2929 822 2954 ut
843 2924 949 2964 ipsam
973 2922 1095 2954 deferat
1110 2921 1150 2953 ad
1166 2930 1311 2952 sensum:

235 2979 306 3000 non
330 2974 499 3000 autemut
522 2969 652 3010 propria
683 2969 763 2999 aeris
791 2968 938 3009 operatio
969 2977 1028 3008 per
1050 2967 1147 2997 talem
1170 2967 1314 3007 speciem

236 3014 375 3054 accipiat
394 3013 684 3054 complementum.

293 3059 378 3089 XVI.
403 3059 514 3090 Sexto.
531 3059 621 3089 Deus
637 3058 789 3088 omnibus
805 3057 901 3087 rebus
916 3056 1115 3088 naturalibus
1133 3055 1314 3096 praestituit

239 3110 271 3135 et
287 3103 479 3135 determinat
494 3102 605 3134 finem.
619 3103 706 3143 Ergo
724 3108 771 3133 est
785 3101 1010 3133 intellectivus.
1022 3119 1046 3122 —
1060 3101 1218 3131 Probatur
1233 3110 1313 3131 con-

238 3150 418 3190 sequentia.
442 3148 529 3187 Quia
551 3158 620 3179 non
644 3153 754 3188 posset
779 3147 988 3187 praestituere
1011 3145 1111 3176 finem
1135 3145 1197 3175 nisi
1220 3145 1314 3175 in'tel-

237 3194 361 3235 ligeret.
384 3212 408 3216 —
430 3193 636 3224 Antecedens
654 3202 732 3223 vero
756 3192 920 3232 probatur.
937 3190 1101 3221 Naturalia
1123 3189 1261 3221 tendunt
1278 3191 1313 3220 in

237 3238 320 3270 fines
336 3238 582 3270 determinatos:
600 3247 676 3269 cum
691 3247 760 3268 non
772 3247 790 3267 a
802 3246 878 3267 casu
889 3236 1083 3276 proveniant
1093 3235 1245 3266 utilitates
1257 3245 1313 3266 na-

239 3288 340 3321 turae,
357 3283 415 3314 sed
430 3293 558 3324 semper
574 3288 629 3314 aut
645 3292 706 3323 pro
728 3282 843 3312 maiori
866 3286 965 3322 parte.
992 3280 1079 3321 Ergo
1103 3285 1159 3311 aut
1181 3281 1313 3320 praesti-

239 3334 337 3359 tuunt
351 3329 412 3360 sibi
426 3327 542 3359 finem:
567 3334 622 3359 aut
638 3328 676 3358 ab
694 3327 757 3358 alio
777 3327 822 3357 eis
841 3325 1071 3356 determinatur
1086 3329 1119 3355 et
1133 3325 1314 3365 praestitui-

239 3378 302 3404 tur.
326 3373 390 3404 Sed
413 3383 483 3404 non
505 3373 720 3414 praestituunt
740 3372 800 3402 sibi
819 3370 933 3401 finem:
958 3379 1034 3400 cum
1057 3370 1217 3400 rationem
1240 3369 1313 3400 finis

238 3427 308 3449 non
332 3423 542 3459 cognoscant.
563 3418 650 3458 Ergo
670 3418 709 3447 ab
734 3417 797 3447 alio
819 3416 863 3446 eis
879 3415 1107 3456 praestituitur,
1126 3415 1183 3454 qui
1199 3423 1314 3445 eorum

238 3468 373 3494 naturae
389 3462 541 3494 conditor
556 3467 613 3493 est.
630 3462 730 3492 Hunc
746 3466 854 3492 autem
867 3460 1004 3491 dicimus
1016 3459 1134 3489 Deum.
1151 3459 1238 3499 Ergo
1252 3464 1312 3489 etc.

295 3507 436 3539 Adverte
459 3508 513 3538 hic
536 3506 627 3548 quod
650 3506 859 3548 praestituere
886 3505 946 3535 sibi
972 3503 1072 3535 finem
1101 3508 1148 3534 est
1175 3509 1313 3534 statuere

238 3552 300 3583 sibi
323 3552 446 3593 aliquid
462 3552 503 3583 ad
518 3551 610 3593 quod
624 3551 774 3592 propriae
791 3550 995 3591 operationes
1018 3548 1209 3588 dirigantur:
1230 3549 1314 3579 sicut

239 3597 404 3637 sagittator
419 3597 529 3628 statuit
544 3597 604 3628 sibi
623 3597 799 3627 terminum
815 3595 854 3626 ad
870 3603 970 3635 quem
985 3593 1131 3634 sagittam
1154 3593 1223 3623 vult
1238 3592 1312 3623 diri-

238 3651 325 3681 gere.
349 3642 426 3672 Hoc
450 3647 559 3672 autem
583 3641 758 3672 convenire
785 3650 853 3671 non
884 3644 991 3681 potest
1017 3638 1078 3668 nisi
1102 3638 1313 3678 cognoscenti

239 3693 272 3717 et
295 3685 406 3723 finem,
424 3692 456 3717 et
478 3686 558 3727 quid
581 3691 630 3717 est
652 3685 735 3722 finis,
753 3690 784 3716 et
808 3684 898 3725 quod
922 3682 1043 3724 aliquid
1066 3683 1223 3713 rationem
1239 3681 1312 3712 finis

2373 305 2442 343 135

1372 376 1501 408 habeat:
1526 388 1595 408 non
1619 379 1706 409 enim
1730 385 1838 420 potest
1853 382 1975 422 aliquid
1997 389 2034 414 ut
2056 383 2129 415 finis
2152 386 2248 416 statui
2270 387 2332 417 nisi
2353 396 2370 418 a
2390 397 2445 419 co-

1371 427 1549 462 gnoscente
1573 428 1605 453 et
1628 425 1890 464 apprehendente
1907 427 1985 467 quid
2001 428 2041 458 sit
2065 438 2133 459 esse
2156 429 2267 467 finem,
2284 432 2361 472 quia
2384 433 2446 463 sci-

1371 464 1447 496 licet
1462 471 1510 496 est
1524 467 1678 498 ultimum
1696 467 1738 499 ad
1753 469 1844 509 quod
1860 480 1960 511 opera
1976 471 2165 512 diriguntur.
2181 475 2320 515 Agentia
2335 482 2444 508 autem

1371 511 1538 547 naturalia,
1563 511 1639 542 licet
1662 512 1808 544 ordinate
1836 515 1870 544 in
1900 516 1966 546 suis
1989 518 2232 556 operationibus
2255 521 2442 560 procedant,

1372 555 1449 594 quia
1472 556 1511 585 ab
1536 556 1704 587 intellectu
1728 557 1838 598 aliquo
1866 559 2056 599 diriguntur,
2081 562 2188 602 ipsum
2212 569 2320 595 tamen
2343 565 2443 597 finem

1370 608 1439 629 non
1464 606 1678 640 cognoscunt,
1703 607 1735 632 et
1757 602 1862 633 multo
1885 604 1993 634 minus
2017 604 2089 635 finis
2113 608 2271 638 rationem
2295 615 2326 640 et
2349 611 2443 651 quid-

1371 642 1514 675 ditatem.
1539 645 1638 676 Bruta
1661 651 1781 683 autem,
1806 647 1880 678 licet
1908 656 2107 688 cognoscant
2130 650 2163 681 id
2185 653 2276 692 quod
2300 659 2346 684 est
2369 654 2442 686 finis

1370 697 1503 719 suarum
1532 690 1762 730 operationum
1792 693 2006 729 materialiter,
2030 703 2098 724 non
2129 701 2237 726 tamen
2267 697 2443 730 formaliter

1369 732 1450 763 illud
1466 740 1670 774 cognoscunt
1692 736 1751 766 sub
1775 736 1899 767 ratione
1922 736 2005 767 finis.
2022 738 2117 769 Unde
2140 745 2172 770 et
2194 741 2263 780 ipsa
2285 743 2442 775 rationem

1369 776 1442 808 finis
1454 787 1523 808 non
1539 786 1759 819 cognoscunt;
1777 786 1809 811 et
1824 790 1881 821 per
1897 791 2100 822 consequens
2116 793 2177 814 nec
2192 785 2262 824 ipsa
2277 786 2336 816 sibi
2352 797 2442 827 prae-

1369 823 1508 853 stituunt
1523 822 1634 854 finem.
1651 823 1739 855 Cum
1762 834 1840 865 ergo
1864 825 1931 856 duo
1954 828 2158 867 requirantur
2180 829 2308 861 adhoc
2327 836 2363 861 ut
2387 832 2441 863 ali-

1370 866 1450 907 quid
1472 868 1532 898 sibi
1547 873 1664 899 statuat
1679 874 1711 900 et
1730 869 1922 901 determinet
1937 870 2047 907 finem,
2063 872 2186 903 scilicet
2209 879 2244 904 ut
2267 883 2442 915 cognoscat

1369 910 1470 942 finem
1485 917 1516 942 et
1532 913 1691 944 rationem
1708 913 1791 950 finis,
1812 915 1957 955 cognitio
1973 917 2106 947 rationis
2121 916 2194 948 finis
2215 923 2262 948 est
2281 919 2441 961 principa-

1369 956 1441 987 liter
1464 957 1667 998 requisitum.
1688 958 1765 990 Ideo
1786 959 1922 990 Sanctus
1938 960 2084 991 Thomas
2106 961 2170 992 hoc
2192 971 2254 1002 pro
2271 972 2367 995 causa
2389 966 2441 996 hic

1370 1001 1550 1041 assignavit,
1567 1003 1601 1032 in
1622 1012 1690 1043 quo
1711 1003 1867 1034 naturalia
1890 1013 1967 1035 cum
1990 1005 2091 1036 brutis
2115 1008 2324 1045 conveniunt,
2348 1013 2380 1039 et
2403 1020 2441 1041 ex

1370 1054 1437 1085 quo
1460 1045 1523 1076 illis
1539 1047 1693 1077 convenit
1708 1053 1744 1078 ut
1767 1047 1826 1078 sibi
1850 1049 1927 1089 ipsis
1950 1048 2050 1080 finem
2073 1059 2141 1081 non
2165 1052 2384 1091 praestituant.

1425 1090 1523 1120 XVII.
1548 1091 1700 1131 Septimo.
1724 1092 1814 1123 Deus
1830 1099 1877 1123 est
1892 1099 1982 1124 actus
1997 1095 2121 1134 primus
2137 1096 2321 1134 subsistens,
2338 1107 2356 1128 a
2372 1106 2439 1138 quo

1369 1135 1480 1164 omnia
1503 1135 1697 1175 dependent.
1722 1137 1808 1177 Ergo
1832 1143 1879 1168 est
1902 1138 2093 1179 intelligens.
2110 1157 2133 1161 —
2147 1140 2305 1172 Probatur
2327 1151 2440 1174 conse-

1370 1180 1512 1218 quentia.
1530 1179 1667 1212 Formae
1684 1181 1716 1211 in
1733 1182 1828 1212 rebus
1845 1183 2015 1213 existentes
2032 1189 2107 1215 sunt
2122 1184 2345 1226 imperfectae:
2364 1188 2440 1228 quia

1368 1223 1610 1263 particulariter,
1635 1230 1666 1256 et
1688 1235 1756 1256 non
1787 1226 1967 1258 secundum
1996 1230 2266 1261 communitatem
2291 1240 2367 1262 suae
2391 1242 2439 1262 ra-

1369 1268 1476 1298 tionis.
1499 1267 1588 1309 Ergo
1612 1275 1743 1310 oportet
1765 1275 1802 1300 ut
1825 1270 2008 1302 deriventur
2031 1283 2048 1303 a
2072 1272 2184 1304 formis
2207 1284 2275 1305 non
2299 1277 2439 1316 particu-

1369 1312 1513 1343 laritatis:
1539 1323 1615 1344 cum
1642 1314 1869 1355 imperfectum
1898 1316 2057 1348 derivetur
2080 1318 2119 1348 ab
2148 1318 2258 1359 aliquo
2282 1319 2437 1360 perfecto.

1369 1356 1456 1397 Ergo
1481 1367 1499 1387 a
1522 1357 1634 1389 formis
1657 1359 1839 1390 intellectis:
1864 1369 1940 1391 cum
1969 1371 2038 1392 non
2068 1363 2250 1394 inveniatur
2272 1363 2376 1395 forma
2405 1366 2439 1396 in

1369 1411 1427 1432 sua
1450 1403 1686 1434 universalitate
1709 1404 1771 1435 nisi
1793 1405 1826 1435 in
1850 1405 2027 1436 intellectu.
2059 1407 2146 1447 Ergo
2170 1418 2188 1438 a
2211 1408 2322 1439 formis
2344 1410 2438 1440 intel-

1369 1445 1551 1486 ligentibus,
1576 1449 1603 1478 si
1626 1454 1701 1479 sunt
1723 1449 1931 1480 subsistentes
1962 1450 2020 1490 (sic
2049 1452 2136 1482 enim
2165 1453 2273 1484 solum
2302 1460 2439 1494 possunt

1369 1500 1438 1521 esse
1462 1493 1659 1532 operantes).
1675 1492 1774 1533 Ergo,
1790 1493 1816 1523 si
1832 1493 1921 1525 Deus
1938 1499 1985 1525 est
2008 1500 2097 1526 actus
2121 1506 2138 1526 a
2162 1506 2230 1537 quo
2255 1499 2365 1529 omnia
2384 1498 2439 1529 de-

1369 1534 1524 1576 pendent,
1549 1542 1679 1577 oportet
1701 1543 1739 1568 ut
1761 1537 1800 1568 sit
1823 1538 2014 1579 intelligens

1425 1580 1670 1612 Advertendum
1699 1582 1752 1613 hic
1783 1582 1884 1622 quod,
1909 1588 1945 1614 ut
1974 1584 2122 1623 superius
2137 1585 2154 1601 ⁴*
2185 1590 2232 1615 est
2262 1591 2439 1624 ostensum,

1369 1624 1474 1655 forma
1497 1625 1659 1656 intellecta
1681 1626 1715 1656 in
1739 1632 1813 1657 actu
1837 1627 1911 1658 ideo
1937 1632 1984 1658 est
2013 1633 2087 1658 actu
2110 1629 2271 1660 intellecta
2295 1632 2370 1671 quia
2394 1637 2441 1662 est

1369 1679 1387 1699 a
1409 1671 1543 1700 materia
1561 1676 1717 1711 separata,
1738 1676 1770 1701 et
1793 1671 1838 1701 sic
1862 1681 1930 1702 non
1954 1672 2050 1703 habet
2068 1672 2294 1705 limitationem
2316 1676 2350 1706 in
2372 1685 2441 1707 esse

1369 1723 1446 1745 suae
1461 1720 1604 1746 naturae.
1631 1714 1708 1746 Ideo
1725 1714 1829 1746 forma
1844 1716 2016 1753 intellecta,
2033 1722 2068 1747 ut
2084 1717 2139 1754 sic,
2156 1718 2252 1749 habet
2267 1719 2440 1759 perfectius

1369 1768 1438 1790 esse
1461 1760 1531 1800 ipsa
1555 1759 1659 1791 forma
1682 1760 1913 1800 particulariter
1935 1761 1968 1791 in
1992 1771 2026 1792 re
2043 1762 2206 1800 existente,
2231 1773 2314 1804 quae
2338 1774 2377 1796 ex
2400 1775 2440 1795 eo

1369 1803 1460 1844 quod
1484 1805 1517 1835 in
1541 1805 1725 1845 susceptivo
1750 1814 1818 1835 esse
1836 1805 1942 1842 habet,
1959 1806 2114 1837 limitatur
2134 1813 2293 1848 quantum
2317 1809 2356 1840 ad
2372 1819 2441 1840 esse

1368 1854 1501 1880 naturae
1525 1858 1602 1880 suae
1626 1849 1834 1880 conveniens.
1852 1850 1938 1889 Quia
1954 1856 2063 1881 autem
2083 1860 2121 1881 ex
2145 1851 2258 1883 eadem
2282 1863 2388 1891 causa,
2404 1859 2442 1885 ut

1368 1893 1519 1930 diximus,
1543 1894 1695 1935 provenit
1721 1894 1812 1935 quod
1835 1894 1957 1936 aliquid
1984 1896 2024 1926 sit
2050 1896 2251 1928 intellectum
2275 1903 2307 1928 et
2330 1899 2369 1930 sit
2392 1899 2441 1929 in-

1367 1938 1525 1979 telligens,
1545 1940 1572 1969 si
1595 1939 1754 1975 subsistat,
1770 1939 1892 1971 scilicet
1907 1949 1945 1971 ex
1965 1940 2242 1978 immaterialitate,
2258 1942 2334 1973 ideo
2358 1944 2441 1974 bene

1368 1982 1534 2014 concludit
1558 1983 1694 2014 Sanctus
1718 1983 1863 2015 Thomas
1894 1985 1981 2015 illam
2009 1984 2148 2016 formam
2175 1986 2347 2018 habentem
2371 1996 2440 2020 esse

1367 2027 1546 2059 universale
1571 2033 1602 2058 et
1625 2027 1820 2059 illimitatum
1842 2034 1992 2068 oportere
2016 2039 2084 2060 esse
2108 2030 2348 2071 intelligentem.

1422 2071 1564 2103 Adverte
1594 2072 1738 2109 ulterius,
1770 2083 1846 2104 cum
1876 2074 1983 2114 inquit
2013 2073 2147 2105 Sanctus
2175 2075 2320 2106 Thomas
2348 2076 2439 2117 quod

1357 2117 1498 2158 formae
1513 2127 1579 2147 non
1591 2122 1668 2148 sunt
1683 2117 1716 2148 in
1734 2118 1829 2148 rebus
1838 2118 2098 2158 particularibus
2109 2120 2283 2151 secundum
2297 2130 2438 2152 commu-

1368 2162 1500 2192 nitatem
1524 2171 1603 2192 suae
1627 2162 1776 2199 rationis,
1794 2161 1885 2203 quod
1908 2163 1971 2193 hoc
1995 2162 2159 2203 duplicem
2175 2174 2306 2196 sensum
2322 2166 2438 2196 habere

1367 2211 1485 2247 potest.
1516 2207 1609 2237 Unus
1633 2212 1681 2237 est
1704 2206 1795 2248 quod
1817 2209 1850 2238 in
1881 2207 1976 2239 rebus
1999 2208 2243 2248 particularibus
2272 2219 2341 2241 non
2364 2216 2439 2241 sunt

1367 2251 1492 2282 formae
1515 2250 1696 2282 secundum
1720 2252 1830 2282 omnia
1854 2261 1937 2292 quae
1961 2251 2001 2282 ad
2024 2261 2135 2283 earum
2161 2254 2319 2284 rationem
2342 2255 2439 2295 perti-

1366 2302 1446 2327 nent
1469 2295 1682 2327 essentialem.
1706 2296 1748 2327 Et
1763 2297 1815 2327 hic
1837 2305 1949 2327 sensus
1973 2296 2070 2328 falsus
2092 2303 2148 2334 est,
2173 2303 2205 2328 et
2226 2308 2295 2329 non
2317 2304 2365 2330 est
2387 2300 2439 2330 hic

1366 2342 1520 2372 intentus.
1544 2340 1578 2372 Si
1601 2341 1689 2371 enim
1712 2346 1825 2372 natura
1851 2341 2082 2382 particulariter
2103 2342 2136 2372 in
2153 2352 2187 2373 re
2211 2344 2348 2374 existens
2371 2353 2439 2375 non

1368 2391 1450 2417 esset
1466 2385 1648 2416 secundum
1663 2391 1766 2416 totam
1787 2395 1879 2417 suam
1902 2387 2061 2417 rationem
2076 2387 2110 2417 in
2130 2397 2174 2423 re,
2190 2397 2257 2418 non
2282 2388 2440 2419 diceretur

1367 2440 1417 2462 res
1441 2431 1650 2461 essentialiter
1671 2431 1755 2461 talis:
1776 2440 1844 2461 non
1869 2432 1955 2461 enim
1983 2431 2091 2462 Sortes
2118 2433 2326 2463 essentialiter
2358 2439 2440 2464 esset

1367 2477 1470 2507 homo
1494 2476 1520 2506 si
1543 2476 1577 2506 in
1604 2485 1645 2506 eo
1673 2481 1739 2506 tota
1766 2476 1908 2506 hominis
1933 2475 2093 2516 quidditas
2119 2486 2187 2507 non
2213 2477 2394 2508 salvaretur.
2417 2496 2441 2500 —

1367 2521 1460 2551 Alius
1474 2529 1587 2551 sensus
1603 2525 1651 2551 est
1666 2519 1757 2560 quod
1772 2521 1853 2550 ratio
1866 2520 1918 2551 illa
1929 2530 1996 2551 non
2014 2525 2061 2551 est
2075 2521 2109 2551 in
2124 2530 2159 2551 re
2174 2521 2354 2553 secundum
2371 2532 2439 2554 esse

1367 2565 1573 2596 illimitatum.
1597 2565 1639 2595 Et
1661 2565 1714 2595 hic
1737 2574 1849 2595 sensus
1865 2573 1959 2595 verus
1982 2570 2039 2601 est,
2057 2565 2156 2596 ethic
2175 2566 2327 2597 intentus.
2348 2567 2440 2598 Licet

1368 2611 1456 2641 enim
1479 2610 1514 2640 in
1537 2609 1630 2640 Sorte
1653 2610 1694 2639 sit
1715 2609 1818 2639 homo
1834 2609 2015 2640 secundum
2037 2614 2140 2640 totam
2161 2619 2252 2641 suam
2267 2611 2437 2648 rationem,

1367 2655 1421 2685 illa
1436 2659 1546 2685 tamen
1569 2655 1650 2684 ratio
1666 2654 1700 2684 in
1714 2654 1787 2694 ipso
1802 2662 1871 2684 non
1894 2654 1991 2684 habet
2014 2655 2281 2685 communitatem
2299 2665 2391 2686 suam
2407 2661 2439 2686 et

1367 2699 1628 2738 illimitationem,
1640 2697 1698 2729 sed
1713 2703 1839 2729 tantum
1853 2697 2035 2730 secundum
2047 2698 2138 2739 quod
2149 2704 2198 2729 est
2211 2700 2245 2730 in
2260 2700 2436 2731 intellectu.

1423 2743 1488 2774 Sed
1511 2742 1744 2774 advertendum
1768 2742 1858 2784 quod
1881 2742 1986 2773 forma
2010 2752 2093 2783 quae
2117 2744 2213 2774 habet
2237 2753 2306 2774 esse
2329 2744 2437 2775 illimi-

1367 2792 1471 2819 tatum
1493 2788 1527 2818 in
1550 2788 1726 2824 intellectu,
1744 2797 1827 2828 quae
1843 2788 1940 2818 etiam
1965 2787 2080 2818 dicitur
2095 2787 2200 2819 forma
2222 2788 2383 2819 intellecta
2402 2790 2436 2820 in

1368 2838 1452 2869 actu,
1470 2832 1644 2873 aliquando
1660 2842 1728 2863 non
1745 2838 1793 2863 est
1807 2833 1993 2869 subsistens,
2011 2832 2066 2863 sed
2082 2832 2230 2863 accidens
2244 2833 2435 2864 intellectus.

1368 2877 1409 2908 Et
1432 2883 1511 2908 tunc
1534 2887 1552 2908 a
1574 2878 1629 2908 tali
1652 2877 1756 2908 forma
1777 2887 1826 2908 res
1842 2877 1993 2908 naturalis
2008 2887 2076 2908 non
2099 2877 2260 2918 dependet
2282 2883 2436 2918 tanquam

1368 2923 1408 2952 ab
1432 2927 1557 2962 agente,
1582 2923 1665 2953 sicut
1691 2922 1807 2953 accidit
1830 2922 1869 2953 de
1897 2921 2002 2952 forma
2033 2931 2116 2962 quae
2145 2927 2192 2953 'est
2214 2923 2248 2953 in
2270 2923 2435 2954 intellectu

1367 2973 1496 2998 nostro:
1520 2967 1597 3007 quia
1613 2967 1740 3007 operari
1755 2973 1802 2998 est
1817 2967 1863 2998 rei
1885 2967 2094 2998 subsistentis.
2119 2967 2304 3007 Aliquando
2328 2973 2436 2998 autem

1368 3017 1416 3042 est
1439 3012 1624 3048 subsistens,
1649 3012 1731 3043 sicut
1754 3011 1859 3042 forma
1882 3021 1965 3053 quae
1994 3017 2041 3042 est
2064 3012 2098 3042 in
2121 3012 2285 3043 intellectu
2309 3011 2434 3043 divino:

1367 3057 1448 3097 lapis
1472 3057 1559 3087 enim
1582 3057 1832 3088 immaterialiter
1854 3057 1887 3087 in
1903 3056 2067 3087 intellectu
2084 3055 2193 3087 divino
2217 3056 2352 3087 existens
2367 3066 2435 3088 non

1368 3107 1416 3132 est
1432 3100 1580 3132 accidens
1595 3101 1777 3132 intellectus
1790 3101 1899 3138 divini,
1917 3100 1972 3132 sed
1988 3101 2129 3132 subsistit
2145 3106 2176 3131 et
2188 3106 2235 3131 est
2245 3101 2314 3140 ipsa
2329 3099 2435 3131 divina

1367 3146 1552 3177 substantia.
1577 3145 1655 3177 Ideo
1679 3146 1738 3177 sibi
1754 3146 1906 3177 convenit
1921 3146 2001 3176 ratio
2024 3145 2231 3186 producentis
2247 3146 2349 3185 ipsam
2370 3144 2435 3176 for-

1367 3200 1455 3221 mam
1468 3190 1649 3222 secundum
1661 3200 1730 3222 esse
1746 3191 1936 3232 particulare
1948 3195 1980 3221 et
1995 3190 2166 3221 limitatum
2177 3190 2210 3220 in
2222 3190 2327 3220 rebus.
2340 3189 2435 3221 Unde

1367 3245 1436 3266 non
1455 3235 1661 3266 concluditur
1683 3236 1871 3276 simpliciter
1891 3235 2029 3266 formam
2051 3235 2223 3266 habentem
2247 3243 2314 3265 esse
2337 3235 2435 3275 parti-

1369 3280 1476 3311 culare
1499 3279 1682 3321 dependere
1707 3281 1746 3311 ab
1774 3281 1844 3321 ipsa
1867 3279 2046 3311 secundum
2068 3279 2158 3320 quod
2180 3279 2277 3309 habet
2295 3288 2364 3310 esse
2386 3280 2435 3310 in-

1367 3325 1545 3362 tellectum,
1575 3325 1633 3356 sed
1665 3335 1741 3356 cum
1767 3326 1828 3356 hac
1858 3324 2032 3361 additione,
2059 3324 2147 3365 quod
2167 3324 2336 3354 subsistat:
2359 3324 2435 3364 quia

1367 3375 1446 3400 tunc
1469 3369 1550 3401 illud
1566 3379 1635 3401 esse
1651 3375 1699 3400 est
1714 3371 1867 3401 omnibus
1881 3368 1988 3400 modis
2010 3368 2194 3410 perfectiuS,
2219 3377 2295 3399 cum
2310 3369 2351 3399 sit
2366 3377 2435 3400 esse

1368 3415 1554 3451 subsistens,
1578 3414 1774 3445 illimitatum
1798 3419 1831 3445 et
1851 3413 2014 3444 infinitum
2040 3414 2073 3443 in
2097 3423 2154 3444 sua
2183 3417 2307 3449 natura,
2331 3413 2434 3444 immo

1367 3460 1401 3489 in
1425 3459 1497 3490 Deo
1521 3459 1709 3500 simpliciter
1727 3458 1899 3490 infinitum.

1424 3503 1656 3534 Commi-tm
1685 3504 1802 3534 ultimo
1837 3502 2078 3534 auctoritatibus
2104 3501 2298 3542 Scripturae,
2322 3501 2380 3532 Iob
2403 3511 2435 3532 tx

1368 3554 1400 3579 et
1415 3558 1468 3585 xn,
1486 3554 1519 3579 et
1533 3548 1662 3584 Psalmi,
1679 3553 1711 3579 et
1722 3548 1815 3578 Rom.
1829 3558 1869 3578 xi.
1893 3565 1915 3570 -
1938 3546 2044 3577 Etiam
2060 3551 2092 3576 et
2107 3555 2145 3576 ex
2167 3547 2310 3577 nominis
2327 3547 2434 3586 impo-

1367 3593 1494 3624 sitione.
1518 3592 1602 3623 Nam
1629 3593 1693 3623 hoc
1715 3592 1911 3623 vocabulum
1935 3591 2034 3627 theos,
2060 3590 2151 3631 quod
2177 3590 2264 3632 apud
2291 3590 2434 3622 Graecos

1367 3638 1472 3668 Deum
1497 3636 1664 3677 significat,
1689 3637 1805 3668 dicitur
1827 3646 1845 3666 a
1868 3635 2017 3671 theusthe,
2043 3634 2133 3676 quod
2156 3641 2203 3666 est
2226 3635 2435 3666 considerare

1367 3687 1423 3713 aut
1446 3682 1563 3712 videre.

2466 1588 2475 1597 '
2490 1587 2561 1609 Num.
2572 1594 2620 1610 xiv,
