2716 4302
32 503 83 520 :ov
98 497 112 518 b
124 502 164 524 mg
178 495 220 517 inf.

30 904 40 915 ⁸
54 903 90 926 lb.
101 902 117 925 b
130 909 168 932 ²9·

1248 154 1513 191 APPENDIX

275 231 308 261 id
330 230 370 261 ad
387 230 478 271 quod
502 236 549 261 est
563 231 596 261 in
621 232 767 271 potentia
786 232 968 263 intellectus
992 239 1101 263 noster
1124 239 1170 263 est
1187 234 1256 264 eius
1279 243 1351 274 per-

275 281 373 312 fectio
398 281 616 321 intelligibilis.
639 283 696 313 Est
719 290 828 314 autem
855 285 889 314 in
913 286 1059 324 potentia
1077 284 1117 315 ad
1141 294 1255 315 omnes
1279 294 1351 325 spe-

277 333 341 363 cies
364 332 582 372 intelligibiles
600 339 754 370 praesertim
773 347 841 371 quae
859 346 890 364 ex
909 339 1075 364 sensibilibus
1095 340 1261 372 accipiuntur,
1281 341 1351 365 unde

275 386 451 421 philosophus
471 387 532 412 dicit
549 389 621 420 quod
636 394 675 413 est
694 397 749 422 quo
761 396 802 415 est
814 390 902 415 omnia
921 388 985 414 fieri.
1004 385 1134 427 Species
1158 394 1267 418 autem
1291 388 1351 418 hu-

274 433 418 464 iusmodi
435 440 509 464 sunt
525 434 680 472 infinitae,
697 446 774 467 nam
791 444 822 468 et
837 448 1050 471 numerorum
1067 439 1190 479 species
1206 437 1351 468 infinitae

276 491 350 515 sunt
382 492 412 515 et
446 485 633 525 figurarum.
665 487 873 528 Relinquitur
891 513 898 520 .
913 514 920 521 .
935 515 942 521 .
961 496 1148 532 cognoscat.
1174 490 1189 505 ἅ
1210 490 1239 530 (ἓ
1259 489 1351 520 Item.

276 537 363 568 Cum
379 539 562 569 intellectus
578 546 689 570 noster
705 542 744 571 sit
761 545 1001 582 cognoscitivus
1021 543 1222 574 infinitorum
1242 542 1274 571 in
1292 551 1351 582 po-

275 590 384 626 tentia,
405 596 513 630 potest
537 591 624 620 enim
648 591 681 621 in
706 591 870 624 infinitum
891 596 1014 634 species
1030 602 1242 625 numerorum
1262 597 1287 621 in
1306 604 1351 628 po-

275 646 354 670 tentia
370 641 596 681 multiplicare,
612 642 638 671 si
654 642 836 674 intellectus
852 644 979 676 divinus
995 655 1063 676 non
1080 652 1291 686 cognosceret
1304 647 1352 676 in-

275 691 365 722 finita
378 692 476 722 etiam
489 698 574 728 actu,
588 700 776 732 sequeretur
792 696 882 734 quod
898 697 950 727 vel
966 708 1018 726 non
1032 704 1100 726 esset
1115 698 1257 737 plurium
1271 703 1353 727 esset

275 743 518 783 cognoscitivus
534 743 716 774 intellectus
740 745 1022 788 humanusgquam
1038 748 1177 784 divinus,
1195 749 1244 778 vel
1261 747 1352 788 quod

274 793 458 824 intellectus
477 793 606 823 divinus
630 803 699 824 non
717 804 786 824 essee
805 804 1017 837 cognosceret
1040 799 1150 828 omnia
1171 805 1244 829 actu
1267 808 1351 838 quo-

273 853 348 874 rum
371 848 419 873 est
442 845 684 883 cognoscitivus
708 845 740 874 in
765 849 921 886 potentia.
938 848 1091 886 Quorum
1115 855 1291 890 utrumque
1312 858 1351 877 esi

274 901 322 925 est
344 894 557 934 impossibile,
576 900 610 924 ut
627 904 666 924 ex
682 905 778 936 supra
802 897 894 928 dictis
917 898 1029 940 patet.)
1055 901 1071 915 ἥ
1087 901 1105 938 §
1121 899 1248 930 Adhuc.
1275 900 1351 931 Infi-

273 947 380 976 nitum
407 946 588 985 cognitioni
616 954 776 987 repugnat
799 949 994 989 inquantum
1017 957 1176 991 repugnat
1199 961 1352 982 numera-

272 996 366 1032 tioni,
383 1005 459 1026 nam
471 1001 577 1036 partes
589 996 707 1027 infiniti
723 1007 893 1029 numerare
910 1001 1091 1031 secundum
1107 1011 1140 1031 se
1153 1001 1352 1041 impossibile

274 1053 331 1084 est,
345 1054 418 1083 puta
447 1049 538 1087 quasi
563 1048 855 1080 contradictionem
870 1051 1050 1091 implicans.
1069 1052 1280 1092 Cognoscere
1296 1063 1352 1084 au-

271 1104 340 1129 tem
363 1098 487 1139 aliquid
502 1108 560 1138 per
584 1100 846 1131 numerationem
862 1111 994 1132 suarum
1017 1103 1158 1142 partium
1189 1110 1237 1133 est
1258 1103 1353 1134 intel-

271 1150 376 1180 lectus
399 1150 581 1180 successive
612 1152 840 1190 cognoscentis
869 1159 994 1192 partem
1018 1160 1092 1194 post
1115 1160 1250 1194 partem,
1283 1164 1351 1184 non

272 1206 383 1231 autem
409 1201 593 1231 intellectus
621 1201 717 1231 simul
736 1206 773 1230 ad
792 1202 930 1233 diversas
961 1210 1067 1244 partes
1090 1215 1118 1234 se
1137 1209 1234 1233 habent
1260 1214 1352 1235 com-

271 1251 512 1292 prehendentis.
538 1251 626 1283 Cum
649 1253 746 1292 igitur
770 1253 898 1284 divinus
921 1255 1104 1286 intellectus
1129 1255 1250 1295 absque
1275 1265 1349 1286 suc-

273 1304 420 1334 cessione
445 1310 622 1345 cognoscat
646 1305 758 1334 omnia
781 1305 878 1335 simul
901 1313 927 1335 et
954 1318 1006 1335 non
1026 1316 1094 1336 non
1118 1308 1220 1346 magis
1247 1307 1351 1347 impe-

230 1355 585 1395 (dditureeognoscere
609 1355 735 1386 infinita
763 1366 863 1396 quam
885 1357 986 1388 finita.
1016 1359 1034 1396 §
1054 1358 1214 1398 Amplius.
1236 1358 1353 1389 Omnis

0 2596 128 2644 [fs-fn.

21 3330 34 3341 “
49 3327 103 3352 vid.
117 3328 148 3351 nd
161 3329 208 3351 loc.

22 3741 48 3759 αι
59 3742 71 3758 r
83 3742 97 3758 ι
106 3741 235 3764 ιι-ραο4.

22 3843 34 3854 ·
48 3842 104 3865 Vid.
117 3842 146 3864 ad
163 3843 209 3865 loc.

272 1408 434 1448 quantitas
458 1407 491 1437 in
511 1406 653 1447 quadam
677 1407 948 1448 multiplicatione
971 1410 1112 1450 partium
1136 1411 1293 1447 consistit,
1319 1417 1351 1441 et

271 1464 405 1500 propter
429 1459 494 1489 hoc
517 1468 673 1489 numerus
704 1465 751 1490 est
774 1460 877 1500 prima
902 1461 1120 1501 quantitatum
1144 1470 1170 1489 et
1191 1465 1217 1490 in
1236 1473 1268 1490 eo
1286 1467 1352 1490 ratio

271 1522 421 1544 mensurae.
435 1522 504 1548 quae
517 1515 620 1548 propria
633 1519 674 1540 est
688 1515 847 1548 quantitatis,
860 1517 945 1548 primo
959 1516 1096 1542 invenitur.
1110 1513 1173 1544 Ubi
1190 1523 1266 1553 ergo
1279 1513 1352 1553 plu-

270 1562 378 1594 ralitas
401 1561 491 1592 nulla
514 1561 727 1592 differentiam
752 1569 904 1603 operetur
923 1587 930 1595 .
945 1585 952 1593 .
967 1585 975 1593 .
993 1562 1078 1594 facit.
1105 1564 1138 1593 ln
1164 1564 1352 1603 cognitione

271 1618 382 1645 autem
394 1613 456 1644 Dei
465 1616 613 1649 pluralitas
626 1612 720 1652 plura
732 1613 796 1643 hoc
808 1613 910 1643 modo
925 1619 1168 1653 cognoscuntur
1185 1620 1220 1643 ut
1236 1623 1351 1652 unum,

271 1673 350 1706 curn
379 1673 448 1694 non
483 1672 541 1703 per
576 1662 716 1693 diversas
750 1664 875 1703 species
910 1663 967 1693 sed
990 1674 1047 1704 per
1074 1673 1173 1694 unam
1198 1665 1351 1703 speciem,

271 1724 356 1756 quae
373 1721 422 1745 est
448 1714 509 1744 Dei
527 1714 675 1750 essentia,
692 1719 942 1754 cognoscantur.
968 1714 1063 1745 Unde
1080 1737 1087 1744 .
1102 1738 1110 1745 .
1125 1738 1131 1744 .
1150 1715 1274 1745 nullam
1291 1714 1351 1744 dif-

270 1768 442 1799 ferentiam
456 1766 622 1807 pluralitas
638 1766 724 1797 facit.
742 1766 829 1807 Ergo
845 1776 906 1797 nec
922 1767 1098 1803 infinitum,
1115 1767 1206 1807 quod
1222 1768 1350 1807 quanti-

270 1825 371 1851 tatem
401 1819 615 1859 consequitur
637 1822 784 1846 secundum
803 1822 1000 1855 philosophum.
1025 1819 1113 1849 Nihil
1141 1828 1218 1859 ergo
1247 1818 1351 1849 differt

271 1871 312 1902 ad
334 1869 538 1901 intellectum
554 1869 702 1899 divinum
720 1868 925 1899 infinitorum
941 1875 973 1899 et
996 1869 1164 1900 finitorum
1189 1870 1345 1909 cognitio,

271 1929 304 1954 et
318 1923 376 1958 sic,
393 1930 470 1952 cum
486 1925 665 1960 cognoscat
680 1923 788 1957 infinita
807 1920 908 1957 finita,
932 1926 1067 1957 cognoscit
1087 1920 1180 1961 (nihil
1196 1920 1348 1960 prohibet

271 1983 349 2005 eum
380 1976 593 2012 cognoscere)
618 1972 716 2002 etiam
746 1971 882 2002 infinita.
907 1972 1028 2011 §Huic
1053 1978 1162 2002 autem
1190 1979 1350 2002 consonat

270 2023 363 2065 quod
386 2023 420 2054 in
444 2032 492 2063 ps.
517 2021 644 2058 dicitur,
670 2022 711 2052 Et
734 2023 910 2062 sapientiae
926 2024 995 2053 eius
1019 2032 1086 2054 non
1112 2029 1159 2053 est
1182 2031 1349 2062 numerus,

270 2084 298 2104 et
315 2080 388 2112 quod
406 2078 570 2111 Augustinus
594 2078 662 2109 uicit,
682 2084 754 2110 quou
773 2079 874 2103 divinae
892 2079 1033 2111 sapientiae
1054 2081 1118 2104 sunt
1141 2077 1249 2110 infinita
1264 2077 1350 2110 finita

270 2138 441 2157 numerorum
461 2131 563 2163 species
582 2135 643 2155 sunt
661 2128 756 2159 finitae.
776 2130 838 2163 quia
852 2130 951 2155 scilicet
962 2138 1016 2156 non
1029 2130 1115 2156 differt
1133 2131 1166 2155 ad
1186 2129 1242 2154 eiua
1262 2130 1349 2162 cogni-

269 2185 368 2210 tionem
387 2190 432 2209 eas
459 2191 520 2208 esse
543 2182 628 2208 finitas
653 2183 692 2207 vei
711 2182 832 2208 infinitas.
862 2180 881 2218 §
905 2180 996 2210 Patet
1025 2186 1134 2210 autem
1161 2189 1199 2210 ex
1223 2179 1348 2220 praedi-

269 2234 330 2265 ctis
345 2242 444 2273 quare
460 2232 643 2262 intellectus
660 2237 770 2262 noster
786 2231 951 2262 infinitum
974 2241 1043 2262 non
1067 2233 1246 2272 cognoscit,
1264 2232 1347 2262 sicut

267 2284 452 2315 intellectus
480 2283 619 2314 divinus.
644 2282 758 2313 Differt
781 2284 868 2313 enim
892 2283 1076 2314 intellectus
1099 2289 1209 2314 noster
1233 2283 1272 2314 ab
1296 2284 1347 2313 in-

267 2335 400 2367 tellectu
425 2335 536 2365 divino
567 2341 727 2375 quantum
757 2334 796 2364 ad
821 2341 962 2374 quatuor
985 2345 1069 2376 quae
1089 2340 1121 2364 ad
1149 2335 1232 2365 hanc
1258 2333 1348 2365 diffe-

267 2390 406 2421 rentiam
433 2388 566 2418 faciunt.
598 2387 744 2417 Primum
775 2394 823 2417 est
853 2388 944 2428 quod
971 2389 1155 2419 intellectus
1178 2391 1232 2425 diff
1245 2390 1347 2416 divinus

267 2451 309 2471 est
326 2442 451 2473 infinitus,
469 2444 581 2470 noster
599 2447 686 2467 autem
711 2439 926 2480 (simpliciter)
944 2439 1055 2470 finitus
1072 2439 1158 2482 (est),
1183 2449 1208 2468 et
1230 2444 1290 2468 ideo
1313 2444 1345 2468 ad

268 2497 440 2522 determinata
457 2494 627 2527 intelligibilia
639 2494 679 2518 vis
697 2501 746 2519 sua
764 2501 794 2518 se
806 2495 928 2526 extendit,
940 2503 994 2520 non
1009 2496 1041 2520 ad
1058 2494 1165 2526 infinita,
1178 2496 1244 2520 sicut
1268 2491 1348 2521 divi-

266 2553 330 2574 nus
345 2547 390 2580 qui
409 2552 450 2571 est
466 2540 603 2583 (autem)
627 2540 785 2573 infinitus.
816 2542 1006 2574 Secundum
1030 2549 1077 2574 est
1094 2567 1101 2574 .
1117 2567 1123 2573 .
1139 2566 1146 2573 .
1163 2543 1346 2574 intellectus

267 2595 406 2626 divinus.
421 2593 570 2624 Tertium
584 2615 591 2623 .
606 2615 614 2623 .
629 2617 635 2623 .
650 2594 726 2623 visa.
744 2594 760 2610 ἢ*
772 2593 935 2631 Quartum
947 2600 994 2624 est
1011 2595 1087 2635 quia
1102 2594 1286 2625 intellectus
1298 2594 1346 2624 di-

266 2648 362 2678 vinus
378 2651 425 2676 est
445 2654 561 2680 eorum
577 2646 662 2685 q'uae
686 2651 761 2676 sunt
778 2651 809 2675 et
825 2654 910 2685 quae
925 2655 994 2676 non
1010 2653 1094 2682 sunt,
1120 2652 1156 2676 ut
1175 2652 1343 2676 ostensum

268 2705 325 2736 est,
343 2703 414 2727 unde
432 2701 563 2726 inlinitum
581 2708 630 2725 sua
649 2701 845 2733 imperfectione
857 2702 962 2726 essendi
981 2708 1043 2731 non,
1058 2701 1119 2733 quia
1138 2702 1284 2726 secundum
1299 2700 1343 2725 ali-

267 2754 331 2787 quid
350 2759 391 2778 est
410 2758 436 2777 et
454 2752 599 2777 secundum
619 2751 716 2784 aliquid
730 2759 783 2776 non
802 2757 850 2782 est.
864 2752 966 2776 divinae
979 2751 1120 2784 cognitioni
1137 2759 1190 2776 non
1208 2756 1344 2784 repugnat.

267 2806 340 2840 quod
359 2806 392 2831 de
411 2806 488 2830 nobis
501 2805 550 2830 dici
563 2812 617 2829 non
636 2809 732 2837 potest.
751 2802 770 2839 §
785 2799 876 2830 Patet
892 2800 989 2830 etiam
1003 2823 1010 2830 .
1023 2823 1030 2830 .
1046 2823 1053 2830 .
1068 2800 1264 2840 quantitatis.
1290 2799 1343 2829 Sic

267 2860 376 2886 autem
401 2854 490 2884 Deus
513 2862 582 2883 non
606 2852 787 2893 cognoscit.
805 2851 910 2887 Unde,
930 2857 966 2882 ut
981 2852 1025 2882 ita
1046 2851 1180 2887 dicatur,
1204 2860 1273 2881 non
1289 2860 1346 2881 co-

265 2907 395 2947 gnoscit
410 2904 574 2936 infinitum
590 2903 773 2934 secundum
789 2902 879 2942 quod
895 2909 942 2932 est
958 2901 1133 2938 infinitum,
1150 2901 1206 2931 sed
1229 2911 1346 2931 secun-

267 2958 346 2988 dum
371 2956 463 2998 quod
478 2967 542 2985 suae
560 2959 684 2984 scientiae
702 2963 742 2983 est
762 2953 816 2995 (ad
831 2963 924 2983 suam
941 2954 1108 2983 scientiam
1129 2962 1162 2983 se
1179 2953 1288 2992 habet)
1306 2962 1342 2982 ac

266 3010 293 3039 si
316 3014 399 3038 esset
421 3007 562 3043 finitum,
579 3012 615 3037 ut
631 3012 800 3037 ostensum
816 3011 874 3035 est.
898 3006 916 3043 §
932 3005 1109 3036 Sciendum
1125 3011 1234 3034 tamen
1251 3003 1340 3044 quod

266 3065 387 3098 quamvis
407 3059 496 3090 Deus
526 3057 653 3088 infinita
682 3066 750 3087 non
783 3057 953 3096 cognoscit
976 3056 1110 3086 scientia
1137 3055 1281 3091 visionis,
1306 3061 1343 3085 ut

266 3112 371 3142 verbis
395 3111 535 3141 aliorum
560 3115 699 3144 utamur,
719 3108 797 3147 quia
815 3118 863 3136 nec
880 3106 1006 3137 infinita
1021 3116 1081 3136 nec
1099 3111 1174 3136 sunt
1190 3112 1263 3136 actu
1280 3115 1342 3135 nec

266 3164 398 3195 fuerunt
421 3171 484 3193 nec
508 3167 612 3198 erunt,
637 3169 714 3191 cum
738 3164 854 3188 mundus
872 3160 1037 3202 generatio
1055 3168 1092 3189 ex
1116 3164 1229 3188 neutra
1252 3163 1342 3197 parte

265 3217 306 3247 sit
329 3214 455 3245 infinita
471 3212 652 3244 secundum
668 3210 768 3242 fidem
785 3211 994 3242 catholicam:
1015 3210 1074 3240 scit
1089 3215 1199 3239 tamen
1218 3207 1344 3238 infinita

265 3267 401 3298 scientia
425 3266 580 3306 simplicis
604 3268 718 3294 notitiae
735 3263 966 3303 intelligentiae
977 3271 1056 3296 prout
1065 3265 1113 3290 scit
1123 3265 1200 3290 etiam
1211 3271 1279 3297 quae
1292 3271 1344 3288 non

266 3330 328 3349 sunt
343 3325 368 3349 ³.
384 3320 451 3351 Scit
467 3319 554 3349 enim
571 3318 660 3348 Deus
674 3340 681 3347 .
697 3340 704 3347 .
720 3340 727 3347 .
745 3322 918 3346 creaturae.
936 3314 977 3344 Et
993 3315 1052 3344 scit
1066 3337 1073 3343 .
1083 3337 1107 3345 ..
1122 3322 1183 3343 nec
1200 3312 1340 3342 fuerunt.

265 3372 362 3404 Unde
389 3377 548 3413 quantum
571 3369 612 3399 ad
642 3372 811 3406 principalem
842 3367 1068 3407 quaestionem
1092 3364 1132 3395 de
1157 3364 1344 3404 cognitione

265 3423 476 3464 singularium
492 3421 641 3462 pertinet,
655 3418 842 3459 responderi
859 3422 969 3457 posset
984 3425 1041 3456 per
1057 3415 1343 3454 interemptionem

265 3475 407 3513 maioris,
432 3484 485 3503 non
505 3476 575 3502 enim
596 3475 678 3505 Deus,
710 3479 778 3500 non
803 3470 890 3499 enim
914 3467 1084 3508 singularia
1108 3472 1182 3496 sunt
1208 3465 1342 3495 infinita.

266 3525 300 3557 Si
322 3532 431 3556 tamen
456 3529 572 3560 essent,
596 3522 676 3553 nihil
705 3522 813 3551 minus
837 3520 926 3550 Deus
950 3529 986 3549 ea
1010 3524 1231 3558 cognosceret.

424 3634 506 3675 Cap.
530 3633 629 3664 LXX.
655 3632 752 3670 Quon
777 3632 863 3662 Dans
886 3640 970 3660 vum
994 3638 1180 3658 coososcrr.

310 3730 328 3768 §
347 3733 400 3758 His
419 3728 495 3759 Hoc
518 3733 628 3758 autem
652 3727 774 3762 habito,
799 3722 1038 3755 ostendendum
1066 3727 1113 3751 est
1139 3719 1230 3760 quod
1253 3719 1342 3748 Deus

266 3781 436 3822 cognoscit
458 3780 544 3816 vilia,
564 3785 596 3810 et
620 3778 711 3819 qnod
735 3779 798 3808 hoc
823 3775 982 3806 nobilitati
1007 3774 1074 3804 eius
1099 3772 1250 3803 scientiae
1273 3780 1342 3801 non

265 3837 425 3873 repugnat
449 3835 496 3860 sed
510 3839 655 3860 attestatur.
668 3834 682 3848 *
707 3829 840 3867 Quanto
856 3851 863 3857 .
879 3851 885 3857 .
900 3849 907 3856 .
926 3831 1067 3866 apparet.
1094 3827 1169 3852 Sicut
1182 3829 1270 3851 autem
1285 3822 1341 3851 Vis

266 3890 375 3914 autem
399 3883 499 3913 divini
522 3882 706 3913 intellectus
729 3881 763 3910 in
787 3877 1018 3918 cognoscendo
1035 3885 1083 3906 res
1108 3875 1263 3904 similatur
1278 3873 1340 3902 vir-

265 3935 327 3966 tuti
350 3934 473 3965 activae
489 3937 550 3970 quia
569 3942 595 3961 et
613 3938 639 3961 in
660 3936 791 3960 intellectu
814 3938 905 3958 nostro
929 3932 1000 3965 quod
1023 3937 1176 3964 supremum
1196 3934 1236 3953 est
1261 3935 1341 3959 agens

266 3994 313 4021 est,
331 3989 459 4023 possibile
477 3995 540 4013 vero
561 3988 632 4020 quod
651 3987 766 4015 inferius,
786 3994 833 4010 nec
856 3981 1037 4011 intellectus
1067 3976 1180 4017 (enim)
1214 3975 1341 4006 divinus

259 4036 362 4078 (non)
387 4035 575 4076 recipiendo
601 4045 618 4064 a
641 4034 737 4064 rebus
768 4034 947 4072 cognoscit,
978 4030 1033 4061 sed
1064 4029 1164 4069 magis
1194 4037 1251 4068 per
1277 4027 1340 4056 hoc

2407 161 2477 208 29*

1407 235 1497 275 quod
1521 236 1566 266 eis
1590 234 1705 266 influit.
1724 235 1810 267 Cum
1834 237 1930 277 igitur
1955 238 1994 268 sit
2017 237 2160 268 infinitae
2181 239 2305 269 virtutis
2329 240 2361 269 in
2385 239 2477 270 intel-

1406 287 1548 327 ligendo,
1573 293 1609 317 ut
1625 297 1662 317 ex
1686 287 1857 327 praedictis
1874 294 1972 328 patet,
1991 294 2119 328 oportet
2136 288 2226 329 quod
2243 289 2310 319 eius
2335 290 2476 329 cognitio

1406 348 1509 378 usque
1534 338 1574 369 ad
1598 339 1812 369 remotissima
1831 351 1845 367 a
1864 351 1893 367 se
1913 340 2110 370 extendatur.
2137 340 2199 371 Sed
2222 340 2338 380 gradus
2362 341 2478 371 nobili-

1405 391 1477 420 tatis
1502 396 1532 420 et
1556 390 1684 420 vilitatis
1708 390 1740 420 in
1766 391 1918 421 omnibus
1946 392 2072 421 entibus
2097 391 2270 421 attenditur
2297 391 2477 422 secundum

1376 456 1384 476 5
1406 441 1682 481 propinquitatem
1704 447 1735 471 et
1752 441 1934 471 distantiam
1957 452 1974 470 a
1990 445 2081 478 primo
2101 446 2146 478 qui
2164 450 2202 471 est
2223 452 2240 472 a
2264 443 2335 473 Deo
2354 447 2402 472 scil
2421 444 2477 483 qui

1407 499 1454 522 est
1488 492 1521 522 in
1556 491 1620 522 fine
1655 493 1840 522 nobilitatis.
1877 493 1963 532 Ergo
2054 494 2230 533 cognoscit.
2266 496 2284 533 ἓ
2300 495 2476 525 Praeterea.

1407 542 1514 572 Omne
1547 543 1637 583 quod
1669 549 1715 573 est
1733 566 1740 573 .
1756 567 1762 573 .
1778 567 1784 573 .
1803 553 1871 573 esse
1903 543 2027 574 dicitur.
2060 544 2265 584 Relinquitur
2292 546 2388 585 igitur
2406 550 2478 582 quod

1407 598 1474 623 nihil
1500 598 1601 623 dicitur
1628 599 1678 622 vile
1703 594 1792 634 quod
1821 595 2082 635 unumquodque
2111 597 2143 626 in
2175 605 2208 625 se
2237 597 2476 627 consideratum

1407 645 1515 675 nobile
1540 650 1597 681 est,
1615 645 1669 675 sed
1694 645 1756 674 vile
1773 645 1889 675 dicitur
1910 652 2058 685 respectu
2082 646 2262 676 nobilioris.
2289 651 2478 676 Nobilissimae

1369 712 1394 726 to
1407 698 1436 726 A
1464 697 1535 726 Deo
1570 703 1677 727 autern
1706 697 1822 726 distant
1853 698 2071 727 nobilissimae
2107 698 2240 728 aliarum
2267 708 2374 729 rerum
2408 708 2477 729 non

1408 749 1514 778 minus
1532 757 1630 787 quam
1655 748 1787 777 ultimae
1806 757 1913 778 rerum
1932 754 2110 778 creatarum
2134 748 2251 778 distent
2267 759 2284 778 a
2308 750 2476 789 supremis.

1407 797 1440 828 Si
1463 799 1559 838 igitur
1585 798 1690 838 (haec)
1716 798 1863 828 distantia
1887 798 2056 838 impediret
2081 798 2221 828 divinam
2245 800 2478 839 cognitionem,

1406 850 1511 880 multo
1537 844 1638 890 magis
1661 850 1833 890 impediret
1856 850 1919 879 illa.
1945 850 1985 880 Et
2009 850 2052 879 sic
2071 873 2077 879 .
2093 873 2100 879 .
2116 873 2122 880 .
2141 850 2340 880 vilissimum.
2365 851 2477 890 §Am-

1406 900 1501 940 plius.
1519 901 1650 931 Bonum
1676 900 1796 930 ordinis
1820 901 1961 930 universi
1985 901 2126 930 nobilius
2154 907 2200 930 est
2225 901 2366 940 qualibet
2389 907 2478 941 parte

1368 969 1390 988 ις
1406 951 1556 987 universi,
1574 961 1649 981 cum
1674 957 1778 991 partes
1795 951 1939 990 singulae
1964 951 2154 982 ordinentur
2171 959 2197 981 et
2216 952 2255 982 ad
2278 953 2403 982 bonum
2427 961 2478 982 or-

1407 1002 1489 1033 dinis
1510 1004 1566 1043 qui
1591 1008 1637 1033 est
1661 1004 1694 1032 in
1720 1009 1790 1032 toto
1808 1003 1890 1032 sicut
1907 1002 1946 1032 ad
1969 1002 2079 1039 finem,
2104 1009 2140 1033 ut
2164 1012 2221 1043 per
2244 1003 2478 1043 philosophum

1406 1061 1493 1095 patet
1510 1055 1542 1084 in
1560 1064 1590 1084 x1
1607 1055 1748 1094 metaph.
1767 1054 1797 1084 Si
1814 1055 1911 1094 igitur
1928 1054 2015 1084 Deus
2035 1055 2203 1094 cognoscit
2219 1054 2360 1094 aliquam
2385 1055 2478 1084 aliam

1407 1112 1552 1136 naturam
1586 1105 1742 1141 nobilem,
1770 1106 1909 1135 maxime
1943 1112 2119 1145 cognoscet
2147 1105 2295 1136 ordinem
2328 1106 2477 1135 universi.

1407 1157 1469 1186 Hic
1492 1162 1600 1186 autern
1625 1156 1778 1195 cognosci
1803 1165 1871 1185 non
1895 1161 2002 1195 potest
2025 1157 2086 1186 nisi
2110 1162 2349 1196 cognoscantur
2365 1162 2396 1186 et
2419 1165 2479 1186 no-

1368 1225 1394 1239 ω
1407 1207 1521 1237 biliora
1546 1212 1575 1237 et
1601 1206 1722 1242 viliora,
1747 1207 1780 1236 in
1808 1215 1949 1245 quorum
1974 1206 2130 1236 distantiis
2154 1206 2198 1247 (et
2222 1206 2477 1245 habitudinibus)

1407 1258 1488 1288 ordo
1517 1258 1656 1288 universi
1682 1258 1837 1287 consistit.
1862 1257 2069 1297 Relinquitur
2092 1258 2188 1297 igitur
2212 1256 2301 1297 quod
2317 1257 2406 1287 Deus
2423 1266 2478 1287 co-

1406 1310 1533 1349 gnoscit
1566 1318 1632 1339 non
1662 1309 1769 1338 solum
1800 1308 1932 1344 nobilia,
1961 1308 2015 1338 sed
2049 1309 2144 1338 etiarn
2176 1317 2212 1338 ea
2246 1317 2330 1348 quae
2353 1311 2477 1336 vilissima

1407 1363 1480 1393 vilia
1497 1368 1696 1403 reputantur.
1714 1365 1730 1398 ἓ
1743 1365 1845 1392 Adhuc.
1864 1365 1987 1390 ludicium
2007 1366 2038 1390 de
2058 1373 2086 1389 re
2100 1372 2151 1389 non
2166 1364 2243 1389 debet
2262 1365 2325 1389 dari
2345 1365 2413 1389 sumi
2433 1371 2479 1397 per

1406 1418 1431 1443 id
1454 1419 1525 1452 quod
1550 1418 1676 1451 competit
1701 1418 1723 1442 ei
1746 1425 1793 1450 per
1820 1417 1948 1448 accidens,
1973 1418 2019 1442 sed
2038 1417 2121 1450 magis
2147 1425 2194 1450 per
2212 1417 2237 1442 id
2257 1418 2329 1450 quod
2356 1416 2479 1450 competit

1367 1481 1391 1502 ις
1406 1471 1429 1495 ei
1453 1477 1500 1503 per
1519 1477 1562 1494 se:
1583 1469 1684 1502 <magis
1705 1470 1791 1500 enim>
1813 1469 1958 1493 iudicamus
1978 1468 2069 1502 (enim)
2094 1474 2212 1493 naturam
2232 1468 2344 1493 hominis
2363 1476 2411 1500 per
2428 1468 2478 1492 hoc

1407 1521 1479 1554 quod
1497 1526 1538 1546 est
1558 1520 1691 1545 rationalis
1718 1521 1831 1552 (quam)
1858 1519 1932 1552 (non)
1958 1527 2005 1552 per
2026 1519 2076 1544 hoc
2098 1519 2171 1552 quod
2195 1524 2235 1543 est
2259 1508 2356 1543 album.
2381 1519 2477 1544 Secun-

1407 1574 1470 1597 dum
1491 1573 1516 1597 id
1535 1578 1622 1597 autem
1643 1572 1713 1604 quod
1732 1579 1778 1604 per
1804 1579 1833 1596 se
1859 1572 1997 1603 cognitioni
2017 1572 2144 1599 convenit,
2164 1579 2216 1595 non
2235 1571 2260 1595 in
2280 1572 2335 1596 eius
2354 1571 2478 1596 vilitatem

1406 1624 1534 1649 redundat
1553 1624 1575 1648 si
1589 1624 1621 1648 ad
1635 1623 1695 1648 vilia
1707 1630 1736 1647 se
1755 1622 1902 1654 (extendit)
1923 1622 2073 1654 (extendat),
2088 1623 2135 1647 sed
2148 1622 2215 1647 forte
2228 1623 2373 1647 secundum
2393 1623 2477 1655 aliqua

1407 1683 1474 1708 quae
1493 1675 1649 1699 conveniunt
1669 1674 1682 1688 *
1698 1674 1720 1698 ei
1741 1681 1786 1706 per
1805 1673 1933 1699 accidens.
1952 1674 2000 1697 Per
2019 1681 2047 1697 se
2068 1673 2135 1697 enim
2156 1673 2293 1706 cognitioni
2312 1674 2432 1698 convenit
2450 1679 2479 1698 ut

1368 1736 1394 1756 ιο
1406 1733 1569 1759 cognoscens
1589 1725 1793 1757 comprehendat
1813 1730 1837 1748 et
1858 1725 1986 1748 contineat
2007 1723 2166 1755 (rationem)
2187 1724 2400 1755 <immaterialiter
2419 1731 2478 1757 spe-

1406 1777 1484 1809 ciem)
1504 1777 1606 1810 cogniti,
1631 1784 1684 1801 non
1708 1776 1853 1800 secundum
1873 1776 1981 1799 modum
2008 1775 2111 1807 cogniti,
2131 1775 2176 1799 sed
2202 1775 2345 1799 secundum
2370 1776 2477 1800 modurn

1406 1828 1598 1860 cognoscentis.
1621 1827 1691 1851 Haec
1715 1827 1785 1851 enim
1809 1832 1849 1850 est
1872 1826 2024 1858 cognitionis
2048 1826 2125 1855 radix,
2151 1833 2218 1858 quae
2245 1826 2316 1850 omni
2340 1826 2478 1858 cognitioni

1406 1880 1562 1905 conveniens
1583 1884 1634 1903 est:
1654 1885 1715 1902 nam
1734 1878 1782 1901 nisi
1801 1878 1932 1910 cognitum
1953 1882 2023 1901 esset
2048 1877 2135 1908 aliquo
2155 1877 2233 1900 modo
2252 1877 2278 1900 in
2296 1882 2477 1908 cognoscente.

1405 1939 1457 1956 non
1476 1935 1566 1962 posset
1579 1937 1594 1954 a
1607 1934 1781 1962 cognoscente
1795 1928 1916 1961 progredi
1935 1928 2052 1960 operatio
2068 1928 2200 1960 pertinens
2220 1928 2252 1952 ad
2264 1935 2319 1952 rem
2340 1913 2477 1961 cognitam,

1367 1993 1389 2013 ις
1404 1989 1464 2007 curn
1492 1981 1578 2005 omnis
1606 1980 1723 2013 operatio
1749 1978 1926 2003 conformetur
1953 1977 2052 2003 formae
2071 1978 2210 2010 operantis.
2236 1978 2360 2009 Rursum¹
2382 1979 2404 2003 si
2422 1986 2477 2003 ma-

1404 2033 1524 2058 terialiter
1544 2033 1627 2058 forma
1647 2033 1683 2057 rei
1709 2032 1825 2065 cognitae
1844 2033 1869 2056 in
1889 2037 2063 2064 cognoscente
2082 2037 2161 2060 esset.
2179 2032 2360 2056 terminaretur
2383 2031 2416 2055 ad
2434 2038 2476 2055 co-

1404 2091 1588 2117 gnoscentem,
1603 2090 1628 2109 et
1651 2092 1703 2109 non
1723 2090 1793 2108 esset
1817 2084 1843 2108 in
1863 2091 1894 2108 eo
1913 2089 1941 2108 ut
1960 2084 2067 2108 alicuius
2081 2084 2194 2112 alterius,
2214 2088 2240 2108 et
2259 2083 2295 2107 sic
2315 2090 2368 2106 non
2386 2087 2477 2114 posset

1404 2137 1472 2162 aliud
1492 2137 1614 2170 cognosci
1634 2143 1681 2168 per
1706 2136 1798 2168 ipsam.
1822 2135 1927 2164 Iterum,
1952 2135 1973 2159 si
2000 2135 2049 2159 hoc
2068 2135 2148 2159 modo
2167 2139 2236 2159 esset
2259 2135 2284 2158 in
2304 2138 2477 2167 cognoscente

1404 2189 1470 2213 sicut
1499 2189 1524 2212 in
1548 2188 1660 2220 cognito,
1684 2192 1839 2219 sequeretur
1863 2187 1934 2218 quod
1963 2186 2094 2218 cognitum
2124 2192 2230 2217 semper
2255 2189 2423 2217 cognosceret
2447 2191 2476 2208 se

1364 2251 1391 2270 4⁰
1404 2239 1496 2264 eodem
1522 2238 1601 2263 modo
1624 2245 1678 2270 quo
1697 2245 1712 2262 a
1731 2242 1905 2270 cognoscente
1924 2237 2095 2269 cognoscitur,
2115 2237 2185 2269 quod
2206 2241 2276 2269 patet
2294 2243 2354 2260 esse
2371 2235 2477 2260 falsum.

1403 2290 1535 2315 Contineri
1554 2294 1641 2314 autem
1665 2290 1690 2313 in
1709 2288 1766 2313 Deo
1788 2288 1906 2312 omnium
1926 2287 2098 2320 perfectiones
2122 2287 2325 2312 immaterialiter
2347 2292 2374 2311 et
2395 2286 2475 2311 subli-

1403 2341 1478 2366 miori
1492 2341 1572 2367 modo
1592 2347 1671 2373 quam
1685 2340 1736 2364 sint
1755 2339 1780 2363 in
1799 2339 1877 2363 rebus
1901 2346 2012 2371 quarum
2031 2343 2100 2367 sunt,
2120 2345 2173 2362 non
2192 2338 2301 2370 derogat
2318 2338 2417 2362 divinae
2429 2344 2476 2361 no-

1403 2393 1501 2421 bilitati.
1521 2392 1567 2416 sed
1587 2393 1613 2416 in
1632 2391 1682 2416 hoc
1701 2391 1756 2415 eius
1775 2390 1900 2423 perfectio
1919 2390 2038 2414 absoluta
2058 2390 2182 2419 consistit,
2197 2394 2224 2413 ut
2243 2396 2321 2421 supra
2339 2393 2475 2413 ostensum

1403 2450 1451 2469 est.
1475 2443 1642 2476 Relinquitur
1665 2443 1741 2475 igitur
1761 2442 1831 2474 quod
1850 2441 1922 2465 Deus
1941 2441 2002 2465 vilia
2020 2441 2161 2474 cognoscit,
2181 2446 2206 2465 et
2225 2440 2275 2465 hoc
2294 2446 2334 2465 est
2353 2440 2385 2465 de
2403 2440 2475 2464 nobi-

1362 2508 1389 2530 ⁴5
1402 2495 1473 2520 litate
1486 2502 1550 2519 suae
1563 2494 1694 2519 scientiae.
1711 2492 1727 2525 ς
1740 2493 1813 2517 Item.
1828 2492 1966 2525 Cognitum
1986 2492 2017 2516 ad
2037 2492 2210 2524 cognitionem
2229 2498 2281 2515 non
2294 2495 2416 2523 operatur
2428 2491 2476 2515 nisi

1402 2546 1547 2570 secundum
1574 2544 1690 2578 speciem
1710 2551 1784 2568 suam
1805 2550 1872 2576 quae
1892 2549 1932 2568 est
1950 2544 1976 2567 in
1995 2547 2178 2576 cognoscente.
2196 2541 2232 2566 Ibi
2251 2549 2314 2574 ergo
2332 2542 2415 2566 vilitas
2438 2541 2475 2564 rei

1401 2597 1517 2629 cognitae
1541 2597 1567 2621 in
1595 2595 1776 2629 cognitionem
1796 2596 1821 2620 in
1840 2596 1964 2620 vilitatem
1984 2594 2136 2627 cognitionis
2156 2593 2251 2625 poterit
2269 2592 2413 2617 redundare
2431 2591 2474 2616 ubi

1401 2647 1514 2679 cognitio
1532 2645 1561 2671 fit
1581 2646 1726 2671 secundum
1746 2646 1861 2678 speciem
1880 2653 1959 2678 quam
1978 2652 2021 2669 res
2041 2645 2142 2676 cognita
2160 2644 2301 2676 impressit.
2326 2643 2382 2668 Sed
2401 2643 2473 2667 Deus

1401 2705 1453 2723 non
1478 2697 1617 2731 cognoscit
1639 2703 1691 2728 res,
1715 2697 1757 2721 vel
1777 2697 1870 2720 saltem
1895 2696 2012 2728 aequalis
2036 2695 2131 2728 gradus
2151 2702 2211 2719 curn
2235 2702 2263 2719 re
2282 2695 2393 2726 cognita.
2417 2693 2473 2717 Hoc

1362 2766 1387 2786 5⁰
1399 2754 1486 2773 autern
1511 2749 1536 2773 in
1556 2748 1641 2772 divina
1662 2747 1807 2780 cognitione
1832 2755 1891 2772 esse
1915 2755 1967 2771 non
1987 2751 2082 2779 potest,
2101 2753 2161 2770 nam
2180 2746 2252 2770 Deus
2271 2752 2324 2770 non
2343 2744 2474 2778 cognoscit

1399 2807 1442 2824 res
1461 2806 1508 2831 per
1527 2799 1628 2831 species
1649 2806 1663 2823 a
1681 2798 1760 2823 rebus
1780 2803 1899 2831 sumptas
1918 2805 1966 2822 nec
1985 2805 2032 2830 per
2044 2797 2157 2829 aliquam
2177 2797 2255 2821 aliam
2267 2797 2381 2829 speciem
2394 2803 2472 2828 quam

1399 2859 1446 2884 per
1471 2857 1546 2874 suam
1573 2850 1722 2879 essentiam,
1741 2857 1809 2882 quae
1834 2854 1874 2874 est
1891 2849 2010 2873 omnium
2038 2848 2188 2873 similitudo.
2217 2848 2306 2872 Vilitas
2334 2848 2410 2879 igitur
2437 2847 2474 2871 rei

1399 2902 1516 2935 cognitae
1529 2902 1555 2926 in
1575 2901 1648 2925 nullo
1663 2901 1771 2933 derogat
1794 2900 1918 2925 nobilitati
1939 2900 2038 2924 divinae
2057 2899 2187 2924 scientiae.
2210 2898 2226 2931 ς
2239 2899 2382 2923 Praeterea.
2407 2897 2472 2922 Cum

1398 2954 1484 2978 omnis
1509 2953 1630 2986 cognitio,
1654 2953 1807 2985 inquantum
1833 2952 1990 2982 huiusmodi,
2016 2952 2047 2975 ad
2071 2950 2255 2982 perfectionem
2280 2950 2406 2982 pertineat
2430 2956 2477 2973 co-.

1360 3018 1383 3038 55
1397 3003 1557 3037 gnoscentis,
1578 3011 1625 3035 per
1644 3003 1694 3028 hoc
1713 3003 1845 3028 interdum
1865 3002 2037 3027 consideratio
2051 3002 2196 3033 aliquarum
2216 3007 2303 3024 rerum
2322 3000 2474 3032 repudiatur

1399 3055 1469 3088 quod
1489 3055 1598 3087 impedit
1618 3062 1704 3079 rerum
1724 3054 1881 3078 nobiliorum
1901 3053 2142 3079 considerationem.
2162 3052 2213 3076 Sed
2227 3051 2277 3076 hoc
2295 3051 2321 3075 in
2340 3051 2396 3075 Deo
2414 3057 2473 3075 esse

1399 3112 1451 3129 non
1476 3109 1574 3137 potest,
1594 3111 1656 3128 nam
1680 3104 1766 3134 simul,
1786 3110 1839 3128 non
1858 3103 2006 3128 successive
2025 3103 2111 3126 omnia
2130 3109 2177 3127 sua
2201 3101 2302 3134 cognita
2320 3100 2474 3131 considerat,

1399 3161 1427 3181 ut
1451 3161 1588 3181 ostensum
1613 3161 1662 3180 est.
1686 3155 1818 3180 Similiter
1837 3154 1918 3179 etiam
1942 3154 2000 3179 Non
2019 3161 2081 3186 ergo
2105 3153 2187 3178 vilitas
2206 3159 2294 3177 rerum
2313 3152 2472 3184 cognitarum

1398 3205 1524 3230 nobilitati
1546 3205 1646 3230 divinae
1666 3205 1786 3229 scientiae
1805 3204 1931 3236 derogare
1950 3208 2044 3235 potest.
2063 3199 2080 3214 '¹'
2094 3198 2124 3238 (§
2140 3197 2268 3228 Adhuc.
2284 3197 2396 3227 Vilitas
2418 3206 2473 3227 cO—

1359 3269 1386 3289 50
1398 3255 1563 3294 gnitorum
1590 3255 1623 3283 in
1648 3258 1902 3293 cognoscentem
1918 3261 1986 3281 non
2010 3249 2167 3280 redundat
2191 3259 2247 3289 per
2268 3258 2312 3278 se.
2335 3249 2411 3278 Hoc
2427 3254 2473 3277 est

1376 3306 1486 3336 ·enim
1514 3305 1554 3335 de
1587 3305 1712 3335 ratione
1743 3304 1939 3344 cognitionis
1971 3307 2006 3332 ut
2023 3313 2054 3337 sp
2075 3309 2277 3340 cognoscens
2310 3300 2475 3330 contineat

1399 3357 1522 3396 species
1556 3356 1678 3396 cogniti
1709 3354 1889 3385 secundum
1924 3353 2061 3383 modum
2094 3361 2200 3382 suum.
2232 3351 2291 3381 Per
2324 3350 2473 3380 accidens

1399 3414 1508 3438 autern
1537 3414 1645 3448 potest
1675 3406 1854 3437 redundare
1884 3406 1917 3435 in
1949 3409 2202 3444 cognoscentem
2230 3402 2332 3432 vilitas
2361 3402 2472 3441 cogni—

1398 3466 1524 3490 torum:
1550 3459 1602 3489 vel
1626 3469 1665 3489 eo
1698 3457 1788 3498 quod
1812 3457 1890 3487 dum
1917 3456 1991 3486 vilia
2015 3454 2196 3486 considerat
2218 3463 2237 3489 a
2259 3453 2474 3483 nobilioribus

1358 3526 1382 3551 ες
1398 3514 1590 3544 abstrahitur
1615 3512 1810 3552 cogitandis;
1828 3511 1878 3541 vel
1904 3519 1943 3540 eo
1964 3509 2054 3549 quod
2078 3518 2116 3538 ex
2141 3507 2399 3538 consideratione
2425 3506 2472 3536 vi-

1398 3565 1478 3594 lium
1509 3565 1542 3594 in
1579 3564 1700 3603 aliquas
1734 3562 1891 3592 indebitas
1923 3565 2041 3590 actiones
2067 3558 2252 3589 affectiones
2290 3557 2471 3588 inclinatur.

1398 3614 1498 3653 Quod
1516 3614 1648 3655 quidem
1665 3614 1697 3644 in
1723 3614 1794 3643 Deo
1819 3622 1887 3642 esse
1903 3621 1971 3642 non
1988 3616 2095 3651 potest
2119 3609 2170 3650 [ut
2189 3618 2227 3639 ex
2252 3607 2344 3638 dictis
2359 3606 2471 3648 patet].

1397 3665 1474 3696 Non
1489 3666 1587 3705 igitur
1604 3664 1735 3704 derogat
1752 3663 1877 3693 divinae
1893 3662 2052 3692 nobilitati
2065 3661 2177 3690 vilium
2194 3668 2301 3689 rerum
2317 3658 2471 3698 cognitio,

1398 3716 1453 3746 sed
1479 3717 1582 3756 magis
1611 3716 1750 3755 pertinet
1781 3713 1821 3744 ad
1851 3713 1992 3744 divinam
2017 3710 2262 3752 perfectionem,
2290 3707 2471 3739 secundum

1357 3787 1384 3807 70
1397 3779 1476 3805 quam
1499 3766 1590 3807 quod
1614 3767 1724 3797 omnia
1740 3766 1774 3795 in
1799 3766 1905 3804 seipso
1930 3763 2113 3803 praehabet,
2131 3767 2166 3792 ut
2190 3770 2285 3801 supra
2304 3765 2470 3790 ostensum

1397 3818 1468 3860 est.)
1487 3820 1504 3835 *
1517 3820 1534 3857 §
1547 3818 1675 3848 Adhuc.
1700 3817 1808 3846 Virtus
1833 3816 1939 3855 aliqua
1956 3824 2024 3844 non
2047 3812 2207 3843 iudicatur
2226 3821 2323 3852 parva
2339 3819 2422 3850 quae
2437 3809 2469 3839 in

1397 3880 1493 3911 parva
1517 3874 1636 3909 potest,
1653 3868 1708 3898 sed
1733 3877 1816 3907 quae
1841 3866 1880 3896 ad
1904 3875 2001 3906 parva
2024 3864 2263 3898 determinatur,
2280 3871 2354 3891 nam
2371 3861 2469 3890 virtus

1397 3931 1479 3962 quae
1504 3922 1538 3951 in
1564 3929 1682 3960 magna
1705 3924 1822 3959 potest,
1843 3918 1939 3948 etiam
1963 3921 2071 3956 potest
2094 3916 2126 3945 in
2151 3923 2256 3954 parva,
2277 3923 2344 3948 quae
2362 3922 2425 3939 vero
2444 3915 2468 3938 in

1396 3985 1477 4011 parva
1501 3981 1604 4001 tantum
1630 3975 1710 3999 modo
1734 3978 1830 4007 potest,
1855 3980 1884 3997 ex
1904 3979 1995 3996 eorum
2015 3971 2183 4004 proportione
2207 3971 2380 3993 mensuratur.
2405 3961 2470 3991 Co-

1357 4039 1380 4059 75
1397 4025 1498 4065 gnitio
1519 4033 1594 4063 ergo
1615 4046 1622 4053 .
1638 4046 1644 4052 .
1661 4046 1667 4052 .
1685 4027 1860 4062 reputatur.
1882 4018 1921 4050 In
1937 4019 2009 4049 Deo
2026 4024 2133 4048 autem
2151 4025 2217 4046 non
2243 4020 2288 4045 est
2313 4015 2371 4044 sic:
2395 4021 2470 4042 nam

2508 1670 2605 1692 urbi

2502 3210 2523 3224 ’.η
2539 3208 2549 3223 r
2563 3208 2575 3223 a
2591 3208 2630 3230 mg
2646 3201 2687 3223 inf.

2501 3812 2533 3832 lb.
2551 3812 2605 3838 b25.
