<?xml version="1.0" encoding="UTF-8"?>
<!DOCTYPE html PUBLIC "-//W3C//DTD XHTML 1.0 Transitional//EN"
    "http://www.w3.org/TR/xhtml1/DTD/xhtml1-transitional.dtd">
<html xmlns="http://www.w3.org/1999/xhtml" xml:lang="en" lang="en">
 <head>
  <title>
</title>
<meta http-equiv="Content-Type" content="text/html;charset=utf-8" />
  <meta name='ocr-system' content='tesseract 3.04.00' />
  <meta name='ocr-capabilities' content='ocr_page ocr_carea ocr_par ocr_line ocrx_word'/>
</head>
<body>
  <div class='ocr_page' id='page_1' title='image "./operaomniaiussui13thom/operaomniaiussui13thom_0398.png"; bbox 0 0 2768 4134; ppageno 0'>
   <div class='ocr_carea' id='block_1_1' title="bbox 42 593 182 615">
    <p class='ocr_par' dir='ltr' id='par_1_1' title="bbox 42 593 182 615">
     <span class='ocr_line' id='line_1_1' title="bbox 42 593 182 615; baseline -0.014 0"><span class='ocrx_word' id='word_1_1' title='bbox 42 595 51 603; x_wconf 84' lang='lat'><strong>‘</strong></span> <span class='ocrx_word' id='word_1_2' title='bbox 67 593 136 615; x_wconf 91' lang='lat' dir='ltr'>Num.</span> <span class='ocrx_word' id='word_1_3' title='bbox 153 599 182 613; x_wconf 84' lang='lat' dir='ltr'>vi.</span> 
     </span>
    </p>
   </div>
   <div class='ocr_carea' id='block_1_2' title="bbox 28 2496 202 2524">
    <p class='ocr_par' dir='ltr' id='par_1_2' title="bbox 28 2496 202 2524">
     <span class='ocr_line' id='line_1_2' title="bbox 28 2496 202 2524; baseline -0.011 -5"><span class='ocrx_word' id='word_1_4' title='bbox 28 2498 37 2506; x_wconf 88' lang='grc'><em>·</em></span> <span class='ocrx_word' id='word_1_5' title='bbox 53 2496 108 2524; x_wconf 78' lang='lat' dir='ltr'>cap.</span> <span class='ocrx_word' id='word_1_6' title='bbox 126 2502 202 2524; x_wconf 80' lang='lat' dir='ltr'>praec.</span> 
     </span>
    </p>
   </div>
   <div class='ocr_carea' id='block_1_3' title="bbox 31 2702 115 2724">
    <p class='ocr_par' dir='ltr' id='par_1_3' title="bbox 31 2702 115 2724">
     <span class='ocr_line' id='line_1_3' title="bbox 31 2702 115 2724; baseline 0.012 -1"><span class='ocrx_word' id='word_1_7' title='bbox 31 2705 39 2712; x_wconf 93' lang='lat'>&#39;</span> <span class='ocrx_word' id='word_1_8' title='bbox 55 2702 115 2724; x_wconf 87' lang='lat' dir='ltr'>Ibid.</span> 
     </span>
    </p>
   </div>
   <div class='ocr_carea' id='block_1_4' title="bbox 289 292 366 340">
    <p class='ocr_par' dir='ltr' id='par_1_4' title="bbox 289 292 366 340">
     <span class='ocr_line' id='line_1_4' title="bbox 289 292 366 340; baseline 0.013 -12"><span class='ocrx_word' id='word_1_9' title='bbox 289 292 366 340; x_wconf 85' lang='lat'>324</span> 
     </span>
    </p>
   </div>
   <div class='ocr_carea' id='block_1_5' title="bbox 276 364 1358 1518">
    <p class='ocr_par' dir='ltr' id='par_1_5' title="bbox 282 364 1358 583">
     <span class='ocr_line' id='line_1_5' title="bbox 285 364 1356 409; baseline -0.006 -9"><span class='ocrx_word' id='word_1_10' title='bbox 285 380 341 401; x_wconf 89' lang='lat' dir='ltr'>ens</span> <span class='ocrx_word' id='word_1_11' title='bbox 364 368 454 409; x_wconf 91' lang='lat' dir='ltr'>quod</span> <span class='ocrx_word' id='word_1_12' title='bbox 477 377 545 398; x_wconf 91' lang='lat' dir='ltr'>non</span> <span class='ocrx_word' id='word_1_13' title='bbox 569 372 616 397; x_wconf 90' lang='lat' dir='ltr'>est</span> <span class='ocrx_word' id='word_1_14' title='bbox 638 368 672 397; x_wconf 90' lang='lat' dir='ltr'>in</span> <span class='ocrx_word' id='word_1_15' title='bbox 695 375 803 397; x_wconf 89' lang='lat' dir='ltr'>rerum</span> <span class='ocrx_word' id='word_1_16' title='bbox 825 371 938 396; x_wconf 86' lang='lat' dir='ltr'>natura</span> <span class='ocrx_word' id='word_1_17' title='bbox 965 364 1022 395; x_wconf 91' lang='lat' dir='ltr'>sed</span> <span class='ocrx_word' id='word_1_18' title='bbox 1042 370 1151 395; x_wconf 89' lang='lat' dir='ltr'>tamen</span> <span class='ocrx_word' id='word_1_19' title='bbox 1175 364 1263 404; x_wconf 92' lang='lat' dir='ltr'>prius</span> <span class='ocrx_word' id='word_1_20' title='bbox 1280 370 1356 400; x_wconf 92' lang='lat' dir='ltr'>erat,</span> 
     </span>
     <span class='ocr_line' id='line_1_6' title="bbox 283 408 1357 451; baseline -0.006 -7"><span class='ocrx_word' id='word_1_21' title='bbox 283 415 364 444; x_wconf 89' lang='lat' dir='ltr'>sicut</span> <span class='ocrx_word' id='word_1_22' title='bbox 387 412 542 442; x_wconf 84' lang='lat' dir='ltr'>terminus</span> <span class='ocrx_word' id='word_1_23' title='bbox 566 410 784 451; x_wconf 85' lang='lat' dir='ltr'><strong>corruptionis</strong></span> <span class='ocrx_word' id='word_1_24' title='bbox 812 410 928 440; x_wconf 90' lang='lat' dir='ltr'>dicitur</span> <span class='ocrx_word' id='word_1_25' title='bbox 954 419 1023 440; x_wconf 92' lang='lat' dir='ltr'>non</span> <span class='ocrx_word' id='word_1_26' title='bbox 1053 418 1119 439; x_wconf 91' lang='lat' dir='ltr'>ens.</span> <span class='ocrx_word' id='word_1_27' title='bbox 1149 408 1224 439; x_wconf 89' lang='lat' dir='ltr'>Hoc</span> <span class='ocrx_word' id='word_1_28' title='bbox 1248 413 1357 439; x_wconf 90' lang='lat' dir='ltr'>autem</span> 
     </span>
     <span class='ocr_line' id='line_1_7' title="bbox 283 452 1358 494; baseline -0.005 -7"><span class='ocrx_word' id='word_1_29' title='bbox 283 455 426 488; x_wconf 91' lang='lat' dir='ltr'>secundo</span> <span class='ocrx_word' id='word_1_30' title='bbox 449 454 551 485; x_wconf 90' lang='lat' dir='ltr'>modo</span> <span class='ocrx_word' id='word_1_31' title='bbox 574 455 731 486; x_wconf 80' lang='lat' dir='ltr'><strong>intellexit</strong></span> <span class='ocrx_word' id='word_1_32' title='bbox 762 454 898 485; x_wconf 91' lang='lat' dir='ltr'>Sanctus</span> <span class='ocrx_word' id='word_1_33' title='bbox 921 454 1066 484; x_wconf 90' lang='lat' dir='ltr'>Thomas</span> <span class='ocrx_word' id='word_1_34' title='bbox 1094 452 1186 494; x_wconf 93' lang='lat' dir='ltr'>quod</span> <span class='ocrx_word' id='word_1_35' title='bbox 1212 452 1358 492; x_wconf 91' lang='lat' dir='ltr'>implicat</span> 
     </span>
     <span class='ocr_line' id='line_1_8' title="bbox 283 497 1356 538; baseline -0.004 -8"><span class='ocrx_word' id='word_1_36' title='bbox 283 499 572 532; x_wconf 85' lang='lat' dir='ltr'>contradictionem</span> <span class='ocrx_word' id='word_1_37' title='bbox 595 508 664 530; x_wconf 90' lang='lat' dir='ltr'>non</span> <span class='ocrx_word' id='word_1_38' title='bbox 688 508 757 530; x_wconf 90' lang='lat' dir='ltr'>esse</span> <span class='ocrx_word' id='word_1_39' title='bbox 779 508 848 529; x_wconf 91' lang='lat' dir='ltr'>non</span> <span class='ocrx_word' id='word_1_40' title='bbox 872 508 929 529; x_wconf 91' lang='lat' dir='ltr'>ens</span> <span class='ocrx_word' id='word_1_41' title='bbox 952 498 1149 538; x_wconf 90' lang='lat' dir='ltr'>simpliciter,</span> <span class='ocrx_word' id='word_1_42' title='bbox 1174 497 1277 527; x_wconf 91' lang='lat' dir='ltr'>immo</span> <span class='ocrx_word' id='word_1_43' title='bbox 1300 497 1356 526; x_wconf 90' lang='lat' dir='ltr'>ha-</span> 
     </span>
     <span class='ocr_line' id='line_1_9' title="bbox 282 543 872 583; baseline -0.005 -7"><span class='ocrx_word' id='word_1_44' title='bbox 282 547 356 576; x_wconf 89' lang='lat' dir='ltr'>bere</span> <span class='ocrx_word' id='word_1_45' title='bbox 379 543 625 583; x_wconf 85' lang='lat' dir='ltr'>repugnantiam</span> <span class='ocrx_word' id='word_1_46' title='bbox 649 543 689 574; x_wconf 88' lang='lat' dir='ltr'>ad</span> <span class='ocrx_word' id='word_1_47' title='bbox 713 553 781 573; x_wconf 91' lang='lat' dir='ltr'>non</span> <span class='ocrx_word' id='word_1_48' title='bbox 805 552 872 573; x_wconf 88' lang='lat' dir='ltr'>ens.</span> 
     </span>
    </p>

    <p class='ocr_par' dir='ltr' id='par_1_6' title="bbox 276 585 1357 1340">
     <span class='ocr_line' id='line_1_10' title="bbox 331 585 1356 627; baseline -0.003 -9"><span class='ocrx_word' id='word_1_49' title='bbox 331 588 413 618; x_wconf 85' lang='lat' dir='ltr'><strong>VIII.</strong></span> <span class='ocrx_word' id='word_1_50' title='bbox 426 587 475 618; x_wconf 85' lang='lat' dir='ltr'>Ex</span> <span class='ocrx_word' id='word_1_51' title='bbox 486 588 553 618; x_wconf 90' lang='lat' dir='ltr'>istis</span> <span class='ocrx_word' id='word_1_52' title='bbox 566 587 668 618; x_wconf 83' lang='lat' dir='ltr'>facilis</span> <span class='ocrx_word' id='word_1_53' title='bbox 681 593 728 618; x_wconf 91' lang='lat' dir='ltr'>est</span> <span class='ocrx_word' id='word_1_54' title='bbox 739 587 910 627; x_wconf 87' lang='lat' dir='ltr'>responsio</span> <span class='ocrx_word' id='word_1_55' title='bbox 923 586 963 616; x_wconf 90' lang='lat' dir='ltr'>ad</span> <span class='ocrx_word' id='word_1_56' title='bbox 975 587 1102 617; x_wconf 90' lang='lat' dir='ltr'>obiecta</span> <span class='ocrx_word' id='word_1_57' title='bbox 1110 587 1137 615; x_wconf 44' lang='grc' dir='ltr'><strong>ἦ</strong></span> <span class='ocrx_word' id='word_1_58' title='bbox 1148 585 1200 615; x_wconf 93' lang='lat' dir='ltr'>Ad</span> <span class='ocrx_word' id='word_1_59' title='bbox 1212 585 1356 625; x_wconf 90' lang='lat' dir='ltr'>primum</span> 
     </span>
     <span class='ocr_line' id='line_1_11' title="bbox 281 629 1355 672; baseline -0.005 -8"><span class='ocrx_word' id='word_1_60' title='bbox 281 634 367 664; x_wconf 89' lang='lat' dir='ltr'>enim</span> <span class='ocrx_word' id='word_1_61' title='bbox 400 631 516 663; x_wconf 90' lang='lat' dir='ltr'>dicitur</span> <span class='ocrx_word' id='word_1_62' title='bbox 546 631 637 672; x_wconf 93' lang='lat' dir='ltr'>quod</span> <span class='ocrx_word' id='word_1_63' title='bbox 670 632 806 663; x_wconf 90' lang='lat' dir='ltr'>Sanctus</span> <span class='ocrx_word' id='word_1_64' title='bbox 834 631 980 662; x_wconf 90' lang='lat' dir='ltr'>Thomas</span> <span class='ocrx_word' id='word_1_65' title='bbox 1010 631 1114 670; x_wconf 85' lang='lat' dir='ltr'>tetigit</span> <span class='ocrx_word' id='word_1_66' title='bbox 1143 629 1355 669; x_wconf 82' lang='lat' dir='ltr'>principalem</span> 
     </span>
     <span class='ocr_line' id='line_1_12' title="bbox 280 673 1355 716; baseline -0.004 -9"><span class='ocrx_word' id='word_1_67' title='bbox 280 683 388 708; x_wconf 91' lang='lat' dir='ltr'>actum</span> <span class='ocrx_word' id='word_1_68' title='bbox 412 681 444 707; x_wconf 92' lang='lat' dir='ltr'>et</span> <span class='ocrx_word' id='word_1_69' title='bbox 467 676 643 716; x_wconf 87' lang='lat' dir='ltr'>principale</span> <span class='ocrx_word' id='word_1_70' title='bbox 667 677 834 707; x_wconf 89' lang='lat' dir='ltr'>obiectum</span> <span class='ocrx_word' id='word_1_71' title='bbox 857 676 1022 716; x_wconf 90' lang='lat' dir='ltr'>potentiae</span> <span class='ocrx_word' id='word_1_72' title='bbox 1041 675 1172 710; x_wconf 86' lang='lat' dir='ltr'>activae,</span> <span class='ocrx_word' id='word_1_73' title='bbox 1189 683 1247 714; x_wconf 89' lang='lat' dir='ltr'>per</span> <span class='ocrx_word' id='word_1_74' title='bbox 1262 673 1355 704; x_wconf 88' lang='lat' dir='ltr'>illum</span> 
     </span>
     <span class='ocr_line' id='line_1_13' title="bbox 280 718 1356 760; baseline -0.005 -7"><span class='ocrx_word' id='word_1_75' title='bbox 280 722 358 753; x_wconf 90' lang='lat' dir='ltr'>dans</span> <span class='ocrx_word' id='word_1_76' title='bbox 374 721 550 760; x_wconf 89' lang='lat' dir='ltr'>intelligere</span> <span class='ocrx_word' id='word_1_77' title='bbox 567 721 664 751; x_wconf 90' lang='lat' dir='ltr'>etiam</span> <span class='ocrx_word' id='word_1_78' title='bbox 680 720 919 752; x_wconf 90' lang='lat' dir='ltr'>secundarium.</span> <span class='ocrx_word' id='word_1_79' title='bbox 935 718 1123 759; x_wconf 87' lang='lat' dir='ltr'>Principalis</span> <span class='ocrx_word' id='word_1_80' title='bbox 1140 723 1250 749; x_wconf 90' lang='lat' dir='ltr'>autem</span> <span class='ocrx_word' id='word_1_81' title='bbox 1266 724 1356 749; x_wconf 89' lang='lat' dir='ltr'>actus</span> 
     </span>
     <span class='ocr_line' id='line_1_14' title="bbox 280 762 1356 807; baseline -0.004 -10"><span class='ocrx_word' id='word_1_82' title='bbox 280 766 443 807; x_wconf 90' lang='lat' dir='ltr'>potentiae</span> <span class='ocrx_word' id='word_1_83' title='bbox 467 765 589 795; x_wconf 87' lang='lat' dir='ltr'>activae</span> <span class='ocrx_word' id='word_1_84' title='bbox 612 772 660 795; x_wconf 88' lang='lat' dir='ltr'>est</span> <span class='ocrx_word' id='word_1_85' title='bbox 676 764 751 796; x_wconf 88' lang='lat' dir='ltr'>dare</span> <span class='ocrx_word' id='word_1_86' title='bbox 770 775 850 801; x_wconf 89' lang='lat' dir='ltr'>esse,</span> <span class='ocrx_word' id='word_1_87' title='bbox 871 770 902 795; x_wconf 94' lang='lat' dir='ltr'>et</span> <span class='ocrx_word' id='word_1_88' title='bbox 925 763 1102 804; x_wconf 90' lang='lat' dir='ltr'>principale</span> <span class='ocrx_word' id='word_1_89' title='bbox 1125 762 1292 793; x_wconf 89' lang='lat' dir='ltr'>obiectum</span> <span class='ocrx_word' id='word_1_90' title='bbox 1308 768 1356 793; x_wconf 91' lang='lat' dir='ltr'>est</span> 
     </span>
     <span class='ocr_line' id='line_1_15' title="bbox 280 808 1356 851; baseline -0.003 -11"><span class='ocrx_word' id='word_1_91' title='bbox 280 810 370 851; x_wconf 94' lang='lat' dir='ltr'>quod</span> <span class='ocrx_word' id='word_1_92' title='bbox 393 809 510 850; x_wconf 88' lang='lat' dir='ltr'>accipit</span> <span class='ocrx_word' id='word_1_93' title='bbox 533 819 611 840; x_wconf 86' lang='lat' dir='ltr'>esse.</span> <span class='ocrx_word' id='word_1_94' title='bbox 637 809 715 840; x_wconf 92' lang='lat' dir='ltr'>Ideo</span> <span class='ocrx_word' id='word_1_95' title='bbox 739 810 818 840; x_wconf 88' lang='lat' dir='ltr'>dixit</span> <span class='ocrx_word' id='word_1_96' title='bbox 833 819 851 839; x_wconf 89' lang='lat' dir='ltr'>a</span> <span class='ocrx_word' id='word_1_97' title='bbox 867 809 975 839; x_wconf 88' lang='lat' dir='ltr'>divina</span> <span class='ocrx_word' id='word_1_98' title='bbox 998 808 1154 848; x_wconf 89' lang='lat' dir='ltr'>potentia,</span> <span class='ocrx_word' id='word_1_99' title='bbox 1171 808 1265 838; x_wconf 90' lang='lat' dir='ltr'>cuius</span> <span class='ocrx_word' id='word_1_100' title='bbox 1279 817 1356 847; x_wconf 92' lang='lat' dir='ltr'>pro—</span> 
     </span>
     <span class='ocr_line' id='line_1_16' title="bbox 278 851 1357 896; baseline -0.004 -10"><span class='ocrx_word' id='word_1_101' title='bbox 278 856 367 896; x_wconf 92' lang='lat' dir='ltr'>prius</span> <span class='ocrx_word' id='word_1_102' title='bbox 391 854 523 886; x_wconf 85' lang='lat' dir='ltr'>effectus</span> <span class='ocrx_word' id='word_1_103' title='bbox 546 859 594 884; x_wconf 91' lang='lat' dir='ltr'>est</span> <span class='ocrx_word' id='word_1_104' title='bbox 618 863 697 891; x_wconf 91' lang='lat' dir='ltr'>esse,</span> <span class='ocrx_word' id='word_1_105' title='bbox 722 854 864 885; x_wconf 89' lang='lat' dir='ltr'>subtrahi</span> <span class='ocrx_word' id='word_1_106' title='bbox 889 853 995 883; x_wconf 91' lang='lat' dir='ltr'>solum</span> <span class='ocrx_word' id='word_1_107' title='bbox 1019 851 1052 882; x_wconf 93' lang='lat' dir='ltr'>id</span> <span class='ocrx_word' id='word_1_108' title='bbox 1076 851 1168 892; x_wconf 90' lang='lat' dir='ltr'>quod</span> <span class='ocrx_word' id='word_1_109' title='bbox 1197 857 1357 892; x_wconf 88' lang='lat' dir='ltr'>repugnat</span> 
     </span>
     <span class='ocr_line' id='line_1_17' title="bbox 278 896 1356 939; baseline -0.005 -8"><span class='ocrx_word' id='word_1_110' title='bbox 278 900 393 931; x_wconf 90' lang='lat' dir='ltr'>rationi</span> <span class='ocrx_word' id='word_1_111' title='bbox 419 899 510 934; x_wconf 86' lang='lat' dir='ltr'>entis,</span> <span class='ocrx_word' id='word_1_112' title='bbox 535 899 588 929; x_wconf 89' lang='lat' dir='ltr'>cui</span> <span class='ocrx_word' id='word_1_113' title='bbox 611 899 734 929; x_wconf 87' lang='lat' dir='ltr'>scilicet</span> <span class='ocrx_word' id='word_1_114' title='bbox 757 902 915 939; x_wconf 87' lang='lat' dir='ltr'>repugnat</span> <span class='ocrx_word' id='word_1_115' title='bbox 938 897 1056 927; x_wconf 89' lang='lat' dir='ltr'>habere</span> <span class='ocrx_word' id='word_1_116' title='bbox 1088 906 1157 927; x_wconf 90' lang='lat' dir='ltr'>esse</span> <span class='ocrx_word' id='word_1_117' title='bbox 1186 902 1271 927; x_wconf 91' lang='lat' dir='ltr'>actu.</span> <span class='ocrx_word' id='word_1_118' title='bbox 1295 896 1356 927; x_wconf 90' lang='lat' dir='ltr'>Per</span> 
     </span>
     <span class='ocr_line' id='line_1_18' title="bbox 278 940 1356 984; baseline -0.004 -9"><span class='ocrx_word' id='word_1_119' title='bbox 278 945 343 975; x_wconf 87' lang='lat' dir='ltr'>hoc</span> <span class='ocrx_word' id='word_1_120' title='bbox 366 949 475 975; x_wconf 90' lang='lat' dir='ltr'>autem</span> <span class='ocrx_word' id='word_1_121' title='bbox 499 941 552 973; x_wconf 91' lang='lat' dir='ltr'>dat</span> <span class='ocrx_word' id='word_1_122' title='bbox 575 943 752 983; x_wconf 89' lang='lat' dir='ltr'>intelligere</span> <span class='ocrx_word' id='word_1_123' title='bbox 776 942 867 984; x_wconf 92' lang='lat' dir='ltr'>quod</span> <span class='ocrx_word' id='word_1_124' title='bbox 891 941 987 972; x_wconf 91' lang='lat' dir='ltr'>etiarn</span> <span class='ocrx_word' id='word_1_125' title='bbox 1003 946 1164 981; x_wconf 88' lang='lat' dir='ltr'>quantum</span> <span class='ocrx_word' id='word_1_126' title='bbox 1180 940 1220 972; x_wconf 92' lang='lat' dir='ltr'>ad</span> <span class='ocrx_word' id='word_1_127' title='bbox 1241 950 1356 971; x_wconf 91' lang='lat' dir='ltr'>secun-</span> 
     </span>
     <span class='ocr_line' id='line_1_19' title="bbox 279 985 1355 1027; baseline -0.005 -7"><span class='ocrx_word' id='word_1_128' title='bbox 279 989 405 1020; x_wconf 89' lang='lat' dir='ltr'>darium</span> <span class='ocrx_word' id='word_1_129' title='bbox 429 993 547 1023; x_wconf 91' lang='lat' dir='ltr'>actum,</span> <span class='ocrx_word' id='word_1_130' title='bbox 572 988 628 1027; x_wconf 92' lang='lat' dir='ltr'>qui</span> <span class='ocrx_word' id='word_1_131' title='bbox 653 993 701 1018; x_wconf 89' lang='lat' dir='ltr'>est</span> <span class='ocrx_word' id='word_1_132' title='bbox 724 997 793 1018; x_wconf 92' lang='lat' dir='ltr'>rem</span> <span class='ocrx_word' id='word_1_133' title='bbox 817 986 990 1022; x_wconf 87' lang='lat' dir='ltr'>destruere,</span> <span class='ocrx_word' id='word_1_134' title='bbox 1016 991 1047 1016; x_wconf 92' lang='lat' dir='ltr'>et</span> <span class='ocrx_word' id='word_1_135' title='bbox 1071 990 1231 1026; x_wconf 87' lang='lat' dir='ltr'>quantum</span> <span class='ocrx_word' id='word_1_136' title='bbox 1250 985 1291 1016; x_wconf 91' lang='lat' dir='ltr'>ad</span> <span class='ocrx_word' id='word_1_137' title='bbox 1306 995 1355 1016; x_wconf 91' lang='lat' dir='ltr'>se-</span> 
     </span>
     <span class='ocr_line' id='line_1_20' title="bbox 279 1030 1355 1072; baseline -0.004 -8"><span class='ocrx_word' id='word_1_138' title='bbox 279 1033 470 1064; x_wconf 90' lang='lat' dir='ltr'>cundarium</span> <span class='ocrx_word' id='word_1_139' title='bbox 494 1031 671 1069; x_wconf 90' lang='lat' dir='ltr'>obiectum,</span> <span class='ocrx_word' id='word_1_140' title='bbox 696 1031 786 1072; x_wconf 93' lang='lat' dir='ltr'>quod</span> <span class='ocrx_word' id='word_1_141' title='bbox 811 1037 858 1062; x_wconf 92' lang='lat' dir='ltr'>est</span> <span class='ocrx_word' id='word_1_142' title='bbox 881 1040 949 1061; x_wconf 92' lang='lat' dir='ltr'>non</span> <span class='ocrx_word' id='word_1_143' title='bbox 975 1039 1042 1066; x_wconf 92' lang='lat' dir='ltr'>ens,</span> <span class='ocrx_word' id='word_1_144' title='bbox 1058 1030 1092 1061; x_wconf 90' lang='lat' dir='ltr'>id</span> <span class='ocrx_word' id='word_1_145' title='bbox 1107 1030 1216 1060; x_wconf 92' lang='lat' dir='ltr'>solum</span> <span class='ocrx_word' id='word_1_146' title='bbox 1232 1031 1355 1061; x_wconf 89' lang='lat' dir='ltr'>subtra-</span> 
     </span>
     <span class='ocr_line' id='line_1_21' title="bbox 278 1074 1357 1118; baseline -0.003 -10"><span class='ocrx_word' id='word_1_147' title='bbox 278 1079 364 1108; x_wconf 89' lang='lat' dir='ltr'>hitur</span> <span class='ocrx_word' id='word_1_148' title='bbox 387 1077 551 1118; x_wconf 90' lang='lat' dir='ltr'>potentiae</span> <span class='ocrx_word' id='word_1_149' title='bbox 571 1086 648 1107; x_wconf 89' lang='lat' dir='ltr'>suae</span> <span class='ocrx_word' id='word_1_150' title='bbox 665 1076 757 1117; x_wconf 94' lang='lat' dir='ltr'>quod</span> <span class='ocrx_word' id='word_1_151' title='bbox 772 1081 932 1116; x_wconf 86' lang='lat' dir='ltr'>repugnat</span> <span class='ocrx_word' id='word_1_152' title='bbox 946 1075 1064 1105; x_wconf 88' lang='lat' dir='ltr'>rationi</span> <span class='ocrx_word' id='word_1_153' title='bbox 1079 1084 1149 1105; x_wconf 91' lang='lat' dir='ltr'>non</span> <span class='ocrx_word' id='word_1_154' title='bbox 1165 1075 1257 1111; x_wconf 87' lang='lat' dir='ltr'>entis,</span> <span class='ocrx_word' id='word_1_155' title='bbox 1274 1074 1357 1106; x_wconf 93' lang='lat' dir='ltr'>idest</span> 
     </span>
     <span class='ocr_line' id='line_1_22' title="bbox 278 1118 1356 1163; baseline -0.003 -10"><span class='ocrx_word' id='word_1_156' title='bbox 278 1122 368 1163; x_wconf 92' lang='lat' dir='ltr'>quod</span> <span class='ocrx_word' id='word_1_157' title='bbox 391 1131 458 1152; x_wconf 92' lang='lat' dir='ltr'>non</span> <span class='ocrx_word' id='word_1_158' title='bbox 481 1126 589 1161; x_wconf 88' lang='lat' dir='ltr'>potest</span> <span class='ocrx_word' id='word_1_159' title='bbox 619 1130 688 1151; x_wconf 89' lang='lat' dir='ltr'>esse</span> <span class='ocrx_word' id='word_1_160' title='bbox 719 1130 788 1151; x_wconf 89' lang='lat' dir='ltr'>non</span> <span class='ocrx_word' id='word_1_161' title='bbox 819 1129 877 1150; x_wconf 89' lang='lat' dir='ltr'>ens</span> <span class='ocrx_word' id='word_1_162' title='bbox 900 1119 991 1160; x_wconf 92' lang='lat' dir='ltr'>quod</span> <span class='ocrx_word' id='word_1_163' title='bbox 1014 1125 1123 1150; x_wconf 90' lang='lat' dir='ltr'>tamen</span> <span class='ocrx_word' id='word_1_164' title='bbox 1146 1119 1237 1160; x_wconf 88' lang='lat' dir='ltr'>prius</span> <span class='ocrx_word' id='word_1_165' title='bbox 1260 1118 1356 1150; x_wconf 85' lang='lat' dir='ltr'>fuerit</span> 
     </span>
     <span class='ocr_line' id='line_1_23' title="bbox 278 1163 1355 1205; baseline -0.004 -7"><span class='ocrx_word' id='word_1_166' title='bbox 278 1177 344 1198; x_wconf 89' lang='lat' dir='ltr'>ens.</span> <span class='ocrx_word' id='word_1_167' title='bbox 362 1166 451 1197; x_wconf 88' lang='lat' dir='ltr'>Sicut</span> <span class='ocrx_word' id='word_1_168' title='bbox 468 1166 555 1196; x_wconf 90' lang='lat' dir='ltr'>enim</span> <span class='ocrx_word' id='word_1_169' title='bbox 571 1165 679 1196; x_wconf 90' lang='lat' dir='ltr'>divina</span> <span class='ocrx_word' id='word_1_170' title='bbox 694 1165 850 1205; x_wconf 88' lang='lat' dir='ltr'>potentia,</span> <span class='ocrx_word' id='word_1_171' title='bbox 868 1170 1028 1205; x_wconf 89' lang='lat' dir='ltr'>quantum</span> <span class='ocrx_word' id='word_1_172' title='bbox 1045 1163 1086 1194; x_wconf 92' lang='lat' dir='ltr'>ad</span> <span class='ocrx_word' id='word_1_173' title='bbox 1101 1163 1355 1204; x_wconf 89' lang='lat' dir='ltr'>productionem</span> 
     </span>
     <span class='ocr_line' id='line_1_24' title="bbox 276 1208 1356 1249; baseline -0.003 -7"><span class='ocrx_word' id='word_1_174' title='bbox 276 1221 394 1248; x_wconf 90' lang='lat' dir='ltr'>rerum,</span> <span class='ocrx_word' id='word_1_175' title='bbox 418 1210 600 1241; x_wconf 82' lang='lat' dir='ltr'>extenditur</span> <span class='ocrx_word' id='word_1_176' title='bbox 622 1210 663 1240; x_wconf 91' lang='lat' dir='ltr'>ad</span> <span class='ocrx_word' id='word_1_177' title='bbox 687 1219 786 1240; x_wconf 91' lang='lat' dir='ltr'>omne</span> <span class='ocrx_word' id='word_1_178' title='bbox 810 1208 901 1249; x_wconf 91' lang='lat' dir='ltr'>quod</span> <span class='ocrx_word' id='word_1_179' title='bbox 924 1214 1032 1249; x_wconf 92' lang='lat' dir='ltr'>potest</span> <span class='ocrx_word' id='word_1_180' title='bbox 1059 1209 1177 1239; x_wconf 88' lang='lat' dir='ltr'>habere</span> <span class='ocrx_word' id='word_1_181' title='bbox 1201 1218 1286 1239; x_wconf 90' lang='lat' dir='ltr'>esse:</span> <span class='ocrx_word' id='word_1_182' title='bbox 1311 1209 1356 1239; x_wconf 93' lang='lat' dir='ltr'>ita</span> 
     </span>
     <span class='ocr_line' id='line_1_25' title="bbox 277 1253 1353 1296; baseline -0.004 -9"><span class='ocrx_word' id='word_1_183' title='bbox 277 1255 468 1291; x_wconf 85' lang='lat' dir='ltr'>extenditur,</span> <span class='ocrx_word' id='word_1_184' title='bbox 497 1260 657 1296; x_wconf 90' lang='lat' dir='ltr'>quantum</span> <span class='ocrx_word' id='word_1_185' title='bbox 690 1254 730 1285; x_wconf 92' lang='lat' dir='ltr'>ad</span> <span class='ocrx_word' id='word_1_186' title='bbox 761 1253 1030 1290; x_wconf 87' lang='lat' dir='ltr'>destructionem,</span> <span class='ocrx_word' id='word_1_187' title='bbox 1055 1253 1095 1284; x_wconf 90' lang='lat' dir='ltr'>ad</span> <span class='ocrx_word' id='word_1_188' title='bbox 1128 1263 1228 1284; x_wconf 90' lang='lat' dir='ltr'>omne</span> <span class='ocrx_word' id='word_1_189' title='bbox 1252 1253 1353 1294; x_wconf 92' lang='lat' dir='ltr'>quod,</span> 
     </span>
     <span class='ocr_line' id='line_1_26' title="bbox 277 1299 1163 1340; baseline -0.003 -9"><span class='ocrx_word' id='word_1_190' title='bbox 277 1310 353 1331; x_wconf 90' lang='lat' dir='ltr'>cum</span> <span class='ocrx_word' id='word_1_191' title='bbox 376 1301 416 1331; x_wconf 90' lang='lat' dir='ltr'>sit</span> <span class='ocrx_word' id='word_1_192' title='bbox 439 1300 547 1340; x_wconf 91' lang='lat' dir='ltr'>aliqua</span> <span class='ocrx_word' id='word_1_193' title='bbox 570 1305 693 1335; x_wconf 89' lang='lat' dir='ltr'>natura,</span> <span class='ocrx_word' id='word_1_194' title='bbox 717 1304 826 1339; x_wconf 91' lang='lat' dir='ltr'>potest</span> <span class='ocrx_word' id='word_1_195' title='bbox 849 1299 966 1329; x_wconf 89' lang='lat' dir='ltr'>habere</span> <span class='ocrx_word' id='word_1_196' title='bbox 990 1307 1059 1328; x_wconf 91' lang='lat' dir='ltr'>non</span> <span class='ocrx_word' id='word_1_197' title='bbox 1083 1307 1163 1328; x_wconf 89' lang='lat' dir='ltr'>esse.</span> 
     </span>
    </p>

    <p class='ocr_par' dir='ltr' id='par_1_7' title="bbox 277 1342 1355 1518">
     <span class='ocr_line' id='line_1_27' title="bbox 331 1342 1355 1384; baseline -0.003 -9"><span class='ocrx_word' id='word_1_198' title='bbox 331 1345 408 1375; x_wconf 93' lang='lat' dir='ltr'>Non</span> <span class='ocrx_word' id='word_1_199' title='bbox 431 1350 478 1375; x_wconf 88' lang='lat' dir='ltr'>est</span> <span class='ocrx_word' id='word_1_200' title='bbox 502 1354 578 1384; x_wconf 89' lang='lat' dir='ltr'>ergo</span> <span class='ocrx_word' id='word_1_201' title='bbox 604 1343 829 1374; x_wconf 90' lang='lat' dir='ltr'>contradictio.</span> <span class='ocrx_word' id='word_1_202' title='bbox 846 1343 934 1381; x_wconf 91' lang='lat' dir='ltr'>Quia</span> <span class='ocrx_word' id='word_1_203' title='bbox 957 1343 1009 1373; x_wconf 91' lang='lat' dir='ltr'>hic</span> <span class='ocrx_word' id='word_1_204' title='bbox 1034 1343 1183 1383; x_wconf 87' lang='lat' dir='ltr'>explicite</span> <span class='ocrx_word' id='word_1_205' title='bbox 1207 1342 1355 1383; x_wconf 92' lang='lat' dir='ltr'>loquitur</span> 
     </span>
     <span class='ocr_line' id='line_1_28' title="bbox 277 1387 1354 1429; baseline -0.003 -9"><span class='ocrx_word' id='word_1_206' title='bbox 277 1390 412 1421; x_wconf 87' lang='lat' dir='ltr'>Sanctus</span> <span class='ocrx_word' id='word_1_207' title='bbox 436 1389 582 1420; x_wconf 90' lang='lat' dir='ltr'>Thomas</span> <span class='ocrx_word' id='word_1_208' title='bbox 613 1388 652 1419; x_wconf 91' lang='lat' dir='ltr'>de</span> <span class='ocrx_word' id='word_1_209' title='bbox 682 1389 829 1429; x_wconf 88' lang='lat' dir='ltr'>potentia</span> <span class='ocrx_word' id='word_1_210' title='bbox 860 1387 922 1418; x_wconf 93' lang='lat' dir='ltr'>Dei</span> <span class='ocrx_word' id='word_1_211' title='bbox 950 1393 1109 1428; x_wconf 88' lang='lat' dir='ltr'>quantum</span> <span class='ocrx_word' id='word_1_212' title='bbox 1140 1387 1181 1418; x_wconf 90' lang='lat' dir='ltr'>ad</span> <span class='ocrx_word' id='word_1_213' title='bbox 1211 1388 1354 1427; x_wconf 91' lang='lat' dir='ltr'>primum</span> 
     </span>
     <span class='ocr_line' id='line_1_29' title="bbox 278 1431 1355 1474; baseline -0.003 -9"><span class='ocrx_word' id='word_1_214' title='bbox 278 1439 385 1465; x_wconf 89' lang='lat' dir='ltr'>actum</span> <span class='ocrx_word' id='word_1_215' title='bbox 411 1439 442 1464; x_wconf 91' lang='lat' dir='ltr'>et</span> <span class='ocrx_word' id='word_1_216' title='bbox 465 1433 687 1474; x_wconf 87' lang='lat' dir='ltr'>principalem,</span> <span class='ocrx_word' id='word_1_217' title='bbox 712 1433 868 1473; x_wconf 86' lang='lat' dir='ltr'>implicite</span> <span class='ocrx_word' id='word_1_218' title='bbox 892 1432 970 1463; x_wconf 90' lang='lat' dir='ltr'>dans</span> <span class='ocrx_word' id='word_1_219' title='bbox 994 1432 1172 1472; x_wconf 89' lang='lat' dir='ltr'>intelligere</span> <span class='ocrx_word' id='word_1_220' title='bbox 1196 1431 1287 1472; x_wconf 92' lang='lat' dir='ltr'>quod</span> <span class='ocrx_word' id='word_1_221' title='bbox 1315 1431 1355 1462; x_wconf 93' lang='lat' dir='ltr'>ad</span> 
     </span>
     <span class='ocr_line' id='line_1_30' title="bbox 277 1476 1354 1518; baseline -0.003 -8"><span class='ocrx_word' id='word_1_222' title='bbox 277 1478 503 1510; x_wconf 87' lang='lat' dir='ltr'>secundarium</span> <span class='ocrx_word' id='word_1_223' title='bbox 528 1483 635 1509; x_wconf 85' lang='lat' dir='ltr'>actum</span> <span class='ocrx_word' id='word_1_224' title='bbox 660 1478 815 1518; x_wconf 85' lang='lat' dir='ltr'>pertinet:</span> <span class='ocrx_word' id='word_1_225' title='bbox 840 1487 916 1507; x_wconf 91' lang='lat' dir='ltr'>narn</span> <span class='ocrx_word' id='word_1_226' title='bbox 941 1476 1032 1517; x_wconf 92' lang='lat' dir='ltr'>quod</span> <span class='ocrx_word' id='word_1_227' title='bbox 1058 1486 1127 1507; x_wconf 92' lang='lat' dir='ltr'>non</span> <span class='ocrx_word' id='word_1_228' title='bbox 1154 1482 1262 1517; x_wconf 90' lang='lat' dir='ltr'>potest</span> <span class='ocrx_word' id='word_1_229' title='bbox 1286 1486 1354 1507; x_wconf 87' lang='lat' dir='ltr'>esse</span> 
     </span>
    </p>
   </div>
   <div class='ocr_carea' id='block_1_6' title="bbox 702 286 2066 332">
    <p class='ocr_par' dir='ltr' id='par_1_8' title="bbox 702 286 2066 332">
     <span class='ocr_line' id='line_1_31' title="bbox 702 286 2066 332; baseline -0.001 -6"><span class='ocrx_word' id='word_1_230' title='bbox 702 289 891 327; x_wconf 90' lang='lat' dir='ltr'>SUMMA</span> <span class='ocrx_word' id='word_1_231' title='bbox 920 288 1144 325; x_wconf 91' lang='lat' dir='ltr'><strong>CONTRA</strong></span> <span class='ocrx_word' id='word_1_232' title='bbox 1172 287 1448 331; x_wconf 90' lang='lat' dir='ltr'><strong>GENTILES,</strong></span> <span class='ocrx_word' id='word_1_233' title='bbox 1477 287 1572 323; x_wconf 90' lang='lat' dir='ltr'>LIB.</span> <span class='ocrx_word' id='word_1_234' title='bbox 1594 287 1634 331; x_wconf 86' lang='grc' dir='ltr'>ΙΙ,</span> <span class='ocrx_word' id='word_1_235' title='bbox 1665 286 1777 323; x_wconf 89' lang='lat' dir='ltr'>CAP.</span> <span class='ocrx_word' id='word_1_236' title='bbox 1798 287 1914 332; x_wconf 88' lang='lat' dir='ltr'><strong>XXII,</strong></span> <span class='ocrx_word' id='word_1_237' title='bbox 1934 288 2066 324; x_wconf 90' lang='lat' dir='ltr'><strong>XXIII.</strong></span> 
     </span>
    </p>
   </div>
   <div class='ocr_carea' id='block_1_7' title="bbox 1413 364 2504 404">
    <p class='ocr_par' dir='ltr' id='par_1_9' title="bbox 1413 364 2504 404">
     <span class='ocr_line' id='line_1_32' title="bbox 1413 364 2504 404; baseline 0.005 -10"><span class='ocrx_word' id='word_1_238' title='bbox 1413 370 1498 400; x_wconf 90' lang='lat' dir='ltr'>actu,</span> <span class='ocrx_word' id='word_1_239' title='bbox 1526 373 1594 395; x_wconf 91' lang='lat' dir='ltr'>non</span> <span class='ocrx_word' id='word_1_240' title='bbox 1617 369 1726 404; x_wconf 90' lang='lat' dir='ltr'>potest</span> <span class='ocrx_word' id='word_1_241' title='bbox 1749 365 1838 404; x_wconf 82' lang='lat' dir='ltr'>prius</span> <span class='ocrx_word' id='word_1_242' title='bbox 1870 365 2009 395; x_wconf 85' lang='lat' dir='ltr'>existens</span> <span class='ocrx_word' id='word_1_243' title='bbox 2031 364 2178 397; x_wconf 87' lang='lat' dir='ltr'>desinere</span> <span class='ocrx_word' id='word_1_244' title='bbox 2202 376 2281 398; x_wconf 88' lang='lat' dir='ltr'>esse.</span> <span class='ocrx_word' id='word_1_245' title='bbox 2313 368 2350 398; x_wconf 90' lang='lat' dir='ltr'>In</span> <span class='ocrx_word' id='word_1_246' title='bbox 2379 368 2504 399; x_wconf 45' lang='lat' dir='ltr'>Primo*</span> 
     </span>
    </p>
   </div>
   <div class='ocr_carea' id='block_1_8' title="bbox 1407 407 2491 1474">
    <p class='ocr_par' dir='ltr' id='par_1_10' title="bbox 1413 407 2365 449">
     <span class='ocr_line' id='line_1_33' title="bbox 1413 407 2365 449; baseline 0.005 -11"><span class='ocrx_word' id='word_1_247' title='bbox 1413 414 1522 439; x_wconf 90' lang='lat' dir='ltr'>autem</span> <span class='ocrx_word' id='word_1_248' title='bbox 1546 407 1634 438; x_wconf 79' lang='lat' dir='ltr'>Sent.</span> <span class='ocrx_word' id='word_1_249' title='bbox 1659 407 1699 438; x_wconf 93' lang='lat' dir='ltr'>de</span> <span class='ocrx_word' id='word_1_250' title='bbox 1723 414 1865 448; x_wconf 91' lang='lat' dir='ltr'>utroque</span> <span class='ocrx_word' id='word_1_251' title='bbox 1888 413 1963 439; x_wconf 92' lang='lat' dir='ltr'>actu</span> <span class='ocrx_word' id='word_1_252' title='bbox 1982 409 2132 449; x_wconf 86' lang='lat' dir='ltr'>explicite</span> <span class='ocrx_word' id='word_1_253' title='bbox 2156 415 2204 441; x_wconf 86' lang='lat' dir='ltr'>est</span> <span class='ocrx_word' id='word_1_254' title='bbox 2226 411 2365 443; x_wconf 86' lang='lat' dir='ltr'>locutus.</span> 
     </span>
    </p>

    <p class='ocr_par' dir='ltr' id='par_1_11' title="bbox 1410 451 2490 625">
     <span class='ocr_line' id='line_1_34' title="bbox 1467 451 2490 493; baseline 0.005 -11"><span class='ocrx_word' id='word_1_255' title='bbox 1467 451 1608 483; x_wconf 89' lang='lat' dir='ltr'>Adverte</span> <span class='ocrx_word' id='word_1_256' title='bbox 1632 458 1742 483; x_wconf 90' lang='lat' dir='ltr'>tamen</span> <span class='ocrx_word' id='word_1_257' title='bbox 1765 452 1857 493; x_wconf 93' lang='lat' dir='ltr'>quod</span> <span class='ocrx_word' id='word_1_258' title='bbox 1879 462 1948 484; x_wconf 89' lang='lat' dir='ltr'>non</span> <span class='ocrx_word' id='word_1_259' title='bbox 1972 452 2047 484; x_wconf 92' lang='lat' dir='ltr'>dico</span> <span class='ocrx_word' id='word_1_260' title='bbox 2062 454 2097 484; x_wconf 90' lang='lat' dir='ltr'>in</span> <span class='ocrx_word' id='word_1_261' title='bbox 2113 453 2185 485; x_wconf 89' lang='lat' dir='ltr'>Deo</span> <span class='ocrx_word' id='word_1_262' title='bbox 2208 455 2436 487; x_wconf 87' lang='lat' dir='ltr'>secundarium</span> <span class='ocrx_word' id='word_1_263' title='bbox 2458 463 2490 487; x_wconf 90' lang='lat' dir='ltr'>et</span> 
     </span>
     <span class='ocr_line' id='line_1_35' title="bbox 1410 497 2488 539; baseline 0.004 -12"><span class='ocrx_word' id='word_1_264' title='bbox 1410 497 1601 537; x_wconf 86' lang='lat' dir='ltr'>primarium</span> <span class='ocrx_word' id='word_1_265' title='bbox 1618 502 1727 527; x_wconf 90' lang='lat' dir='ltr'>actum</span> <span class='ocrx_word' id='word_1_266' title='bbox 1747 506 1815 527; x_wconf 88' lang='lat' dir='ltr'>esse</span> <span class='ocrx_word' id='word_1_267' title='bbox 1832 498 1925 537; x_wconf 91' lang='lat' dir='ltr'>quasi</span> <span class='ocrx_word' id='word_1_268' title='bbox 1941 507 1979 528; x_wconf 90' lang='lat' dir='ltr'>ex</span> <span class='ocrx_word' id='word_1_269' title='bbox 1995 502 2085 538; x_wconf 84' lang='lat' dir='ltr'>parte</span> <span class='ocrx_word' id='word_1_270' title='bbox 2101 497 2164 529; x_wconf 90' lang='lat' dir='ltr'>Dei</span> <span class='ocrx_word' id='word_1_271' title='bbox 2179 499 2243 529; x_wconf 87' lang='lat' dir='ltr'>sint</span> <span class='ocrx_word' id='word_1_272' title='bbox 2257 499 2366 539; x_wconf 86' lang='lat' dir='ltr'>plures</span> <span class='ocrx_word' id='word_1_273' title='bbox 2381 506 2488 531; x_wconf 88' lang='lat' dir='ltr'>actus:</span> 
     </span>
     <span class='ocr_line' id='line_1_36' title="bbox 1410 540 2489 585; baseline 0.004 -14"><span class='ocrx_word' id='word_1_274' title='bbox 1410 540 1468 571; x_wconf 89' lang='lat' dir='ltr'>sed</span> <span class='ocrx_word' id='word_1_275' title='bbox 1483 541 1561 581; x_wconf 92' lang='lat' dir='ltr'>quia</span> <span class='ocrx_word' id='word_1_276' title='bbox 1576 550 1615 571; x_wconf 85' lang='lat' dir='ltr'>ex</span> <span class='ocrx_word' id='word_1_277' title='bbox 1630 546 1720 581; x_wconf 92' lang='lat' dir='ltr'>parte</span> <span class='ocrx_word' id='word_1_278' title='bbox 1736 541 1857 572; x_wconf 91' lang='lat' dir='ltr'>obiecti</span> <span class='ocrx_word' id='word_1_279' title='bbox 1873 547 1921 572; x_wconf 91' lang='lat' dir='ltr'>est</span> <span class='ocrx_word' id='word_1_280' title='bbox 1937 541 2114 579; x_wconf 69' lang='lat' dir='ltr'>distinctim</span> <span class='ocrx_word' id='word_1_281' title='bbox 2140 552 2210 574; x_wconf 90' lang='lat' dir='ltr'>esse</span> <span class='ocrx_word' id='word_1_282' title='bbox 2230 544 2319 574; x_wconf 87' lang='lat' dir='ltr'>enirn</span> <span class='ocrx_word' id='word_1_283' title='bbox 2339 548 2387 574; x_wconf 85' lang='lat' dir='ltr'>est</span> <span class='ocrx_word' id='word_1_284' title='bbox 2401 546 2489 585; x_wconf 89' lang='lat' dir='ltr'>prin-</span> 
     </span>
     <span class='ocr_line' id='line_1_37' title="bbox 1411 585 2241 625; baseline 0.004 -10"><span class='ocrx_word' id='word_1_285' title='bbox 1411 585 1522 625; x_wconf 90' lang='lat' dir='ltr'>cipalis</span> <span class='ocrx_word' id='word_1_286' title='bbox 1546 586 1712 622; x_wconf 88' lang='lat' dir='ltr'>terminus,</span> <span class='ocrx_word' id='word_1_287' title='bbox 1736 595 1805 616; x_wconf 88' lang='lat' dir='ltr'>non</span> <span class='ocrx_word' id='word_1_288' title='bbox 1829 595 1898 617; x_wconf 83' lang='lat' dir='ltr'>esse</span> <span class='ocrx_word' id='word_1_289' title='bbox 1921 596 1999 617; x_wconf 91' lang='lat' dir='ltr'>vero</span> <span class='ocrx_word' id='word_1_290' title='bbox 2023 586 2241 618; x_wconf 88' lang='lat' dir='ltr'>secundarius.</span> 
     </span>
    </p>

    <p class='ocr_par' dir='ltr' id='par_1_12' title="bbox 1408 629 2489 933">
     <span class='ocr_line' id='line_1_38' title="bbox 1466 629 2489 673; baseline 0.004 -13"><span class='ocrx_word' id='word_1_291' title='bbox 1466 639 1497 660; x_wconf 87' lang='lat'>2.</span> <span class='ocrx_word' id='word_1_292' title='bbox 1510 629 1563 660; x_wconf 90' lang='lat' dir='ltr'>Ad</span> <span class='ocrx_word' id='word_1_293' title='bbox 1578 630 1761 661; x_wconf 89' lang='lat' dir='ltr'>secundum</span> <span class='ocrx_word' id='word_1_294' title='bbox 1777 629 1992 671; x_wconf 86' lang='lat' dir='ltr'>respondetur</span> <span class='ocrx_word' id='word_1_295' title='bbox 2006 632 2125 671; x_wconf 90' lang='lat' dir='ltr'>primo,</span> <span class='ocrx_word' id='word_1_296' title='bbox 2138 631 2229 673; x_wconf 93' lang='lat' dir='ltr'>quod</span> <span class='ocrx_word' id='word_1_297' title='bbox 2245 632 2335 663; x_wconf 91' lang='lat' dir='ltr'>nulla</span> <span class='ocrx_word' id='word_1_298' title='bbox 2351 638 2399 663; x_wconf 89' lang='lat' dir='ltr'>est</span> <span class='ocrx_word' id='word_1_299' title='bbox 2410 642 2489 664; x_wconf 92' lang='lat' dir='ltr'>con-</span> 
     </span>
     <span class='ocr_line' id='line_1_39' title="bbox 1409 673 2489 716; baseline 0.004 -12"><span class='ocrx_word' id='word_1_300' title='bbox 1409 673 1569 705; x_wconf 89' lang='lat' dir='ltr'>tradictio.</span> <span class='ocrx_word' id='word_1_301' title='bbox 1594 674 1680 712; x_wconf 86' lang='lat' dir='ltr'>Quia</span> <span class='ocrx_word' id='word_1_302' title='bbox 1703 675 1737 705; x_wconf 90' lang='lat' dir='ltr'>in</span> <span class='ocrx_word' id='word_1_303' title='bbox 1761 674 1823 705; x_wconf 88' lang='lat' dir='ltr'>illis</span> <span class='ocrx_word' id='word_1_304' title='bbox 1845 675 1927 706; x_wconf 88' lang='lat' dir='ltr'>locis</span> <span class='ocrx_word' id='word_1_305' title='bbox 1949 675 2096 716; x_wconf 88' lang='lat' dir='ltr'>loquitur</span> <span class='ocrx_word' id='word_1_306' title='bbox 2119 677 2256 708; x_wconf 89' lang='lat' dir='ltr'>Sanctus</span> <span class='ocrx_word' id='word_1_307' title='bbox 2279 676 2426 708; x_wconf 86' lang='lat' dir='ltr'>Thomas</span> <span class='ocrx_word' id='word_1_308' title='bbox 2449 677 2489 708; x_wconf 91' lang='lat' dir='ltr'>de</span> 
     </span>
     <span class='ocr_line' id='line_1_40' title="bbox 1410 719 2487 761; baseline 0.003 -12"><span class='ocrx_word' id='word_1_309' title='bbox 1410 724 1484 749; x_wconf 89' lang='lat' dir='ltr'>ente</span> <span class='ocrx_word' id='word_1_310' title='bbox 1509 724 1541 749; x_wconf 91' lang='lat' dir='ltr'>et</span> <span class='ocrx_word' id='word_1_311' title='bbox 1563 728 1632 749; x_wconf 90' lang='lat' dir='ltr'>non</span> <span class='ocrx_word' id='word_1_312' title='bbox 1656 724 1731 749; x_wconf 92' lang='lat' dir='ltr'>ente</span> <span class='ocrx_word' id='word_1_313' title='bbox 1755 719 1903 750; x_wconf 90' lang='lat' dir='ltr'>absolute</span> <span class='ocrx_word' id='word_1_314' title='bbox 1927 724 1959 750; x_wconf 92' lang='lat' dir='ltr'>et</span> <span class='ocrx_word' id='word_1_315' title='bbox 1981 721 2171 761; x_wconf 88' lang='lat' dir='ltr'>simpliciter</span> <span class='ocrx_word' id='word_1_316' title='bbox 2186 721 2295 752; x_wconf 92' lang='lat' dir='ltr'>dictis:</span> <span class='ocrx_word' id='word_1_317' title='bbox 2320 722 2487 753; x_wconf 89' lang='lat' dir='ltr'>hominem</span> 
     </span>
     <span class='ocr_line' id='line_1_41' title="bbox 1409 763 2489 807; baseline 0.005 -14"><span class='ocrx_word' id='word_1_318' title='bbox 1409 763 1498 793; x_wconf 90' lang='lat' dir='ltr'>enim</span> <span class='ocrx_word' id='word_1_319' title='bbox 1521 772 1591 794; x_wconf 89' lang='lat' dir='ltr'>esse</span> <span class='ocrx_word' id='word_1_320' title='bbox 1607 763 1734 794; x_wconf 87' lang='lat' dir='ltr'>asinum</span> <span class='ocrx_word' id='word_1_321' title='bbox 1749 772 1869 804; x_wconf 91' lang='lat' dir='ltr'>neque,</span> <span class='ocrx_word' id='word_1_322' title='bbox 1884 763 2033 795; x_wconf 90' lang='lat' dir='ltr'>absolute</span> <span class='ocrx_word' id='word_1_323' title='bbox 2047 764 2227 806; x_wconf 90' lang='lat' dir='ltr'>quuendo,</span> <span class='ocrx_word' id='word_1_324' title='bbox 2244 771 2292 797; x_wconf 91' lang='lat' dir='ltr'>est</span> <span class='ocrx_word' id='word_1_325' title='bbox 2307 775 2364 797; x_wconf 87' lang='lat' dir='ltr'>ens</span> <span class='ocrx_word' id='word_1_326' title='bbox 2380 775 2489 807; x_wconf 90' lang='lat' dir='ltr'>neque</span> 
     </span>
     <span class='ocr_line' id='line_1_42' title="bbox 1408 807 2488 849; baseline 0.005 -12"><span class='ocrx_word' id='word_1_327' title='bbox 1408 816 1478 838; x_wconf 92' lang='lat' dir='ltr'>non</span> <span class='ocrx_word' id='word_1_328' title='bbox 1501 817 1569 838; x_wconf 88' lang='lat' dir='ltr'>ens.</span> <span class='ocrx_word' id='word_1_329' title='bbox 1594 807 1658 838; x_wconf 89' lang='lat' dir='ltr'>Hic</span> <span class='ocrx_word' id='word_1_330' title='bbox 1688 813 1798 838; x_wconf 90' lang='lat' dir='ltr'>autem</span> <span class='ocrx_word' id='word_1_331' title='bbox 1828 807 1975 848; x_wconf 91' lang='lat' dir='ltr'>loquitur</span> <span class='ocrx_word' id='word_1_332' title='bbox 1997 814 2158 849; x_wconf 87' lang='lat' dir='ltr'>quantum</span> <span class='ocrx_word' id='word_1_333' title='bbox 2185 809 2226 841; x_wconf 88' lang='lat' dir='ltr'>ad</span> <span class='ocrx_word' id='word_1_334' title='bbox 2252 810 2488 842; x_wconf 80' lang='lat' dir='ltr'>inclusionem:</span> 
     </span>
     <span class='ocr_line' id='line_1_43' title="bbox 1409 851 2489 896; baseline 0.005 -14"><span class='ocrx_word' id='word_1_335' title='bbox 1409 861 1486 883; x_wconf 90' lang='lat' dir='ltr'>nam</span> <span class='ocrx_word' id='word_1_336' title='bbox 1509 852 1584 883; x_wconf 90' lang='lat' dir='ltr'>licet</span> <span class='ocrx_word' id='word_1_337' title='bbox 1608 851 1699 892; x_wconf 90' lang='lat' dir='ltr'>quod</span> <span class='ocrx_word' id='word_1_338' title='bbox 1722 852 2014 883; x_wconf 89' lang='lat' dir='ltr'>contradictionem</span> <span class='ocrx_word' id='word_1_339' title='bbox 2037 853 2183 894; x_wconf 89' lang='lat' dir='ltr'>implicat</span> <span class='ocrx_word' id='word_1_340' title='bbox 2204 864 2273 885; x_wconf 91' lang='lat' dir='ltr'>non</span> <span class='ocrx_word' id='word_1_341' title='bbox 2298 855 2402 896; x_wconf 86' lang='lat' dir='ltr'>possit</span> <span class='ocrx_word' id='word_1_342' title='bbox 2425 855 2489 886; x_wconf 90' lang='lat' dir='ltr'>dici</span> 
     </span>
     <span class='ocr_line' id='line_1_44' title="bbox 1409 896 2488 933; baseline 0.005 -7"><span class='ocrx_word' id='word_1_343' title='bbox 1409 896 1557 927; x_wconf 89' lang='lat' dir='ltr'>absolute</span> <span class='ocrx_word' id='word_1_344' title='bbox 1580 906 1650 927; x_wconf 91' lang='lat' dir='ltr'>non</span> <span class='ocrx_word' id='word_1_345' title='bbox 1673 906 1741 933; x_wconf 88' lang='lat' dir='ltr'>ens,</span> <span class='ocrx_word' id='word_1_346' title='bbox 1765 897 1799 927; x_wconf 91' lang='lat' dir='ltr'>in</span> <span class='ocrx_word' id='word_1_347' title='bbox 1823 906 1881 927; x_wconf 91' lang='lat' dir='ltr'>sua</span> <span class='ocrx_word' id='word_1_348' title='bbox 1904 903 2014 928; x_wconf 89' lang='lat' dir='ltr'>tamen</span> <span class='ocrx_word' id='word_1_349' title='bbox 2037 899 2163 929; x_wconf 88' lang='lat' dir='ltr'>ratione</span> <span class='ocrx_word' id='word_1_350' title='bbox 2177 898 2315 930; x_wconf 89' lang='lat' dir='ltr'>includit</span> <span class='ocrx_word' id='word_1_351' title='bbox 2334 909 2404 931; x_wconf 90' lang='lat' dir='ltr'>non</span> <span class='ocrx_word' id='word_1_352' title='bbox 2420 909 2488 931; x_wconf 75' lang='lat' dir='ltr'>ens,</span> 
     </span>
    </p>

    <p class='ocr_par' dir='ltr' id='par_1_13' title="bbox 1407 940 2491 1474">
     <span class='ocr_line' id='line_1_45' title="bbox 1464 940 2489 984; baseline 0.003 -13"><span class='ocrx_word' id='word_1_353' title='bbox 1464 940 1695 981; x_wconf 90' lang='lat' dir='ltr'>Respondetur</span> <span class='ocrx_word' id='word_1_354' title='bbox 1716 941 1874 978; x_wconf 89' lang='lat' dir='ltr'>secundo,</span> <span class='ocrx_word' id='word_1_355' title='bbox 1899 947 1931 972; x_wconf 91' lang='lat' dir='ltr'>et</span> <span class='ocrx_word' id='word_1_356' title='bbox 1953 942 2080 979; x_wconf 90' lang='lat' dir='ltr'>melius,</span> <span class='ocrx_word' id='word_1_357' title='bbox 2106 942 2198 983; x_wconf 91' lang='lat' dir='ltr'>quod</span> <span class='ocrx_word' id='word_1_358' title='bbox 2221 952 2288 973; x_wconf 83' lang='lat' dir='ltr'>non</span> <span class='ocrx_word' id='word_1_359' title='bbox 2307 953 2365 975; x_wconf 81' lang='lat' dir='ltr'>ens</span> <span class='ocrx_word' id='word_1_360' title='bbox 2379 949 2489 984; x_wconf 90' lang='lat' dir='ltr'>potest</span> 
     </span>
     <span class='ocr_line' id='line_1_46' title="bbox 1409 985 2489 1029; baseline 0.004 -14"><span class='ocrx_word' id='word_1_361' title='bbox 1409 986 1513 1026; x_wconf 90' lang='lat' dir='ltr'>accipi</span> <span class='ocrx_word' id='word_1_362' title='bbox 1537 985 1719 1026; x_wconf 90' lang='lat' dir='ltr'>dupliciter.</span> <span class='ocrx_word' id='word_1_363' title='bbox 1744 985 1819 1017; x_wconf 90' lang='lat' dir='ltr'>Uno</span> <span class='ocrx_word' id='word_1_364' title='bbox 1839 985 1952 1023; x_wconf 91' lang='lat' dir='ltr'>modo,</span> <span class='ocrx_word' id='word_1_365' title='bbox 1969 996 2031 1027; x_wconf 89' lang='lat' dir='ltr'>pro</span> <span class='ocrx_word' id='word_1_366' title='bbox 2047 996 2088 1017; x_wconf 93' lang='lat' dir='ltr'>eo</span> <span class='ocrx_word' id='word_1_367' title='bbox 2104 988 2159 1018; x_wconf 90' lang='lat' dir='ltr'>cui</span> <span class='ocrx_word' id='word_1_368' title='bbox 2174 988 2313 1018; x_wconf 90' lang='lat' dir='ltr'>omnino</span> <span class='ocrx_word' id='word_1_369' title='bbox 2329 994 2489 1029; x_wconf 79' lang='lat' dir='ltr'>repugnat</span> 
     </span>
     <span class='ocr_line' id='line_1_47' title="bbox 1408 1030 2490 1070; baseline 0.004 -10"><span class='ocrx_word' id='word_1_370' title='bbox 1408 1030 1526 1061; x_wconf 89' lang='lat' dir='ltr'>habere</span> <span class='ocrx_word' id='word_1_371' title='bbox 1550 1039 1619 1061; x_wconf 88' lang='lat' dir='ltr'>esse</span> <span class='ocrx_word' id='word_1_372' title='bbox 1643 1036 1728 1067; x_wconf 88' lang='lat' dir='ltr'>actu,</span> <span class='ocrx_word' id='word_1_373' title='bbox 1753 1030 1844 1070; x_wconf 93' lang='lat' dir='ltr'>quod</span> <span class='ocrx_word' id='word_1_374' title='bbox 1866 1031 1990 1062; x_wconf 88' lang='lat' dir='ltr'>scilicet</span> <span class='ocrx_word' id='word_1_375' title='bbox 2011 1031 2093 1062; x_wconf 88' lang='lat' dir='ltr'>nihil</span> <span class='ocrx_word' id='word_1_376' title='bbox 2116 1037 2165 1062; x_wconf 87' lang='lat' dir='ltr'>est</span> <span class='ocrx_word' id='word_1_377' title='bbox 2187 1032 2336 1069; x_wconf 90' lang='lat' dir='ltr'>omnin0‚</span> <span class='ocrx_word' id='word_1_378' title='bbox 2351 1038 2389 1063; x_wconf 90' lang='lat' dir='ltr'>ut</span> <span class='ocrx_word' id='word_1_379' title='bbox 2407 1032 2490 1064; x_wconf 74' lang='lat' dir='ltr'>nihil</span> 
     </span>
     <span class='ocr_line' id='line_1_48' title="bbox 1409 1075 2489 1116; baseline 0.003 -11"><span class='ocrx_word' id='word_1_380' title='bbox 1409 1075 1589 1115; x_wconf 90' lang='lat' dir='ltr'>opponitur</span> <span class='ocrx_word' id='word_1_381' title='bbox 1612 1076 1678 1106; x_wconf 90' lang='lat' dir='ltr'>enti</span> <span class='ocrx_word' id='word_1_382' title='bbox 1701 1084 1771 1106; x_wconf 90' lang='lat' dir='ltr'>non</span> <span class='ocrx_word' id='word_1_383' title='bbox 1794 1075 1904 1106; x_wconf 88' lang='lat' dir='ltr'>solum</span> <span class='ocrx_word' id='word_1_384' title='bbox 1926 1076 2165 1116; x_wconf 83' lang='lat' dir='ltr'>participaliter,</span> <span class='ocrx_word' id='word_1_385' title='bbox 2189 1075 2246 1107; x_wconf 90' lang='lat' dir='ltr'>sed</span> <span class='ocrx_word' id='word_1_386' title='bbox 2268 1077 2366 1108; x_wconf 89' lang='lat' dir='ltr'>etiam</span> <span class='ocrx_word' id='word_1_387' title='bbox 2381 1078 2489 1108; x_wconf 90' lang='lat' dir='ltr'>nomi-</span> 
     </span>
     <span class='ocr_line' id='line_1_49' title="bbox 1407 1119 2490 1161; baseline 0.003 -11"><span class='ocrx_word' id='word_1_388' title='bbox 1407 1119 1523 1150; x_wconf 83' lang='lat' dir='ltr'>naliter</span> <span class='ocrx_word' id='word_1_389' title='bbox 1546 1125 1690 1160; x_wconf 90' lang='lat' dir='ltr'>sumpto.</span> <span class='ocrx_word' id='word_1_390' title='bbox 1714 1120 1756 1150; x_wconf 92' lang='lat' dir='ltr'>Et</span> <span class='ocrx_word' id='word_1_391' title='bbox 1779 1120 1824 1151; x_wconf 90' lang='lat' dir='ltr'>sic</span> <span class='ocrx_word' id='word_1_392' title='bbox 1849 1119 1942 1161; x_wconf 92' lang='lat' dir='ltr'>quod</span> <span class='ocrx_word' id='word_1_393' title='bbox 1964 1120 2110 1161; x_wconf 89' lang='lat' dir='ltr'>implicat</span> <span class='ocrx_word' id='word_1_394' title='bbox 2130 1120 2423 1152; x_wconf 81' lang='lat' dir='ltr'>contradictionem</span> <span class='ocrx_word' id='word_1_395' title='bbox 2441 1127 2490 1153; x_wconf 88' lang='lat' dir='ltr'>est</span> 
     </span>
     <span class='ocr_line' id='line_1_50' title="bbox 1407 1165 2488 1205; baseline 0.003 -11"><span class='ocrx_word' id='word_1_396' title='bbox 1407 1173 1477 1194; x_wconf 91' lang='lat' dir='ltr'>non</span> <span class='ocrx_word' id='word_1_397' title='bbox 1490 1173 1562 1195; x_wconf 88' lang='lat' dir='ltr'>ens:</span> <span class='ocrx_word' id='word_1_398' title='bbox 1579 1165 1718 1195; x_wconf 89' lang='lat' dir='ltr'>omnino</span> <span class='ocrx_word' id='word_1_399' title='bbox 1730 1165 1819 1195; x_wconf 89' lang='lat' dir='ltr'>enim</span> <span class='ocrx_word' id='word_1_400' title='bbox 1831 1165 1891 1195; x_wconf 90' lang='lat' dir='ltr'>sibi</span> <span class='ocrx_word' id='word_1_401' title='bbox 1902 1170 2062 1205; x_wconf 85' lang='lat' dir='ltr'>repugnat</span> <span class='ocrx_word' id='word_1_402' title='bbox 2073 1175 2143 1196; x_wconf 90' lang='lat' dir='ltr'>esse</span> <span class='ocrx_word' id='word_1_403' title='bbox 2159 1171 2244 1196; x_wconf 90' lang='lat' dir='ltr'>actu.</span> <span class='ocrx_word' id='word_1_404' title='bbox 2254 1184 2277 1188; x_wconf 98' lang='lat'>—</span> <span class='ocrx_word' id='word_1_405' title='bbox 2286 1165 2363 1197; x_wconf 92' lang='lat' dir='ltr'>Alio</span> <span class='ocrx_word' id='word_1_406' title='bbox 2375 1165 2488 1202; x_wconf 87' lang='lat' dir='ltr'>modo,</span> 
     </span>
     <span class='ocr_line' id='line_1_51' title="bbox 1407 1207 2491 1250; baseline 0.003 -12"><span class='ocrx_word' id='word_1_407' title='bbox 1407 1218 1469 1249; x_wconf 92' lang='lat' dir='ltr'>pro</span> <span class='ocrx_word' id='word_1_408' title='bbox 1493 1218 1534 1239; x_wconf 91' lang='lat' dir='ltr'>eo</span> <span class='ocrx_word' id='word_1_409' title='bbox 1559 1207 1660 1249; x_wconf 89' lang='lat' dir='ltr'>quod,</span> <span class='ocrx_word' id='word_1_410' title='bbox 1685 1218 1762 1239; x_wconf 92' lang='lat' dir='ltr'>cum</span> <span class='ocrx_word' id='word_1_411' title='bbox 1793 1209 1882 1250; x_wconf 89' lang='lat' dir='ltr'>prius</span> <span class='ocrx_word' id='word_1_412' title='bbox 1912 1215 2005 1246; x_wconf 90' lang='lat' dir='ltr'>esset,</span> <span class='ocrx_word' id='word_1_413' title='bbox 2030 1209 2244 1250; x_wconf 89' lang='lat' dir='ltr'>postmodum</span> <span class='ocrx_word' id='word_1_414' title='bbox 2273 1220 2343 1241; x_wconf 91' lang='lat' dir='ltr'>non</span> <span class='ocrx_word' id='word_1_415' title='bbox 2367 1215 2424 1241; x_wconf 89' lang='lat' dir='ltr'>est.</span> <span class='ocrx_word' id='word_1_416' title='bbox 2448 1210 2491 1242; x_wconf 89' lang='lat' dir='ltr'>Et</span> 
     </span>
     <span class='ocr_line' id='line_1_52' title="bbox 1408 1253 2490 1296; baseline 0.003 -13"><span class='ocrx_word' id='word_1_417' title='bbox 1408 1253 1454 1284; x_wconf 90' lang='lat' dir='ltr'>sic</span> <span class='ocrx_word' id='word_1_418' title='bbox 1470 1262 1538 1284; x_wconf 87' lang='lat' dir='ltr'>non</span> <span class='ocrx_word' id='word_1_419' title='bbox 1555 1258 1603 1283; x_wconf 87' lang='lat' dir='ltr'>est</span> <span class='ocrx_word' id='word_1_420' title='bbox 1617 1262 1686 1284; x_wconf 89' lang='lat' dir='ltr'>non</span> <span class='ocrx_word' id='word_1_421' title='bbox 1703 1263 1770 1290; x_wconf 87' lang='lat' dir='ltr'>ens,</span> <span class='ocrx_word' id='word_1_422' title='bbox 1787 1254 1880 1294; x_wconf 83' lang='lat' dir='ltr'>quasi</span> <span class='ocrx_word' id='word_1_423' title='bbox 1895 1254 2018 1285; x_wconf 88' lang='lat' dir='ltr'>scilicet</span> <span class='ocrx_word' id='word_1_424' title='bbox 2041 1254 2164 1295; x_wconf 91' lang='lat' dir='ltr'>aliquid</span> <span class='ocrx_word' id='word_1_425' title='bbox 2185 1260 2303 1296; x_wconf 89' lang='lat' dir='ltr'>potens</span> <span class='ocrx_word' id='word_1_426' title='bbox 2326 1256 2490 1286; x_wconf 88' lang='lat' dir='ltr'>actionem</span> 
     </span>
     <span class='ocr_line' id='line_1_53' title="bbox 1408 1297 2489 1339; baseline 0.003 -11"><span class='ocrx_word' id='word_1_427' title='bbox 1408 1297 1638 1328; x_wconf 87' lang='lat' dir='ltr'>destructivam</span> <span class='ocrx_word' id='word_1_428' title='bbox 1660 1298 1844 1329; x_wconf 89' lang='lat' dir='ltr'>terminare.</span> <span class='ocrx_word' id='word_1_429' title='bbox 1860 1316 1883 1321; x_wconf 87' lang='lat'>-</span> <span class='ocrx_word' id='word_1_430' title='bbox 1898 1298 2008 1329; x_wconf 90' lang='lat' dir='ltr'>Primo</span> <span class='ocrx_word' id='word_1_431' title='bbox 2024 1308 2102 1339; x_wconf 88' lang='lat' dir='ltr'>ergo</span> <span class='ocrx_word' id='word_1_432' title='bbox 2125 1298 2228 1330; x_wconf 91' lang='lat' dir='ltr'>modo</span> <span class='ocrx_word' id='word_1_433' title='bbox 2251 1299 2316 1330; x_wconf 89' lang='lat' dir='ltr'>hoc</span> <span class='ocrx_word' id='word_1_434' title='bbox 2338 1299 2415 1331; x_wconf 92' lang='lat' dir='ltr'>loco</span> <span class='ocrx_word' id='word_1_435' title='bbox 2436 1309 2489 1331; x_wconf 86' lang='lat' dir='ltr'>ac-</span> 
     </span>
     <span class='ocr_line' id='line_1_54' title="bbox 1409 1342 2489 1383; baseline 0.003 -11"><span class='ocrx_word' id='word_1_436' title='bbox 1409 1343 1495 1383; x_wconf 89' lang='lat' dir='ltr'>cepit</span> <span class='ocrx_word' id='word_1_437' title='bbox 1511 1342 1648 1373; x_wconf 87' lang='lat' dir='ltr'>Sanctus</span> <span class='ocrx_word' id='word_1_438' title='bbox 1668 1342 1814 1373; x_wconf 88' lang='lat' dir='ltr'>Thomas</span> <span class='ocrx_word' id='word_1_439' title='bbox 1829 1352 1898 1373; x_wconf 89' lang='lat' dir='ltr'>non</span> <span class='ocrx_word' id='word_1_440' title='bbox 1915 1352 1986 1374; x_wconf 90' lang='lat' dir='ltr'>ens:</span> <span class='ocrx_word' id='word_1_441' title='bbox 2007 1343 2095 1374; x_wconf 86' lang='lat' dir='ltr'>unde</span> <span class='ocrx_word' id='word_1_442' title='bbox 2111 1344 2145 1374; x_wconf 94' lang='lat' dir='ltr'>in</span> <span class='ocrx_word' id='word_1_443' title='bbox 2161 1344 2254 1375; x_wconf 87' lang='lat' dir='ltr'>tertia</span> <span class='ocrx_word' id='word_1_444' title='bbox 2268 1345 2394 1375; x_wconf 86' lang='lat' dir='ltr'>ratione</span> <span class='ocrx_word' id='word_1_445' title='bbox 2410 1343 2489 1376; x_wconf 88' lang='lat' dir='ltr'>dixit</span> 
     </span>
     <span class='ocr_line' id='line_1_55' title="bbox 1407 1387 2489 1430; baseline 0.003 -13"><span class='ocrx_word' id='word_1_446' title='bbox 1407 1387 1514 1417; x_wconf 84' lang='lat' dir='ltr'>solum</span> <span class='ocrx_word' id='word_1_447' title='bbox 1543 1387 1714 1428; x_wconf 82' lang='lat' dir='ltr'>implicans</span> <span class='ocrx_word' id='word_1_448' title='bbox 1740 1387 2032 1418; x_wconf 81' lang='lat' dir='ltr'>contradictionem</span> <span class='ocrx_word' id='word_1_449' title='bbox 2061 1398 2250 1430; x_wconf 77' lang='lat' dir='ltr'>repugnare</span> <span class='ocrx_word' id='word_1_450' title='bbox 2272 1389 2397 1419; x_wconf 80' lang='lat' dir='ltr'>rationi</span> <span class='ocrx_word' id='word_1_451' title='bbox 2419 1389 2489 1420; x_wconf 81' lang='lat' dir='ltr'>eius</span> 
     </span>
     <span class='ocr_line' id='line_1_56' title="bbox 1407 1431 2489 1474; baseline 0.002 -12"><span class='ocrx_word' id='word_1_452' title='bbox 1407 1431 1496 1472; x_wconf 85' lang='lat' dir='ltr'>quod</span> <span class='ocrx_word' id='word_1_453' title='bbox 1511 1437 1559 1462; x_wconf 81' lang='lat' dir='ltr'>est</span> <span class='ocrx_word' id='word_1_454' title='bbox 1573 1441 1643 1462; x_wconf 84' lang='lat' dir='ltr'>esse</span> <span class='ocrx_word' id='word_1_455' title='bbox 1658 1432 1691 1462; x_wconf 84' lang='lat' dir='ltr'>in</span> <span class='ocrx_word' id='word_1_456' title='bbox 1708 1437 1794 1462; x_wconf 84' lang='lat' dir='ltr'>actu.</span> <span class='ocrx_word' id='word_1_457' title='bbox 1820 1432 1856 1463; x_wconf 93' lang='lat' dir='ltr'>In</span> <span class='ocrx_word' id='word_1_458' title='bbox 1878 1432 1960 1463; x_wconf 89' lang='lat' dir='ltr'>locis</span> <span class='ocrx_word' id='word_1_459' title='bbox 1983 1437 2095 1463; x_wconf 88' lang='lat' dir='ltr'>autem</span> <span class='ocrx_word' id='word_1_460' title='bbox 2118 1432 2262 1473; x_wconf 80' lang='lat' dir='ltr'>allegatis</span> <span class='ocrx_word' id='word_1_461' title='bbox 2278 1434 2404 1474; x_wconf 90' lang='lat' dir='ltr'>accepit</span> <span class='ocrx_word' id='word_1_462' title='bbox 2419 1442 2489 1464; x_wconf 88' lang='lat' dir='ltr'>non</span> 
     </span>
    </p>
   </div>
   <div class='ocr_carea' id='block_1_9' title="bbox 1379 803 1384 1510">
    <p class='ocr_par' dir='ltr' id='par_1_14' title="bbox 1379 803 1384 1510">
     <span class='ocr_line' id='line_1_57' title="bbox 1379 803 1384 1510; baseline 0 0"><span class='ocrx_word' id='word_1_463' title='bbox 1379 803 1384 1510; x_wconf 95' lang='lat' dir='ltr'> </span> 
     </span>
    </p>
   </div>
   <div class='ocr_carea' id='block_1_10' title="bbox 1409 1475 2284 1518">
    <p class='ocr_par' dir='ltr' id='par_1_15' title="bbox 1409 1475 2284 1518">
     <span class='ocr_line' id='line_1_58' title="bbox 1409 1475 2284 1518; baseline 0.002 -12"><span class='ocrx_word' id='word_1_464' title='bbox 1409 1486 1466 1507; x_wconf 88' lang='lat' dir='ltr'>ens</span> <span class='ocrx_word' id='word_1_465' title='bbox 1490 1475 1636 1507; x_wconf 91' lang='lat' dir='ltr'>secundo</span> <span class='ocrx_word' id='word_1_466' title='bbox 1660 1475 1773 1512; x_wconf 91' lang='lat' dir='ltr'>mod0,</span> <span class='ocrx_word' id='word_1_467' title='bbox 1798 1482 1834 1507; x_wconf 94' lang='lat' dir='ltr'>ut</span> <span class='ocrx_word' id='word_1_468' title='bbox 1858 1486 1895 1507; x_wconf 83' lang='lat' dir='ltr'>ex</span> <span class='ocrx_word' id='word_1_469' title='bbox 1919 1477 2024 1508; x_wconf 88' lang='lat' dir='ltr'>verbis</span> <span class='ocrx_word' id='word_1_470' title='bbox 2048 1477 2117 1508; x_wconf 86' lang='lat' dir='ltr'>eius</span> <span class='ocrx_word' id='word_1_471' title='bbox 2141 1483 2284 1518; x_wconf 87' lang='lat' dir='ltr'>apparet.</span> 
     </span>
    </p>
   </div>
   <div class='ocr_carea' id='block_1_11' title="bbox 1335 1575 1434 1618">
    <p class='ocr_par' dir='ltr' id='par_1_16' title="bbox 1335 1575 1434 1618">
     <span class='ocr_line' id='line_1_59' title="bbox 1335 1575 1434 1618; baseline 0 -30"><span class='ocrx_word' id='word_1_472' title='bbox 1335 1584 1342 1608; x_wconf 59' lang='grc' dir='ltr'>Ξ</span> <span class='ocrx_word' id='word_1_473' title='bbox 1357 1575 1409 1618; x_wconf 57' lang='lat' dir='ltr'>as·</span> <span class='ocrx_word' id='word_1_474' title='bbox 1418 1584 1434 1607; x_wconf 58' lang='grc' dir='ltr'><strong>Ξ</strong></span> 
     </span>
    </p>
   </div>
   <div class='ocr_carea' id='block_1_12' title="bbox 673 1734 2092 1791">
    <p class='ocr_par' dir='ltr' id='par_1_17' title="bbox 673 1734 2092 1791">
     <span class='ocr_line' id='line_1_60' title="bbox 673 1734 2092 1791; baseline 0.001 -2"><span class='ocrx_word' id='word_1_475' title='bbox 673 1734 1160 1791; x_wconf 84' lang='lat' dir='ltr'><strong>CAPITULUM</strong></span> <span class='ocrx_word' id='word_1_476' title='bbox 1197 1735 1673 1791; x_wconf 83' lang='lat' dir='ltr'><strong>VIGESIMUM</strong></span> <span class='ocrx_word' id='word_1_477' title='bbox 1711 1734 2092 1791; x_wconf 82' lang='lat' dir='ltr'>TERTIUM</span> 
     </span>
    </p>
   </div>
   <div class='ocr_carea' id='block_1_13' title="bbox 522 1858 2241 2000">
    <p class='ocr_par' dir='ltr' id='par_1_18' title="bbox 522 1858 2241 2000">
     <span class='ocr_line' id='line_1_61' title="bbox 1253 1858 1507 1898; baseline 0 -10"><span class='ocrx_word' id='word_1_478' title='bbox 1253 1859 1282 1888; x_wconf 86' lang='lat' dir='ltr'>A</span> <span class='ocrx_word' id='word_1_479' title='bbox 1319 1858 1388 1889; x_wconf 81' lang='lat' dir='ltr'>33r</span> <span class='ocrx_word' id='word_1_480' title='bbox 1423 1866 1507 1898; x_wconf 60' lang='grc' dir='ltr'>εις).</span> 
     </span>
     <span class='ocr_line' id='line_1_62' title="bbox 522 1947 2241 2000; baseline -0.001 -10"><span class='ocrx_word' id='word_1_481' title='bbox 522 1949 697 2000; x_wconf 71' lang='lat' dir='ltr'>QUOD</span> <span class='ocrx_word' id='word_1_482' title='bbox 744 1948 907 1990; x_wconf 88' lang='lat' dir='ltr'><strong>DEUS</strong></span> <span class='ocrx_word' id='word_1_483' title='bbox 952 1948 1083 1988; x_wconf 94' lang='lat' dir='ltr'>NON</span> <span class='ocrx_word' id='word_1_484' title='bbox 1129 1948 1301 1988; x_wconf 87' lang='lat' dir='ltr'>AGAT</span> <span class='ocrx_word' id='word_1_485' title='bbox 1344 1947 1424 1988; x_wconf 90' lang='lat' dir='ltr'>EX</span> <span class='ocrx_word' id='word_1_486' title='bbox 1468 1947 1895 1989; x_wconf 86' lang='lat' dir='ltr'><strong>NECESSITATE</strong></span> <span class='ocrx_word' id='word_1_487' title='bbox 1938 1947 2241 1990; x_wconf 92' lang='lat' dir='ltr'>NATURAE</span> 
     </span>
    </p>
   </div>
   <div class='ocr_carea' id='block_1_14' title="bbox 296 2059 1350 2270">
    <p class='ocr_par' dir='ltr' id='par_1_19' title="bbox 296 2059 1350 2270">
     <span class='ocr_line' id='line_1_63' title="bbox 411 2059 1350 2110; baseline 0.002 -14.882"><span class='ocrx_word' id='word_1_488' title='bbox 411 2095 416 2103; x_wconf 78' lang='grc'><em>,</em></span> <span class='ocrx_word' id='word_1_489' title='bbox 461 2083 465 2102; x_wconf 59' lang='grc' dir='ltr'>ς</span> <span class='ocrx_word' id='word_1_490' title='bbox 484 2072 506 2097; x_wconf 87' lang='lat' dir='ltr'>x</span> <span class='ocrx_word' id='word_1_491' title='bbox 530 2060 607 2097; x_wconf 91' lang='lat' dir='ltr'>hoc</span> <span class='ocrx_word' id='word_1_492' title='bbox 630 2067 762 2096; x_wconf 89' lang='lat' dir='ltr'>autem</span> <span class='ocrx_word' id='word_1_493' title='bbox 781 2059 996 2097; x_wconf 88' lang='lat' dir='ltr'>ostenditur</span> <span class='ocrx_word' id='word_1_494' title='bbox 1015 2060 1123 2110; x_wconf 93' lang='lat' dir='ltr'>quod</span> <span class='ocrx_word' id='word_1_495' title='bbox 1147 2060 1256 2097; x_wconf 88' lang='lat' dir='ltr'>Deus</span> <span class='ocrx_word' id='word_1_496' title='bbox 1275 2059 1350 2109; x_wconf 91' lang='lat' dir='ltr'>agit</span> 
     </span>
     <span class='ocr_line' id='line_1_64' title="bbox 296 2112 1348 2163; baseline -0.004 -9"><span class='ocrx_word' id='word_1_497' title='bbox 296 2134 305 2141; x_wconf 65' lang='lat'><strong><em>„</em></strong></span> <span class='ocrx_word' id='word_1_498' title='bbox 497 2113 536 2150; x_wconf 90' lang='lat' dir='ltr'>in</span> <span class='ocrx_word' id='word_1_499' title='bbox 565 2113 748 2150; x_wconf 88' lang='lat' dir='ltr'>creaturis</span> <span class='ocrx_word' id='word_1_500' title='bbox 777 2125 858 2150; x_wconf 92' lang='lat' dir='ltr'>non</span> <span class='ocrx_word' id='word_1_501' title='bbox 887 2125 958 2163; x_wconf 93' lang='lat' dir='ltr'>per</span> <span class='ocrx_word' id='word_1_502' title='bbox 985 2112 1252 2150; x_wconf 89' lang='lat' dir='ltr'>necessitatem</span> <span class='ocrx_word' id='word_1_503' title='bbox 1282 2125 1348 2150; x_wconf 90' lang='lat' dir='ltr'>na-</span> 
     </span>
     <span class='ocr_line' id='line_1_65' title="bbox 344 2160 1292 2216; baseline -0.002 -10.096"><span class='ocrx_word' id='word_1_504' title='bbox 344 2160 459 2216; x_wconf 45' lang='lat'>5:52⁴?-</span> <span class='ocrx_word' id='word_1_505' title='bbox 497 2174 616 2211; x_wconf 88' lang='lat' dir='ltr'>turae‚</span> <span class='ocrx_word' id='word_1_506' title='bbox 647 2166 714 2203; x_wconf 92' lang='lat' dir='ltr'>sed</span> <span class='ocrx_word' id='word_1_507' title='bbox 743 2178 814 2216; x_wconf 92' lang='lat' dir='ltr'>per</span> <span class='ocrx_word' id='word_1_508' title='bbox 841 2165 1042 2204; x_wconf 92' lang='lat' dir='ltr'>arbitrium</span> <span class='ocrx_word' id='word_1_509' title='bbox 1071 2166 1292 2204; x_wconf 89' lang='lat' dir='ltr'>voluntatis.</span> 
     </span>
     <span class='ocr_line' id='line_1_66' title="bbox 297 2211 1349 2270; baseline -0.001 -12"><span class='ocrx_word' id='word_1_510' title='bbox 297 2220 314 2247; x_wconf 62' lang='lat' dir='ltr'>t·</span> <span class='ocrx_word' id='word_1_511' title='bbox 359 2230 383 2239; x_wconf 90' lang='lat'>··</span> <span class='ocrx_word' id='word_1_512' title='bbox 399 2211 466 2239; x_wconf 66' lang='grc' dir='ltr'>Ὁ)</span> <span class='ocrx_word' id='word_1_513' title='bbox 551 2219 692 2257; x_wconf 90' lang='lat' dir='ltr'>Omnis</span> <span class='ocrx_word' id='word_1_514' title='bbox 712 2219 818 2256; x_wconf 90' lang='lat' dir='ltr'>enim</span> <span class='ocrx_word' id='word_1_515' title='bbox 833 2219 978 2268; x_wconf 86' lang='lat' dir='ltr'>agentis</span> <span class='ocrx_word' id='word_1_516' title='bbox 997 2232 1067 2270; x_wconf 91' lang='lat' dir='ltr'>per</span> <span class='ocrx_word' id='word_1_517' title='bbox 1081 2219 1349 2258; x_wconf 87' lang='lat' dir='ltr'>necessitatem</span> 
     </span>
    </p>
   </div>
   <div class='ocr_carea' id='block_1_15' title="bbox 275 2060 478 2262">
    <p class='ocr_par' dir='ltr' id='par_1_20' title="bbox 275 2060 478 2262">
     <span class='ocr_line' id='line_1_67' title="bbox 275 2060 478 2262; baseline 0 0"><span class='ocrx_word' id='word_1_518' title='bbox 275 2060 478 2262; x_wconf 95' lang='lat' dir='ltr'>  </span> 
     </span>
    </p>
   </div>
   <div class='ocr_carea' id='block_1_16' title="bbox 1404 2059 2486 2273">
    <p class='ocr_par' dir='ltr' id='par_1_21' title="bbox 1404 2059 2486 2273">
     <span class='ocr_line' id='line_1_68' title="bbox 1405 2059 2486 2112; baseline 0.003 -15"><span class='ocrx_word' id='word_1_519' title='bbox 1405 2060 1511 2098; x_wconf 90' lang='lat' dir='ltr'>enim</span> <span class='ocrx_word' id='word_1_520' title='bbox 1539 2072 1657 2109; x_wconf 87' lang='lat' dir='ltr'>agens</span> <span class='ocrx_word' id='word_1_521' title='bbox 1685 2060 1760 2109; x_wconf 84' lang='lat' dir='ltr'>agit</span> <span class='ocrx_word' id='word_1_522' title='bbox 1788 2059 1861 2098; x_wconf 91' lang='lat' dir='ltr'>sibi</span> <span class='ocrx_word' id='word_1_523' title='bbox 1889 2060 2024 2098; x_wconf 91' lang='lat' dir='ltr'>simile.</span> <span class='ocrx_word' id='word_1_524' title='bbox 2056 2061 2187 2099; x_wconf 88' lang='lat' dir='ltr'>Omne</span> <span class='ocrx_word' id='word_1_525' title='bbox 2216 2069 2348 2100; x_wconf 89' lang='lat' dir='ltr'>autem</span> <span class='ocrx_word' id='word_1_526' title='bbox 2376 2061 2486 2112; x_wconf 91' lang='lat' dir='ltr'>quod</span> 
     </span>
     <span class='ocr_line' id='line_1_69' title="bbox 1405 2113 2484 2166; baseline 0.004 -16"><span class='ocrx_word' id='word_1_527' title='bbox 1405 2121 1462 2151; x_wconf 90' lang='lat' dir='ltr'>est</span> <span class='ocrx_word' id='word_1_528' title='bbox 1490 2113 1529 2151; x_wconf 94' lang='lat' dir='ltr'>in</span> <span class='ocrx_word' id='word_1_529' title='bbox 1558 2115 1689 2160; x_wconf 85' lang='lat' dir='ltr'>altero,</span> <span class='ocrx_word' id='word_1_530' title='bbox 1719 2121 1775 2151; x_wconf 90' lang='lat' dir='ltr'>est</span> <span class='ocrx_word' id='word_1_531' title='bbox 1803 2114 1842 2152; x_wconf 91' lang='lat' dir='ltr'>in</span> <span class='ocrx_word' id='word_1_532' title='bbox 1871 2126 1919 2151; x_wconf 91' lang='lat' dir='ltr'>eo</span> <span class='ocrx_word' id='word_1_533' title='bbox 1947 2126 2019 2164; x_wconf 92' lang='lat' dir='ltr'>per</span> <span class='ocrx_word' id='word_1_534' title='bbox 2045 2115 2212 2152; x_wconf 91' lang='lat' dir='ltr'>modum</span> <span class='ocrx_word' id='word_1_535' title='bbox 2237 2114 2320 2153; x_wconf 90' lang='lat' dir='ltr'>eius</span> <span class='ocrx_word' id='word_1_536' title='bbox 2344 2114 2383 2153; x_wconf 90' lang='lat' dir='ltr'>in</span> <span class='ocrx_word' id='word_1_537' title='bbox 2402 2127 2484 2166; x_wconf 91' lang='lat' dir='ltr'>quo</span> 
     </span>
     <span class='ocr_line' id='line_1_70' title="bbox 1405 2167 2484 2218; baseline 0.003 -14"><span class='ocrx_word' id='word_1_538' title='bbox 1405 2174 1471 2204; x_wconf 87' lang='lat' dir='ltr'>est.</span> <span class='ocrx_word' id='word_1_539' title='bbox 1495 2167 1599 2205; x_wconf 92' lang='lat' dir='ltr'>Cum</span> <span class='ocrx_word' id='word_1_540' title='bbox 1618 2167 1733 2216; x_wconf 85' lang='lat' dir='ltr'>igitur</span> <span class='ocrx_word' id='word_1_541' title='bbox 1751 2167 1859 2206; x_wconf 90' lang='lat' dir='ltr'>Deus</span> <span class='ocrx_word' id='word_1_542' title='bbox 1887 2167 1934 2205; x_wconf 87' lang='lat' dir='ltr'>sit</span> <span class='ocrx_word' id='word_1_543' title='bbox 1961 2179 2033 2218; x_wconf 91' lang='lat' dir='ltr'>per</span> <span class='ocrx_word' id='word_1_544' title='bbox 2060 2167 2266 2206; x_wconf 89' lang='lat' dir='ltr'>essentiam</span> <span class='ocrx_word' id='word_1_545' title='bbox 2294 2181 2409 2207; x_wconf 89' lang='lat' dir='ltr'>suam</span> <span class='ocrx_word' id='word_1_546' title='bbox 2427 2169 2484 2207; x_wconf 92' lang='lat' dir='ltr'>in-</span> 
     </span>
     <span class='ocr_line' id='line_1_71' title="bbox 1404 2220 2484 2273; baseline 0.003 -15"><span class='ocrx_word' id='word_1_547' title='bbox 1404 2220 1586 2269; x_wconf 88' lang='lat' dir='ltr'>telligens,</span> <span class='ocrx_word' id='word_1_548' title='bbox 1616 2229 1659 2258; x_wconf 94' lang='lat' dir='ltr'>ut</span> <span class='ocrx_word' id='word_1_549' title='bbox 1686 2233 1805 2270; x_wconf 88' lang='lat' dir='ltr'>supra</span> <span class='ocrx_word' id='word_1_550' title='bbox 1824 2221 1844 2243; x_wconf 83' lang='grc'>*</span> <span class='ocrx_word' id='word_1_551' title='bbox 1871 2221 2082 2271; x_wconf 90' lang='lat' dir='ltr'>probatum</span> <span class='ocrx_word' id='word_1_552' title='bbox 2111 2229 2178 2268; x_wconf 88' lang='lat' dir='ltr'>est,</span> <span class='ocrx_word' id='word_1_553' title='bbox 2198 2230 2351 2272; x_wconf 91' lang='lat' dir='ltr'>oportet</span> <span class='ocrx_word' id='word_1_554' title='bbox 2374 2222 2484 2273; x_wconf 92' lang='lat' dir='ltr'>quod</span> 
     </span>
    </p>
   </div>
   <div class='ocr_carea' id='block_1_17' title="bbox 273 2272 2484 2325">
    <p class='ocr_par' dir='ltr' id='par_1_22' title="bbox 273 2272 2484 2325">
     <span class='ocr_line' id='line_1_72' title="bbox 273 2272 2484 2325; baseline 0.002 -16"><span class='ocrx_word' id='word_1_555' title='bbox 273 2280 432 2310; x_wconf 89' lang='lat' dir='ltr'>naturae</span> <span class='ocrx_word' id='word_1_556' title='bbox 456 2272 576 2310; x_wconf 90' lang='lat' dir='ltr'>virtus</span> <span class='ocrx_word' id='word_1_557' title='bbox 605 2272 884 2310; x_wconf 87' lang='lat' dir='ltr'>determinatur</span> <span class='ocrx_word' id='word_1_558' title='bbox 911 2274 960 2311; x_wconf 91' lang='lat' dir='ltr'>ad</span> <span class='ocrx_word' id='word_1_559' title='bbox 989 2285 1117 2311; x_wconf 91' lang='lat' dir='ltr'>unum</span> <span class='ocrx_word' id='word_1_560' title='bbox 1151 2274 1346 2311; x_wconf 87' lang='lat' dir='ltr'>effectum.</span> <span class='ocrx_word' id='word_1_561' title='bbox 1372 2292 1381 2312; x_wconf 74' lang='grc' dir='ltr'><strong>ς</strong></span> <span class='ocrx_word' id='word_1_562' title='bbox 1405 2273 1616 2312; x_wconf 88' lang='lat' dir='ltr'>similitudo</span> <span class='ocrx_word' id='word_1_563' title='bbox 1645 2274 1805 2312; x_wconf 86' lang='lat' dir='ltr'>effectus</span> <span class='ocrx_word' id='word_1_564' title='bbox 1833 2274 1894 2312; x_wconf 90' lang='lat' dir='ltr'>sui</span> <span class='ocrx_word' id='word_1_565' title='bbox 1922 2274 1969 2312; x_wconf 92' lang='lat' dir='ltr'>sit</span> <span class='ocrx_word' id='word_1_566' title='bbox 1996 2274 2036 2312; x_wconf 90' lang='lat' dir='ltr'>in</span> <span class='ocrx_word' id='word_1_567' title='bbox 2065 2287 2113 2312; x_wconf 91' lang='lat' dir='ltr'>eo</span> <span class='ocrx_word' id='word_1_568' title='bbox 2140 2287 2212 2325; x_wconf 90' lang='lat' dir='ltr'>per</span> <span class='ocrx_word' id='word_1_569' title='bbox 2239 2276 2407 2314; x_wconf 89' lang='lat' dir='ltr'>modum</span> <span class='ocrx_word' id='word_1_570' title='bbox 2426 2275 2484 2314; x_wconf 87' lang='lat' dir='ltr'>in-</span> 
     </span>
    </p>
   </div>
   <div class='ocr_carea' id='block_1_18' title="bbox 2511 2220 2726 2249">
    <p class='ocr_par' dir='ltr' id='par_1_23' title="bbox 2511 2220 2726 2249">
     <span class='ocr_line' id='line_1_73' title="bbox 2511 2220 2726 2249; baseline 0 -6"><span class='ocrx_word' id='word_1_571' title='bbox 2511 2222 2521 2231; x_wconf 86' lang='lat'>&#39;</span> <span class='ocrx_word' id='word_1_572' title='bbox 2529 2221 2582 2243; x_wconf 77' lang='lat' dir='ltr'>Lib.</span> <span class='ocrx_word' id='word_1_573' title='bbox 2589 2220 2608 2248; x_wconf 79' lang='lat'>1,</span> <span class='ocrx_word' id='word_1_574' title='bbox 2615 2226 2726 2249; x_wconf 51' lang='lat' dir='ltr'>eamn-v.</span> 
     </span>
    </p>
   </div>
   <div class='ocr_carea' id='block_1_19' title="bbox 273 2325 2544 2378">
    <p class='ocr_par' dir='ltr' id='par_1_24' title="bbox 273 2325 2544 2378">
     <span class='ocr_line' id='line_1_74' title="bbox 273 2325 2544 2378; baseline 0.002 -16"><span class='ocrx_word' id='word_1_575' title='bbox 273 2326 322 2363; x_wconf 90' lang='lat' dir='ltr'>Et</span> <span class='ocrx_word' id='word_1_576' title='bbox 349 2325 438 2363; x_wconf 77' lang='lat' dir='ltr'>Inde</span> <span class='ocrx_word' id='word_1_577' title='bbox 467 2334 522 2363; x_wconf 92' lang='lat' dir='ltr'>est</span> <span class='ocrx_word' id='word_1_578' title='bbox 550 2326 658 2375; x_wconf 92' lang='lat' dir='ltr'>quod</span> <span class='ocrx_word' id='word_1_579' title='bbox 687 2326 821 2364; x_wconf 89' lang='lat' dir='ltr'>omnia</span> <span class='ocrx_word' id='word_1_580' title='bbox 857 2326 1045 2364; x_wconf 89' lang='lat' dir='ltr'>naturalia</span> <span class='ocrx_word' id='word_1_581' title='bbox 1073 2338 1229 2376; x_wconf 89' lang='lat' dir='ltr'>semper</span> <span class='ocrx_word' id='word_1_582' title='bbox 1260 2339 1349 2364; x_wconf 91' lang='lat' dir='ltr'>eve·</span> <span class='ocrx_word' id='word_1_583' title='bbox 1404 2327 1649 2376; x_wconf 85' lang='lat' dir='ltr'>telligibilem.</span> <span class='ocrx_word' id='word_1_584' title='bbox 1679 2327 1796 2377; x_wconf 86' lang='lat' dir='ltr'>Igitur</span> <span class='ocrx_word' id='word_1_585' title='bbox 1814 2340 1885 2378; x_wconf 88' lang='lat' dir='ltr'>per</span> <span class='ocrx_word' id='word_1_586' title='bbox 1903 2328 2139 2366; x_wconf 87' lang='lat' dir='ltr'>intellectum</span> <span class='ocrx_word' id='word_1_587' title='bbox 2159 2328 2244 2378; x_wconf 84' lang='lat' dir='ltr'>agit.</span> <span class='ocrx_word' id='word_1_588' title='bbox 2267 2330 2483 2367; x_wconf 89' lang='lat' dir='ltr'>Intellectus</span> <span class='ocrx_word' id='word_1_589' title='bbox 2542 2363 2544 2366; x_wconf 76' lang='grc'>,</span> 
     </span>
    </p>
   </div>
   <div class='ocr_carea' id='block_1_20' title="bbox 272 2379 2483 2591">
    <p class='ocr_par' dir='ltr' id='par_1_25' title="bbox 272 2379 2483 2591">
     <span class='ocr_line' id='line_1_75' title="bbox 273 2379 2482 2431; baseline 0.002 -15"><span class='ocrx_word' id='word_1_590' title='bbox 273 2379 385 2416; x_wconf 89' lang='lat' dir='ltr'>niunt</span> <span class='ocrx_word' id='word_1_591' title='bbox 413 2380 554 2417; x_wconf 91' lang='lat' dir='ltr'>eodem</span> <span class='ocrx_word' id='word_1_592' title='bbox 578 2380 712 2425; x_wconf 89' lang='lat' dir='ltr'>modo,</span> <span class='ocrx_word' id='word_1_593' title='bbox 732 2379 807 2417; x_wconf 91' lang='lat' dir='ltr'>nisi</span> <span class='ocrx_word' id='word_1_594' title='bbox 826 2379 872 2416; x_wconf 94' lang='lat' dir='ltr'>sit</span> <span class='ocrx_word' id='word_1_595' title='bbox 891 2379 1237 2429; x_wconf 88' lang='lat' dir='ltr'>impedimentum:</span> <span class='ocrx_word' id='word_1_596' title='bbox 1267 2392 1348 2418; x_wconf 93' lang='lat' dir='ltr'>non</span> <span class='ocrx_word' id='word_1_597' title='bbox 1404 2388 1536 2419; x_wconf 89' lang='lat' dir='ltr'>autem</span> <span class='ocrx_word' id='word_1_598' title='bbox 1565 2393 1646 2418; x_wconf 92' lang='lat' dir='ltr'>non</span> <span class='ocrx_word' id='word_1_599' title='bbox 1675 2381 1751 2430; x_wconf 88' lang='lat' dir='ltr'>agit</span> <span class='ocrx_word' id='word_1_600' title='bbox 1778 2380 1949 2431; x_wconf 88' lang='lat' dir='ltr'>aliquem</span> <span class='ocrx_word' id='word_1_601' title='bbox 1973 2381 2157 2419; x_wconf 86' lang='lat' dir='ltr'>effectum</span> <span class='ocrx_word' id='word_1_602' title='bbox 2185 2381 2257 2419; x_wconf 90' lang='lat' dir='ltr'>nisi</span> <span class='ocrx_word' id='word_1_603' title='bbox 2286 2381 2482 2420; x_wconf 88' lang='lat' dir='ltr'>mediante</span> 
     </span>
     <span class='ocr_line' id='line_1_76' title="bbox 273 2432 2481 2482; baseline 0.002 -13"><span class='ocrx_word' id='word_1_604' title='bbox 273 2439 404 2470; x_wconf 88' lang='lat' dir='ltr'>autem</span> <span class='ocrx_word' id='word_1_605' title='bbox 433 2432 659 2471; x_wconf 88' lang='lat' dir='ltr'>voluntaria.</span> <span class='ocrx_word' id='word_1_606' title='bbox 690 2432 833 2470; x_wconf 90' lang='lat' dir='ltr'>Divina</span> <span class='ocrx_word' id='word_1_607' title='bbox 852 2441 983 2470; x_wconf 89' lang='lat' dir='ltr'>autem</span> <span class='ocrx_word' id='word_1_608' title='bbox 1004 2433 1126 2470; x_wconf 91' lang='lat' dir='ltr'>virtus</span> <span class='ocrx_word' id='word_1_609' title='bbox 1145 2445 1226 2471; x_wconf 93' lang='lat' dir='ltr'>non</span> <span class='ocrx_word' id='word_1_610' title='bbox 1247 2433 1348 2470; x_wconf 90' lang='lat' dir='ltr'>ordi·</span> <span class='ocrx_word' id='word_1_611' title='bbox 1403 2435 1613 2480; x_wconf 87' lang='lat' dir='ltr'>voluntate,</span> <span class='ocrx_word' id='word_1_612' title='bbox 1634 2434 1746 2472; x_wconf 91' lang='lat' dir='ltr'>cuius</span> <span class='ocrx_word' id='word_1_613' title='bbox 1765 2434 1962 2472; x_wconf 90' lang='lat' dir='ltr'>obiectum</span> <span class='ocrx_word' id='word_1_614' title='bbox 1982 2442 2039 2472; x_wconf 91' lang='lat' dir='ltr'>est</span> <span class='ocrx_word' id='word_1_615' title='bbox 2057 2435 2210 2473; x_wconf 90' lang='lat' dir='ltr'>bonum</span> <span class='ocrx_word' id='word_1_616' title='bbox 2234 2435 2481 2482; x_wconf 89' lang='lat' dir='ltr'>intellectum,</span> 
     </span>
     <span class='ocr_line' id='line_1_77' title="bbox 272 2486 2483 2540; baseline 0.002 -17"><span class='ocrx_word' id='word_1_617' title='bbox 272 2493 387 2523; x_wconf 90' lang='lat' dir='ltr'>natur</span> <span class='ocrx_word' id='word_1_618' title='bbox 405 2486 454 2524; x_wconf 88' lang='lat' dir='ltr'>ad</span> <span class='ocrx_word' id='word_1_619' title='bbox 469 2498 595 2524; x_wconf 89' lang='lat' dir='ltr'>unum</span> <span class='ocrx_word' id='word_1_620' title='bbox 615 2486 799 2524; x_wconf 88' lang='lat' dir='ltr'>effectum</span> <span class='ocrx_word' id='word_1_621' title='bbox 819 2494 982 2532; x_wconf 87' lang='lat' dir='ltr'>tantum,</span> <span class='ocrx_word' id='word_1_622' title='bbox 998 2494 1039 2524; x_wconf 89' lang='lat' dir='ltr'>ut</span> <span class='ocrx_word' id='word_1_623' title='bbox 1059 2486 1206 2536; x_wconf 79' lang='lat' dir='ltr'>supra*</span> <span class='ocrx_word' id='word_1_624' title='bbox 1221 2494 1347 2524; x_wconf 90' lang='lat' dir='ltr'>osten·</span> <span class='ocrx_word' id='word_1_625' title='bbox 1403 2487 1512 2537; x_wconf 92' lang='lat' dir='ltr'>quod</span> <span class='ocrx_word' id='word_1_626' title='bbox 1542 2495 1675 2525; x_wconf 90' lang='lat' dir='ltr'>movet</span> <span class='ocrx_word' id='word_1_627' title='bbox 1703 2496 1882 2537; x_wconf 87' lang='lat' dir='ltr'>agentem</span> <span class='ocrx_word' id='word_1_628' title='bbox 1920 2496 1963 2526; x_wconf 90' lang='lat' dir='ltr'>ut</span> <span class='ocrx_word' id='word_1_629' title='bbox 1998 2487 2098 2526; x_wconf 86' lang='lat' dir='ltr'>finis.</span> <span class='ocrx_word' id='word_1_630' title='bbox 2136 2489 2244 2526; x_wconf 91' lang='lat' dir='ltr'>Deus</span> <span class='ocrx_word' id='word_1_631' title='bbox 2272 2488 2386 2538; x_wconf 85' lang='lat' dir='ltr'>igitur</span> <span class='ocrx_word' id='word_1_632' title='bbox 2411 2501 2483 2540; x_wconf 87' lang='lat' dir='ltr'>per</span> 
     </span>
     <span class='ocr_line' id='line_1_78' title="bbox 273 2539 2480 2591; baseline 0.002 -15"><span class='ocrx_word' id='word_1_633' title='bbox 273 2552 362 2576; x_wconf 91' lang='lat' dir='ltr'>sum</span> <span class='ocrx_word' id='word_1_634' title='bbox 390 2547 456 2576; x_wconf 91' lang='lat' dir='ltr'>est.</span> <span class='ocrx_word' id='word_1_635' title='bbox 487 2540 594 2577; x_wconf 90' lang='lat' dir='ltr'>Deus</span> <span class='ocrx_word' id='word_1_636' title='bbox 623 2539 736 2588; x_wconf 86' lang='lat' dir='ltr'>igitur</span> <span class='ocrx_word' id='word_1_637' title='bbox 764 2551 845 2577; x_wconf 90' lang='lat' dir='ltr'>non</span> <span class='ocrx_word' id='word_1_638' title='bbox 874 2539 948 2588; x_wconf 87' lang='lat' dir='ltr'>agit</span> <span class='ocrx_word' id='word_1_639' title='bbox 976 2552 1046 2589; x_wconf 88' lang='lat' dir='ltr'>per</span> <span class='ocrx_word' id='word_1_640' title='bbox 1081 2539 1347 2577; x_wconf 88' lang='lat' dir='ltr'>necessitatem</span> <span class='ocrx_word' id='word_1_641' title='bbox 1365 2558 1390 2572; x_wconf 82' lang='lat' dir='ltr'>m</span> <span class='ocrx_word' id='word_1_642' title='bbox 1404 2541 1646 2578; x_wconf 88' lang='lat' dir='ltr'>voluntatem</span> <span class='ocrx_word' id='word_1_643' title='bbox 1675 2541 1760 2590; x_wconf 87' lang='lat' dir='ltr'>agit,</span> <span class='ocrx_word' id='word_1_644' title='bbox 1790 2553 1871 2578; x_wconf 92' lang='lat' dir='ltr'>non</span> <span class='ocrx_word' id='word_1_645' title='bbox 1906 2553 1977 2591; x_wconf 93' lang='lat' dir='ltr'>per</span> <span class='ocrx_word' id='word_1_646' title='bbox 2011 2541 2279 2579; x_wconf 88' lang='lat' dir='ltr'>necessitatem</span> <span class='ocrx_word' id='word_1_647' title='bbox 2307 2550 2480 2581; x_wconf 87' lang='lat' dir='ltr'>naturae.</span> 
     </span>
    </p>
   </div>
   <div class='ocr_carea' id='block_1_21' title="bbox 271 2593 1350 3494">
    <p class='ocr_par' dir='ltr' id='par_1_26' title="bbox 272 2593 921 2642">
     <span class='ocr_line' id='line_1_79' title="bbox 272 2593 921 2642; baseline 0 -13"><span class='ocrx_word' id='word_1_648' title='bbox 272 2600 442 2638; x_wconf 90' lang='lat' dir='ltr'>naturae,</span> <span class='ocrx_word' id='word_1_649' title='bbox 471 2593 539 2630; x_wconf 90' lang='lat' dir='ltr'>sed</span> <span class='ocrx_word' id='word_1_650' title='bbox 568 2605 638 2642; x_wconf 91' lang='lat' dir='ltr'>per</span> <span class='ocrx_word' id='word_1_651' title='bbox 665 2594 921 2631; x_wconf 87' lang='lat' dir='ltr'>voluntatem.</span> 
     </span>
    </p>

    <p class='ocr_par' dir='ltr' id='par_1_27' title="bbox 271 2645 1350 3388">
     <span class='ocr_line' id='line_1_80' title="bbox 325 2645 1347 2696; baseline 0 -13"><span class='ocrx_word' id='word_1_652' title='bbox 325 2646 476 2683; x_wconf 92' lang='lat' dir='ltr'>Adhuc.</span> <span class='ocrx_word' id='word_1_653' title='bbox 516 2646 717 2696; x_wconf 90' lang='lat' dir='ltr'>Quicquid</span> <span class='ocrx_word' id='word_1_654' title='bbox 754 2658 836 2683; x_wconf 91' lang='lat' dir='ltr'>non</span> <span class='ocrx_word' id='word_1_655' title='bbox 871 2646 1041 2695; x_wconf 89' lang='lat' dir='ltr'>implicat</span> <span class='ocrx_word' id='word_1_656' title='bbox 1078 2645 1347 2684; x_wconf 91' lang='lat' dir='ltr'>contradictio-</span> 
     </span>
     <span class='ocr_line' id='line_1_81' title="bbox 271 2699 1344 2749; baseline 0 -13"><span class='ocrx_word' id='word_1_657' title='bbox 271 2711 374 2745; x_wconf 91' lang='lat' dir='ltr'>nem,</span> <span class='ocrx_word' id='word_1_658' title='bbox 395 2699 526 2737; x_wconf 86' lang='lat' dir='ltr'>subest</span> <span class='ocrx_word' id='word_1_659' title='bbox 545 2699 701 2737; x_wconf 87' lang='lat' dir='ltr'>divinae</span> <span class='ocrx_word' id='word_1_660' title='bbox 729 2699 935 2749; x_wconf 89' lang='lat' dir='ltr'>potentiae,</span> <span class='ocrx_word' id='word_1_661' title='bbox 957 2707 999 2736; x_wconf 92' lang='lat' dir='ltr'>ut</span> <span class='ocrx_word' id='word_1_662' title='bbox 1019 2708 1219 2737; x_wconf 90' lang='lat' dir='ltr'>ostensum</span> <span class='ocrx_word' id='word_1_663' title='bbox 1239 2707 1295 2736; x_wconf 92' lang='lat' dir='ltr'>est</span> <span class='ocrx_word' id='word_1_664' title='bbox 1313 2699 1344 2736; x_wconf 70' lang='lat'>²⁸.</span> 
     </span>
     <span class='ocr_line' id='line_1_82' title="bbox 271 2752 1346 2802; baseline 0 -12"><span class='ocrx_word' id='word_1_665' title='bbox 271 2753 394 2790; x_wconf 90' lang='lat' dir='ltr'>Multa</span> <span class='ocrx_word' id='word_1_666' title='bbox 422 2761 553 2790; x_wconf 90' lang='lat' dir='ltr'>autem</span> <span class='ocrx_word' id='word_1_667' title='bbox 582 2765 662 2790; x_wconf 92' lang='lat' dir='ltr'>non</span> <span class='ocrx_word' id='word_1_668' title='bbox 692 2760 781 2790; x_wconf 92' lang='lat' dir='ltr'>sunt</span> <span class='ocrx_word' id='word_1_669' title='bbox 809 2752 848 2790; x_wconf 93' lang='lat' dir='ltr'>in</span> <span class='ocrx_word' id='word_1_670' title='bbox 878 2753 994 2790; x_wconf 90' lang='lat' dir='ltr'>rebus</span> <span class='ocrx_word' id='word_1_671' title='bbox 1018 2753 1153 2790; x_wconf 89' lang='lat' dir='ltr'>creatis</span> <span class='ocrx_word' id='word_1_672' title='bbox 1173 2765 1273 2802; x_wconf 92' lang='lat' dir='ltr'>quae</span> <span class='ocrx_word' id='word_1_673' title='bbox 1293 2761 1346 2790; x_wconf 94' lang='lat' dir='ltr'>ta-</span> 
     </span>
     <span class='ocr_line' id='line_1_83' title="bbox 271 2805 1344 2856; baseline 0 -13"><span class='ocrx_word' id='word_1_674' title='bbox 271 2818 374 2853; x_wconf 90' lang='lat' dir='ltr'>men,</span> <span class='ocrx_word' id='word_1_675' title='bbox 396 2806 427 2843; x_wconf 90' lang='lat' dir='ltr'>si</span> <span class='ocrx_word' id='word_1_676' title='bbox 447 2813 584 2851; x_wconf 83' lang='lat' dir='ltr'>essent,</span> <span class='ocrx_word' id='word_1_677' title='bbox 605 2805 952 2843; x_wconf 87' lang='lat' dir='ltr'>contradictionem</span> <span class='ocrx_word' id='word_1_678' title='bbox 976 2818 1057 2843; x_wconf 90' lang='lat' dir='ltr'>non</span> <span class='ocrx_word' id='word_1_679' title='bbox 1086 2806 1344 2856; x_wconf 90' lang='lat' dir='ltr'>implicarent:</span> 
     </span>
     <span class='ocr_line' id='line_1_84' title="bbox 272 2859 1347 2909; baseline 0.001 -13"><span class='ocrx_word' id='word_1_680' title='bbox 272 2859 368 2896; x_wconf 88' lang='lat' dir='ltr'>sicut</span> <span class='ocrx_word' id='word_1_681' title='bbox 393 2867 496 2909; x_wconf 90' lang='lat' dir='ltr'>patet</span> <span class='ocrx_word' id='word_1_682' title='bbox 519 2859 728 2909; x_wconf 88' lang='lat' dir='ltr'>praecipue</span> <span class='ocrx_word' id='word_1_683' title='bbox 748 2859 848 2896; x_wconf 88' lang='lat' dir='ltr'>circa</span> <span class='ocrx_word' id='word_1_684' title='bbox 868 2871 1091 2905; x_wconf 89' lang='lat' dir='ltr'>numerum,</span> <span class='ocrx_word' id='word_1_685' title='bbox 1118 2859 1347 2909; x_wconf 87' lang='lat' dir='ltr'>quantitates</span> 
     </span>
     <span class='ocr_line' id='line_1_85' title="bbox 272 2912 1346 2962; baseline 0.001 -13"><span class='ocrx_word' id='word_1_686' title='bbox 272 2920 308 2949; x_wconf 90' lang='lat' dir='ltr'>et</span> <span class='ocrx_word' id='word_1_687' title='bbox 335 2912 532 2950; x_wconf 88' lang='lat' dir='ltr'>distantias</span> <span class='ocrx_word' id='word_1_688' title='bbox 560 2913 757 2950; x_wconf 86' lang='lat' dir='ltr'>stellarum</span> <span class='ocrx_word' id='word_1_689' title='bbox 786 2920 823 2949; x_wconf 87' lang='lat' dir='ltr'>et</span> <span class='ocrx_word' id='word_1_690' title='bbox 858 2912 1024 2950; x_wconf 87' lang='lat' dir='ltr'>aliorum</span> <span class='ocrx_word' id='word_1_691' title='bbox 1053 2925 1277 2962; x_wconf 85' lang='lat' dir='ltr'>corporum,</span> <span class='ocrx_word' id='word_1_692' title='bbox 1307 2913 1346 2950; x_wconf 89' lang='lat' dir='ltr'>in</span> 
     </span>
     <span class='ocr_line' id='line_1_86' title="bbox 272 2965 1346 3015; baseline 0.001 -13"><span class='ocrx_word' id='word_1_693' title='bbox 272 2965 415 3015; x_wconf 91' lang='lat' dir='ltr'>quibus</span> <span class='ocrx_word' id='word_1_694' title='bbox 443 2965 474 3002; x_wconf 90' lang='lat' dir='ltr'>si</span> <span class='ocrx_word' id='word_1_695' title='bbox 503 2965 612 3003; x_wconf 91' lang='lat' dir='ltr'>aliter</span> <span class='ocrx_word' id='word_1_696' title='bbox 639 2977 679 3002; x_wconf 89' lang='lat' dir='ltr'>se</span> <span class='ocrx_word' id='word_1_697' title='bbox 708 2965 868 3002; x_wconf 88' lang='lat' dir='ltr'>haberet</span> <span class='ocrx_word' id='word_1_698' title='bbox 897 2966 994 3002; x_wconf 90' lang='lat' dir='ltr'>ordo</span> <span class='ocrx_word' id='word_1_699' title='bbox 1025 2978 1167 3012; x_wconf 90' lang='lat' dir='ltr'>rerum,</span> <span class='ocrx_word' id='word_1_700' title='bbox 1196 2974 1346 3003; x_wconf 90' lang='lat' dir='ltr'>contra-</span> 
     </span>
     <span class='ocr_line' id='line_1_87' title="bbox 273 3018 1347 3069; baseline 0 -13"><span class='ocrx_word' id='word_1_701' title='bbox 273 3019 387 3056; x_wconf 88' lang='lat' dir='ltr'>dictio</span> <span class='ocrx_word' id='word_1_702' title='bbox 407 3031 489 3056; x_wconf 91' lang='lat' dir='ltr'>non</span> <span class='ocrx_word' id='word_1_703' title='bbox 509 3018 780 3069; x_wconf 90' lang='lat' dir='ltr'>implicaretur.</span> <span class='ocrx_word' id='word_1_704' title='bbox 811 3019 935 3056; x_wconf 89' lang='lat' dir='ltr'>Multa</span> <span class='ocrx_word' id='word_1_705' title='bbox 963 3018 1076 3067; x_wconf 87' lang='lat' dir='ltr'>igitur</span> <span class='ocrx_word' id='word_1_706' title='bbox 1103 3020 1268 3057; x_wconf 91' lang='lat' dir='ltr'>subsunt</span> <span class='ocrx_word' id='word_1_707' title='bbox 1292 3019 1347 3057; x_wconf 92' lang='lat' dir='ltr'>di-</span> 
     </span>
     <span class='ocr_line' id='line_1_88' title="bbox 273 3071 1347 3122; baseline 0.002 -14"><span class='ocrx_word' id='word_1_708' title='bbox 273 3072 385 3110; x_wconf 88' lang='lat' dir='ltr'>vinae</span> <span class='ocrx_word' id='word_1_709' title='bbox 405 3072 535 3110; x_wconf 89' lang='lat' dir='ltr'>virtuti</span> <span class='ocrx_word' id='word_1_710' title='bbox 554 3084 655 3122; x_wconf 84' lang='lat' dir='ltr'>quae</span> <span class='ocrx_word' id='word_1_711' title='bbox 675 3071 715 3109; x_wconf 91' lang='lat' dir='ltr'>in</span> <span class='ocrx_word' id='word_1_712' title='bbox 734 3084 866 3109; x_wconf 88' lang='lat' dir='ltr'>rerum</span> <span class='ocrx_word' id='word_1_713' title='bbox 886 3079 1023 3109; x_wconf 90' lang='lat' dir='ltr'>natura</span> <span class='ocrx_word' id='word_1_714' title='bbox 1043 3084 1123 3110; x_wconf 91' lang='lat' dir='ltr'>non</span> <span class='ocrx_word' id='word_1_715' title='bbox 1143 3072 1347 3110; x_wconf 90' lang='lat' dir='ltr'>inveniun-</span> 
     </span>
     <span class='ocr_line' id='line_1_89' title="bbox 274 3125 1348 3175; baseline 0.001 -13"><span class='ocrx_word' id='word_1_716' title='bbox 274 3133 346 3163; x_wconf 89' lang='lat' dir='ltr'>tur.</span> <span class='ocrx_word' id='word_1_717' title='bbox 368 3125 621 3175; x_wconf 90' lang='lat' dir='ltr'>Quicumque</span> <span class='ocrx_word' id='word_1_718' title='bbox 650 3133 782 3162; x_wconf 88' lang='lat' dir='ltr'>autem</span> <span class='ocrx_word' id='word_1_719' title='bbox 801 3137 941 3162; x_wconf 90' lang='lat' dir='ltr'>eorum</span> <span class='ocrx_word' id='word_1_720' title='bbox 961 3138 1061 3174; x_wconf 87' lang='lat' dir='ltr'>quae</span> <span class='ocrx_word' id='word_1_721' title='bbox 1081 3133 1206 3175; x_wconf 89' lang='lat' dir='ltr'>potest</span> <span class='ocrx_word' id='word_1_722' title='bbox 1225 3126 1348 3163; x_wconf 89' lang='lat' dir='ltr'>facere</span> 
     </span>
     <span class='ocr_line' id='line_1_90' title="bbox 275 3179 1350 3229; baseline 0.001 -14"><span class='ocrx_word' id='word_1_723' title='bbox 275 3179 469 3228; x_wconf 84' lang='lat' dir='ltr'>quaedam</span> <span class='ocrx_word' id='word_1_724' title='bbox 504 3179 591 3216; x_wconf 87' lang='lat' dir='ltr'>facit</span> <span class='ocrx_word' id='word_1_725' title='bbox 629 3186 664 3215; x_wconf 88' lang='lat' dir='ltr'>et</span> <span class='ocrx_word' id='word_1_726' title='bbox 701 3179 897 3228; x_wconf 85' lang='lat' dir='ltr'>quaedam</span> <span class='ocrx_word' id='word_1_727' title='bbox 933 3190 1011 3215; x_wconf 89' lang='lat' dir='ltr'>non</span> <span class='ocrx_word' id='word_1_728' title='bbox 1052 3179 1148 3225; x_wconf 89' lang='lat' dir='ltr'>facit,</span> <span class='ocrx_word' id='word_1_729' title='bbox 1178 3179 1251 3228; x_wconf 90' lang='lat' dir='ltr'>agit</span> <span class='ocrx_word' id='word_1_730' title='bbox 1280 3192 1350 3229; x_wconf 90' lang='lat' dir='ltr'>per</span> 
     </span>
     <span class='ocr_line' id='line_1_91' title="bbox 276 3231 1349 3281; baseline 0.001 -12"><span class='ocrx_word' id='word_1_731' title='bbox 276 3232 503 3269; x_wconf 89' lang='lat' dir='ltr'>electionem</span> <span class='ocrx_word' id='word_1_732' title='bbox 538 3231 757 3277; x_wconf 88' lang='lat' dir='ltr'>voluntatis,</span> <span class='ocrx_word' id='word_1_733' title='bbox 788 3240 824 3268; x_wconf 88' lang='lat' dir='ltr'>et</span> <span class='ocrx_word' id='word_1_734' title='bbox 862 3243 942 3268; x_wconf 90' lang='lat' dir='ltr'>non</span> <span class='ocrx_word' id='word_1_735' title='bbox 978 3244 1048 3281; x_wconf 89' lang='lat' dir='ltr'>per</span> <span class='ocrx_word' id='word_1_736' title='bbox 1083 3232 1349 3270; x_wconf 90' lang='lat' dir='ltr'>necessitatem</span> 
     </span>
     <span class='ocr_line' id='line_1_92' title="bbox 277 3284 1348 3335; baseline 0.002 -14"><span class='ocrx_word' id='word_1_737' title='bbox 277 3293 446 3322; x_wconf 90' lang='lat' dir='ltr'>naturae.</span> <span class='ocrx_word' id='word_1_738' title='bbox 481 3286 588 3323; x_wconf 88' lang='lat' dir='ltr'>Deus</span> <span class='ocrx_word' id='word_1_739' title='bbox 623 3284 735 3334; x_wconf 88' lang='lat' dir='ltr'>igitur</span> <span class='ocrx_word' id='word_1_740' title='bbox 763 3297 844 3322; x_wconf 91' lang='lat' dir='ltr'>non</span> <span class='ocrx_word' id='word_1_741' title='bbox 873 3284 948 3334; x_wconf 88' lang='lat' dir='ltr'>agit</span> <span class='ocrx_word' id='word_1_742' title='bbox 981 3297 1051 3335; x_wconf 92' lang='lat' dir='ltr'>per</span> <span class='ocrx_word' id='word_1_743' title='bbox 1084 3285 1348 3324; x_wconf 87' lang='lat' dir='ltr'>necessitatem</span> 
     </span>
     <span class='ocr_line' id='line_1_93' title="bbox 278 3338 922 3388; baseline 0.002 -14"><span class='ocrx_word' id='word_1_744' title='bbox 278 3346 447 3384; x_wconf 90' lang='lat' dir='ltr'>naturae,</span> <span class='ocrx_word' id='word_1_745' title='bbox 477 3338 544 3375; x_wconf 93' lang='lat' dir='ltr'>sed</span> <span class='ocrx_word' id='word_1_746' title='bbox 572 3351 642 3388; x_wconf 92' lang='lat' dir='ltr'>per</span> <span class='ocrx_word' id='word_1_747' title='bbox 670 3340 922 3376; x_wconf 85' lang='lat' dir='ltr'>voluntatem.</span> 
     </span>
    </p>

    <p class='ocr_par' dir='ltr' id='par_1_28' title="bbox 281 3392 1349 3494">
     <span class='ocr_line' id='line_1_94' title="bbox 331 3392 1348 3441; baseline 0.002 -13"><span class='ocrx_word' id='word_1_748' title='bbox 331 3392 437 3428; x_wconf 90' lang='lat' dir='ltr'>Item.</span> <span class='ocrx_word' id='word_1_749' title='bbox 467 3392 791 3441; x_wconf 91' lang='lat' dir='ltr'>Unumquodque</span> <span class='ocrx_word' id='word_1_750' title='bbox 820 3403 936 3440; x_wconf 83' lang='lat' dir='ltr'>agens</span> <span class='ocrx_word' id='word_1_751' title='bbox 961 3392 1037 3428; x_wconf 92' lang='lat' dir='ltr'>hoc</span> <span class='ocrx_word' id='word_1_752' title='bbox 1056 3392 1178 3429; x_wconf 91' lang='lat' dir='ltr'>modo</span> <span class='ocrx_word' id='word_1_753' title='bbox 1199 3392 1273 3440; x_wconf 84' lang='lat' dir='ltr'>agit</span> <span class='ocrx_word' id='word_1_754' title='bbox 1292 3405 1348 3430; x_wconf 90' lang='lat' dir='ltr'>se-</span> 
     </span>
     <span class='ocr_line' id='line_1_95' title="bbox 281 3444 1349 3494; baseline 0.002 -13"><span class='ocrx_word' id='word_1_755' title='bbox 281 3444 454 3481; x_wconf 90' lang='lat' dir='ltr'>cundum</span> <span class='ocrx_word' id='word_1_756' title='bbox 484 3445 591 3494; x_wconf 93' lang='lat' dir='ltr'>quod</span> <span class='ocrx_word' id='word_1_757' title='bbox 619 3444 831 3482; x_wconf 90' lang='lat' dir='ltr'>similitudo</span> <span class='ocrx_word' id='word_1_758' title='bbox 860 3444 944 3482; x_wconf 85' lang='lat' dir='ltr'>facti</span> <span class='ocrx_word' id='word_1_759' title='bbox 965 3452 1020 3481; x_wconf 88' lang='lat' dir='ltr'>est</span> <span class='ocrx_word' id='word_1_760' title='bbox 1040 3444 1079 3481; x_wconf 90' lang='lat' dir='ltr'>in</span> <span class='ocrx_word' id='word_1_761' title='bbox 1099 3444 1199 3494; x_wconf 89' lang='lat' dir='ltr'>ipso:</span> <span class='ocrx_word' id='word_1_762' title='bbox 1230 3458 1349 3483; x_wconf 90' lang='lat' dir='ltr'>omne</span> 
     </span>
    </p>
   </div>
   <div class='ocr_carea' id='block_1_22' title="bbox 976 3525 1070 3528">
    <p class='ocr_par' dir='ltr' id='par_1_29' title="bbox 976 3525 1070 3528">
     <span class='ocr_line' id='line_1_96' title="bbox 976 3525 1070 3528; baseline 0 0"><span class='ocrx_word' id='word_1_763' title='bbox 976 3525 1070 3528; x_wconf 95' lang='lat' dir='ltr'> </span> 
     </span>
    </p>
   </div>
   <div class='ocr_carea' id='block_1_23' title="bbox 1082 3524 1187 3529">
    <p class='ocr_par' dir='ltr' id='par_1_30' title="bbox 1082 3524 1187 3529">
     <span class='ocr_line' id='line_1_97' title="bbox 1082 3524 1187 3529; baseline 0 0"><span class='ocrx_word' id='word_1_764' title='bbox 1082 3524 1187 3529; x_wconf 95' lang='lat' dir='ltr'> </span> 
     </span>
    </p>
   </div>
   <div class='ocr_carea' id='block_1_24' title="bbox 1202 3526 1285 3529">
    <p class='ocr_par' dir='ltr' id='par_1_31' title="bbox 1202 3526 1285 3529">
     <span class='ocr_line' id='line_1_98' title="bbox 1202 3526 1285 3529; baseline 0 0"><span class='ocrx_word' id='word_1_765' title='bbox 1202 3526 1285 3529; x_wconf 95' lang='lat' dir='ltr'> </span> 
     </span>
    </p>
   </div>
   <div class='ocr_carea' id='block_1_25' title="bbox 282 3558 991 3693">
    <p class='ocr_par' dir='ltr' id='par_1_32' title="bbox 282 3558 991 3616">
     <span class='ocr_line' id='line_1_99' title="bbox 336 3558 991 3589; baseline 0.005 -8"><span class='ocrx_word' id='word_1_766' title='bbox 336 3564 349 3581; x_wconf 85' lang='lat'><em>2</em></span> <span class='ocrx_word' id='word_1_767' title='bbox 370 3564 415 3588; x_wconf 86' lang='lat' dir='ltr'>per</span> <span class='ocrx_word' id='word_1_768' title='bbox 434 3558 615 3583; x_wconf 81' lang='lat' dir='ltr'>necessitatem</span> <span class='ocrx_word' id='word_1_769' title='bbox 634 3559 656 3583; x_wconf 81' lang='grc' dir='ltr'>Α</span> <span class='ocrx_word' id='word_1_770' title='bbox 674 3559 759 3589; x_wconf 69' lang='lat' dir='ltr'>solusg</span> <span class='ocrx_word' id='word_1_771' title='bbox 780 3567 810 3584; x_wconf 89' lang='lat' dir='ltr'>ex</span> <span class='ocrx_word' id='word_1_772' title='bbox 830 3558 991 3584; x_wconf 75' lang='lat' dir='ltr'>necessitate.</span> 
     </span>
     <span class='ocr_line' id='line_1_100' title="bbox 282 3592 383 3616; baseline 0.02 -2"><span class='ocrx_word' id='word_1_773' title='bbox 282 3592 383 3616; x_wconf 84' lang='lat' dir='ltr'>tentiae.</span> 
     </span>
    </p>

    <p class='ocr_par' dir='ltr' id='par_1_33' title="bbox 283 3626 734 3693">
     <span class='ocr_line' id='line_1_101' title="bbox 338 3626 734 3661; baseline 0.008 -10"><span class='ocrx_word' id='word_1_774' title='bbox 338 3626 352 3651; x_wconf 83' lang='lat'><strong>³</strong></span> <span class='ocrx_word' id='word_1_775' title='bbox 371 3626 525 3661; x_wconf 73' lang='lat' dir='ltr'>intelligensl</span> <span class='ocrx_word' id='word_1_776' title='bbox 545 3628 689 3654; x_wconf 83' lang='lat' dir='ltr'>intellectus</span> <span class='ocrx_word' id='word_1_777' title='bbox 709 3637 734 3654; x_wconf 81' lang='grc' dir='ltr'>α.</span> 
     </span>
     <span class='ocr_line' id='line_1_102' title="bbox 283 3663 545 3693; baseline 0.008 -7"><span class='ocrx_word' id='word_1_778' title='bbox 283 3666 403 3693; x_wconf 84' lang='lat' dir='ltr'>operatur</span> <span class='ocrx_word' id='word_1_779' title='bbox 422 3663 545 3688; x_wconf 68' lang='lat' dir='ltr'>«DEch.</span> 
     </span>
    </p>
   </div>
   <div class='ocr_carea' id='block_1_26' title="bbox 475 3558 1546 3664">
    <p class='ocr_par' dir='ltr' id='par_1_34' title="bbox 475 3558 1546 3664">
     <span class='ocr_line' id='line_1_103' title="bbox 1082 3558 1452 3592; baseline 0.011 -9"><span class='ocrx_word' id='word_1_780' title='bbox 1082 3558 1099 3584; x_wconf 87' lang='lat'>8</span> <span class='ocrx_word' id='word_1_781' title='bbox 1118 3564 1205 3584; x_wconf 84' lang='lat' dir='ltr'>autem</span> <span class='ocrx_word' id='word_1_782' title='bbox 1220 3563 1284 3592; x_wconf 77' lang='lat' dir='ltr'>post</span> <span class='ocrx_word' id='word_1_783' title='bbox 1302 3561 1385 3586; x_wconf 80' lang='lat' dir='ltr'>virtus</span> <span class='ocrx_word' id='word_1_784' title='bbox 1404 3561 1452 3587; x_wconf 81' lang='lat' dir='ltr'>I’d.</span> 
     </span>
     <span class='ocr_line' id='line_1_104' title="bbox 475 3593 1422 3628; baseline 0.004 -11"><span class='ocrx_word' id='word_1_785' title='bbox 475 3600 503 3618; x_wconf 82' lang='lat'>21</span> <span class='ocrx_word' id='word_1_786' title='bbox 526 3593 701 3627; x_wconf 82' lang='lat' dir='ltr'>Quicumque]</span> <span class='ocrx_word' id='word_1_787' title='bbox 723 3594 912 3628; x_wconf 86' lang='lat' dir='ltr'>Quaecumque</span> <span class='ocrx_word' id='word_1_788' title='bbox 931 3594 1020 3626; x_wconf 76' lang='grc' dir='ltr'>αΧιΥ,</span> <span class='ocrx_word' id='word_1_789' title='bbox 1040 3594 1215 3627; x_wconf 83' lang='lat' dir='ltr'>Quocumque</span> <span class='ocrx_word' id='word_1_790' title='bbox 1234 3595 1266 3627; x_wconf 82' lang='lat' dir='ltr'>Y,</span> <span class='ocrx_word' id='word_1_791' title='bbox 1285 3595 1372 3625; x_wconf 88' lang='lat' dir='ltr'>Quare</span> <span class='ocrx_word' id='word_1_792' title='bbox 1391 3597 1422 3621; x_wconf 88' lang='lat' dir='ltr'>D.</span> 
     </span>
     <span class='ocr_line' id='line_1_105' title="bbox 833 3629 1546 3664; baseline 0.004 -9"><span class='ocrx_word' id='word_1_793' title='bbox 833 3637 861 3655; x_wconf 78' lang='lat' dir='ltr'>ii</span> <span class='ocrx_word' id='word_1_794' title='bbox 885 3630 1081 3656; x_wconf 86' lang='lat' dir='ltr'>Secundum...</span> <span class='ocrx_word' id='word_1_795' title='bbox 1101 3629 1150 3655; x_wconf 80' lang='lat'>325</span> <span class='ocrx_word' id='word_1_796' title='bbox 1171 3630 1210 3655; x_wconf 82' lang='lat' dir='ltr'>b3</span> <span class='ocrx_word' id='word_1_797' title='bbox 1230 3631 1350 3664; x_wconf 76' lang='lat' dir='ltr'>Amplius</span> <span class='ocrx_word' id='word_1_798' title='bbox 1370 3632 1430 3657; x_wconf 84' lang='lat' dir='ltr'>hom</span> <span class='ocrx_word' id='word_1_799' title='bbox 1450 3640 1493 3657; x_wconf 82' lang='lat' dir='ltr'>om</span> <span class='ocrx_word' id='word_1_800' title='bbox 1513 3633 1546 3659; x_wconf 86' lang='grc' dir='ltr'>Η.</span> 
     </span>
    </p>
   </div>
   <div class='ocr_carea' id='block_1_27' title="bbox 1402 2593 2481 2805">
    <p class='ocr_par' dir='ltr' id='par_1_35' title="bbox 1402 2593 2481 2805">
     <span class='ocr_line' id='line_1_106' title="bbox 1458 2593 2480 2645; baseline 0.002 -14"><span class='ocrx_word' id='word_1_801' title='bbox 1458 2593 1649 2643; x_wconf 91' lang='lat' dir='ltr'>Amplius.</span> <span class='ocrx_word' id='word_1_802' title='bbox 1681 2595 1910 2632; x_wconf 91' lang='lat' dir='ltr'>Secundum</span> <span class='ocrx_word' id='word_1_803' title='bbox 1939 2594 2239 2645; x_wconf 88' lang='lat' dir='ltr'>Philosophum,</span> <span class='ocrx_word' id='word_1_804' title='bbox 2259 2595 2299 2632; x_wconf 89' lang='lat' dir='ltr'>in</span> <span class='ocrx_word' id='word_1_805' title='bbox 2324 2596 2376 2633; x_wconf 91' lang='lat' dir='ltr'><strong>IX</strong></span> <span class='ocrx_word' id='word_1_806' title='bbox 2395 2598 2480 2634; x_wconf 86' lang='lat' dir='ltr'>Me-</span> 
     </span>
     <span class='ocr_line' id='line_1_107' title="bbox 1403 2647 2480 2698; baseline 0.002 -14"><span class='ocrx_word' id='word_1_807' title='bbox 1403 2649 1501 2697; x_wconf 82' lang='lat' dir='ltr'>taph.</span> <span class='ocrx_word' id='word_1_808' title='bbox 1528 2647 1559 2693; x_wconf 77' lang='lat'>³⁸⁸,</span> <span class='ocrx_word' id='word_1_809' title='bbox 1589 2647 1733 2698; x_wconf 89' lang='lat' dir='ltr'>duplex</span> <span class='ocrx_word' id='word_1_810' title='bbox 1770 2655 1826 2685; x_wconf 88' lang='lat' dir='ltr'>est</span> <span class='ocrx_word' id='word_1_811' title='bbox 1860 2647 1975 2685; x_wconf 88' lang='lat' dir='ltr'>actio:</span> <span class='ocrx_word' id='word_1_812' title='bbox 2015 2660 2095 2686; x_wconf 91' lang='lat' dir='ltr'>una</span> <span class='ocrx_word' id='word_1_813' title='bbox 2132 2661 2234 2698; x_wconf 90' lang='lat' dir='ltr'>quae</span> <span class='ocrx_word' id='word_1_814' title='bbox 2272 2656 2404 2686; x_wconf 90' lang='lat' dir='ltr'>manet</span> <span class='ocrx_word' id='word_1_815' title='bbox 2441 2649 2480 2687; x_wconf 89' lang='lat' dir='ltr'>in</span> 
     </span>
     <span class='ocr_line' id='line_1_108' title="bbox 1403 2700 2480 2752; baseline 0.003 -14"><span class='ocrx_word' id='word_1_816' title='bbox 1403 2708 1538 2749; x_wconf 88' lang='lat' dir='ltr'>agente</span> <span class='ocrx_word' id='word_1_817' title='bbox 1567 2708 1603 2738; x_wconf 91' lang='lat' dir='ltr'>et</span> <span class='ocrx_word' id='word_1_818' title='bbox 1628 2709 1684 2738; x_wconf 90' lang='lat' dir='ltr'>est</span> <span class='ocrx_word' id='word_1_819' title='bbox 1702 2700 1885 2750; x_wconf 88' lang='lat' dir='ltr'>perfectio</span> <span class='ocrx_word' id='word_1_820' title='bbox 1905 2701 2036 2751; x_wconf 90' lang='lat' dir='ltr'>ipsius,</span> <span class='ocrx_word' id='word_1_821' title='bbox 2053 2709 2095 2739; x_wconf 93' lang='lat' dir='ltr'>ut</span> <span class='ocrx_word' id='word_1_822' title='bbox 2115 2701 2265 2747; x_wconf 90' lang='lat' dir='ltr'>videre;</span> <span class='ocrx_word' id='word_1_823' title='bbox 2286 2701 2359 2740; x_wconf 89' lang='lat' dir='ltr'>alia</span> <span class='ocrx_word' id='word_1_824' title='bbox 2379 2714 2480 2752; x_wconf 84' lang='lat' dir='ltr'>quae</span> 
     </span>
     <span class='ocr_line' id='line_1_109' title="bbox 1402 2753 2481 2805; baseline 0.003 -14"><span class='ocrx_word' id='word_1_825' title='bbox 1402 2753 1534 2791; x_wconf 90' lang='lat' dir='ltr'>transit</span> <span class='ocrx_word' id='word_1_826' title='bbox 1571 2753 1611 2791; x_wconf 90' lang='lat' dir='ltr'>in</span> <span class='ocrx_word' id='word_1_827' title='bbox 1647 2754 1836 2792; x_wconf 88' lang='lat' dir='ltr'>exteriora</span> <span class='ocrx_word' id='word_1_828' title='bbox 1874 2762 1910 2792; x_wconf 91' lang='lat' dir='ltr'>et</span> <span class='ocrx_word' id='word_1_829' title='bbox 1948 2763 2004 2792; x_wconf 87' lang='lat' dir='ltr'>est</span> <span class='ocrx_word' id='word_1_830' title='bbox 2038 2755 2220 2805; x_wconf 84' lang='lat' dir='ltr'>perfectio</span> <span class='ocrx_word' id='word_1_831' title='bbox 2255 2755 2353 2801; x_wconf 87' lang='lat' dir='ltr'>facti,</span> <span class='ocrx_word' id='word_1_832' title='bbox 2383 2755 2481 2794; x_wconf 91' lang='lat' dir='ltr'>sicut</span> 
     </span>
    </p>
   </div>
   <div class='ocr_carea' id='block_1_28' title="bbox 1363 2806 2481 2859">
    <p class='ocr_par' dir='ltr' id='par_1_36' title="bbox 1363 2806 2481 2859">
     <span class='ocr_line' id='line_1_110' title="bbox 1363 2806 2481 2859; baseline 0.003 -15"><span class='ocrx_word' id='word_1_833' title='bbox 1363 2825 1386 2845; x_wconf 74' lang='grc' dir='ltr'>ις</span> <span class='ocrx_word' id='word_1_834' title='bbox 1403 2807 1635 2845; x_wconf 89' lang='lat' dir='ltr'>comburere</span> <span class='ocrx_word' id='word_1_835' title='bbox 1665 2807 1705 2845; x_wconf 89' lang='lat' dir='ltr'>in</span> <span class='ocrx_word' id='word_1_836' title='bbox 1733 2807 1831 2856; x_wconf 88' lang='lat' dir='ltr'>igne.</span> <span class='ocrx_word' id='word_1_837' title='bbox 1862 2806 2005 2846; x_wconf 90' lang='lat' dir='ltr'>Divina</span> <span class='ocrx_word' id='word_1_838' title='bbox 2023 2816 2155 2846; x_wconf 89' lang='lat' dir='ltr'>autem</span> <span class='ocrx_word' id='word_1_839' title='bbox 2175 2809 2274 2846; x_wconf 88' lang='lat' dir='ltr'>actio</span> <span class='ocrx_word' id='word_1_840' title='bbox 2290 2821 2372 2847; x_wconf 91' lang='lat' dir='ltr'>non</span> <span class='ocrx_word' id='word_1_841' title='bbox 2394 2816 2481 2859; x_wconf 86' lang='lat' dir='ltr'>pot·</span> 
     </span>
    </p>
   </div>
   <div class='ocr_carea' id='block_1_29' title="bbox 1403 2860 2481 3072">
    <p class='ocr_par' dir='ltr' id='par_1_37' title="bbox 1403 2860 2481 3072">
     <span class='ocr_line' id='line_1_111' title="bbox 1403 2860 2480 2912; baseline 0.003 -15"><span class='ocrx_word' id='word_1_842' title='bbox 1403 2868 1459 2898; x_wconf 90' lang='lat' dir='ltr'>est</span> <span class='ocrx_word' id='word_1_843' title='bbox 1487 2872 1570 2898; x_wconf 92' lang='lat' dir='ltr'>esse</span> <span class='ocrx_word' id='word_1_844' title='bbox 1600 2861 1648 2898; x_wconf 93' lang='lat' dir='ltr'>de</span> <span class='ocrx_word' id='word_1_845' title='bbox 1676 2873 1816 2910; x_wconf 84' lang='lat' dir='ltr'>genere</span> <span class='ocrx_word' id='word_1_846' title='bbox 1851 2860 2005 2899; x_wconf 85' lang='lat' dir='ltr'>illarum</span> <span class='ocrx_word' id='word_1_847' title='bbox 2040 2862 2241 2900; x_wconf 88' lang='lat' dir='ltr'>actionum</span> <span class='ocrx_word' id='word_1_848' title='bbox 2267 2874 2370 2912; x_wconf 87' lang='lat' dir='ltr'>quae</span> <span class='ocrx_word' id='word_1_849' title='bbox 2398 2874 2480 2903; x_wconf 86' lang='lat' dir='ltr'>non</span> 
     </span>
     <span class='ocr_line' id='line_1_112' title="bbox 1403 2913 2480 2963; baseline 0.002 -12"><span class='ocrx_word' id='word_1_850' title='bbox 1403 2922 1492 2951; x_wconf 89' lang='lat' dir='ltr'>sunt</span> <span class='ocrx_word' id='word_1_851' title='bbox 1520 2913 1559 2951; x_wconf 92' lang='lat' dir='ltr'>in</span> <span class='ocrx_word' id='word_1_852' title='bbox 1588 2922 1741 2963; x_wconf 87' lang='lat' dir='ltr'>agente:</span> <span class='ocrx_word' id='word_1_853' title='bbox 1772 2926 1864 2952; x_wconf 91' lang='lat' dir='ltr'>cum</span> <span class='ocrx_word' id='word_1_854' title='bbox 1884 2927 1955 2953; x_wconf 84' lang='lat' dir='ltr'>sua</span> <span class='ocrx_word' id='word_1_855' title='bbox 1974 2915 2073 2953; x_wconf 88' lang='lat' dir='ltr'>actio</span> <span class='ocrx_word' id='word_1_856' title='bbox 2093 2915 2140 2952; x_wconf 87' lang='lat' dir='ltr'>sit</span> <span class='ocrx_word' id='word_1_857' title='bbox 2163 2928 2233 2953; x_wconf 89' lang='lat' dir='ltr'>sua</span> <span class='ocrx_word' id='word_1_858' title='bbox 2257 2915 2480 2962; x_wconf 86' lang='lat' dir='ltr'>substantia,</span> 
     </span>
     <span class='ocr_line' id='line_1_113' title="bbox 1403 2966 2481 3019; baseline 0.002 -15"><span class='ocrx_word' id='word_1_859' title='bbox 1403 2975 1445 3005; x_wconf 90' lang='lat' dir='ltr'>ut</span> <span class='ocrx_word' id='word_1_860' title='bbox 1474 2979 1591 3017; x_wconf 89' lang='lat' dir='ltr'>supra</span> <span class='ocrx_word' id='word_1_861' title='bbox 1610 2966 1631 2989; x_wconf 69' lang='lat'>&#39;¹‘</span> <span class='ocrx_word' id='word_1_862' title='bbox 1658 2975 1859 3005; x_wconf 88' lang='lat' dir='ltr'>ostensum</span> <span class='ocrx_word' id='word_1_863' title='bbox 1888 2976 1955 3006; x_wconf 90' lang='lat' dir='ltr'>est.</span> <span class='ocrx_word' id='word_1_864' title='bbox 1987 2969 2152 3019; x_wconf 90' lang='lat' dir='ltr'>Oportet</span> <span class='ocrx_word' id='word_1_865' title='bbox 2175 2968 2289 3017; x_wconf 87' lang='lat' dir='ltr'>igitur</span> <span class='ocrx_word' id='word_1_866' title='bbox 2307 2969 2415 3019; x_wconf 91' lang='lat' dir='ltr'>quod</span> <span class='ocrx_word' id='word_1_867' title='bbox 2435 2968 2481 3008; x_wconf 87' lang='lat' dir='ltr'>sit</span> 
     </span>
     <span class='ocr_line' id='line_1_114' title="bbox 1403 3020 2480 3072; baseline 0.001 -13"><span class='ocrx_word' id='word_1_868' title='bbox 1403 3021 1452 3059; x_wconf 91' lang='lat' dir='ltr'>de</span> <span class='ocrx_word' id='word_1_869' title='bbox 1471 3032 1612 3070; x_wconf 90' lang='lat' dir='ltr'>genere</span> <span class='ocrx_word' id='word_1_870' title='bbox 1632 3020 1785 3059; x_wconf 91' lang='lat' dir='ltr'>illarum</span> <span class='ocrx_word' id='word_1_871' title='bbox 1814 3020 2014 3060; x_wconf 90' lang='lat' dir='ltr'>actionum</span> <span class='ocrx_word' id='word_1_872' title='bbox 2040 3034 2141 3072; x_wconf 89' lang='lat' dir='ltr'>quae</span> <span class='ocrx_word' id='word_1_873' title='bbox 2168 3030 2258 3060; x_wconf 87' lang='lat' dir='ltr'>sunt</span> <span class='ocrx_word' id='word_1_874' title='bbox 2278 3022 2318 3060; x_wconf 89' lang='lat' dir='ltr'>in</span> <span class='ocrx_word' id='word_1_875' title='bbox 2344 3029 2480 3072; x_wconf 86' lang='lat' dir='ltr'>agente</span> 
     </span>
    </p>
   </div>
   <div class='ocr_carea' id='block_1_30' title="bbox 1364 3074 2482 3125">
    <p class='ocr_par' dir='ltr' id='par_1_38' title="bbox 1364 3074 2482 3125">
     <span class='ocr_line' id='line_1_115' title="bbox 1364 3074 2482 3125; baseline 0.003 -14"><span class='ocrx_word' id='word_1_876' title='bbox 1364 3092 1390 3107; x_wconf 66' lang='grc' dir='ltr'>ιο</span> <span class='ocrx_word' id='word_1_877' title='bbox 1404 3081 1441 3112; x_wconf 90' lang='lat' dir='ltr'>et</span> <span class='ocrx_word' id='word_1_878' title='bbox 1460 3081 1549 3111; x_wconf 92' lang='lat' dir='ltr'>sunt</span> <span class='ocrx_word' id='word_1_879' title='bbox 1577 3074 1689 3124; x_wconf 89' lang='lat' dir='ltr'>quasi</span> <span class='ocrx_word' id='word_1_880' title='bbox 1717 3074 1899 3124; x_wconf 84' lang='lat' dir='ltr'>perfectio</span> <span class='ocrx_word' id='word_1_881' title='bbox 1927 3074 2060 3125; x_wconf 89' lang='lat' dir='ltr'>ipsius.</span> <span class='ocrx_word' id='word_1_882' title='bbox 2091 3075 2329 3114; x_wconf 81' lang='lat' dir='ltr'>Huiusmodi</span> <span class='ocrx_word' id='word_1_883' title='bbox 2349 3082 2482 3114; x_wconf 84' lang='lat' dir='ltr'>autem</span> 
     </span>
    </p>
   </div>
   <div class='ocr_carea' id='block_1_31' title="bbox 1404 3127 2479 3332">
    <p class='ocr_par' dir='ltr' id='par_1_39' title="bbox 1404 3127 2479 3332">
     <span class='ocr_line' id='line_1_116' title="bbox 1404 3127 2478 3179; baseline 0 -15"><span class='ocrx_word' id='word_1_884' title='bbox 1404 3139 1485 3165; x_wconf 92' lang='lat' dir='ltr'>non</span> <span class='ocrx_word' id='word_1_885' title='bbox 1499 3135 1594 3171; x_wconf 71' lang='lat' dir='ltr'>,sunt</span> <span class='ocrx_word' id='word_1_886' title='bbox 1614 3127 1687 3165; x_wconf 83' lang='lat' dir='ltr'>nisi</span> <span class='ocrx_word' id='word_1_887' title='bbox 1705 3127 1876 3165; x_wconf 87' lang='lat' dir='ltr'>actiones</span> <span class='ocrx_word' id='word_1_888' title='bbox 1903 3129 2172 3177; x_wconf 88' lang='lat' dir='ltr'>cognoscentis</span> <span class='ocrx_word' id='word_1_889' title='bbox 2196 3137 2234 3166; x_wconf 90' lang='lat' dir='ltr'>et</span> <span class='ocrx_word' id='word_1_890' title='bbox 2252 3128 2478 3179; x_wconf 87' lang='lat' dir='ltr'>appetentis.</span> 
     </span>
     <span class='ocr_line' id='line_1_117' title="bbox 1404 3180 2478 3232; baseline -0.001 -14"><span class='ocrx_word' id='word_1_891' title='bbox 1404 3181 1512 3218; x_wconf 92' lang='lat' dir='ltr'>Deus</span> <span class='ocrx_word' id='word_1_892' title='bbox 1547 3180 1661 3229; x_wconf 87' lang='lat' dir='ltr'>igitur</span> <span class='ocrx_word' id='word_1_893' title='bbox 1695 3182 1969 3230; x_wconf 87' lang='lat' dir='ltr'>cognoscendo</span> <span class='ocrx_word' id='word_1_894' title='bbox 2005 3190 2041 3220; x_wconf 92' lang='lat' dir='ltr'>et</span> <span class='ocrx_word' id='word_1_895' title='bbox 2075 3183 2247 3220; x_wconf 89' lang='lat' dir='ltr'>volendo</span> <span class='ocrx_word' id='word_1_896' title='bbox 2285 3188 2478 3232; x_wconf 90' lang='lat' dir='ltr'>operatur.</span> 
     </span>
     <span class='ocr_line' id='line_1_118' title="bbox 1404 3233 2479 3285; baseline 0 -14"><span class='ocrx_word' id='word_1_897' title='bbox 1404 3234 1498 3271; x_wconf 93' lang='lat' dir='ltr'>Non</span> <span class='ocrx_word' id='word_1_898' title='bbox 1528 3233 1641 3282; x_wconf 89' lang='lat' dir='ltr'>igitur</span> <span class='ocrx_word' id='word_1_899' title='bbox 1668 3246 1739 3284; x_wconf 90' lang='lat' dir='ltr'>per</span> <span class='ocrx_word' id='word_1_900' title='bbox 1766 3235 2034 3273; x_wconf 89' lang='lat' dir='ltr'>necessitatem</span> <span class='ocrx_word' id='word_1_901' title='bbox 2054 3243 2225 3281; x_wconf 85' lang='lat' dir='ltr'>naturae,</span> <span class='ocrx_word' id='word_1_902' title='bbox 2246 3235 2314 3272; x_wconf 89' lang='lat' dir='ltr'>sed</span> <span class='ocrx_word' id='word_1_903' title='bbox 2333 3245 2404 3285; x_wconf 89' lang='lat' dir='ltr'>per</span> <span class='ocrx_word' id='word_1_904' title='bbox 2421 3245 2479 3272; x_wconf 92' lang='lat' dir='ltr'>ar-</span> 
     </span>
     <span class='ocr_line' id='line_1_119' title="bbox 1405 3286 2421 3332; baseline 0.003 -8"><span class='ocrx_word' id='word_1_905' title='bbox 1405 3286 1563 3324; x_wconf 91' lang='lat' dir='ltr'>bitrium</span> <span class='ocrx_word' id='word_1_906' title='bbox 1592 3287 1811 3326; x_wconf 87' lang='lat' dir='ltr'>voluntatis.</span> <span class='ocrx_word' id='word_1_907' title='bbox 1856 3330 1858 3332; x_wconf 13' lang='lat' dir='ltr'>v</span> <span class='ocrx_word' id='word_1_908' title='bbox 2418 3305 2421 3308; x_wconf 92' lang='lat'><em>·</em></span> 
     </span>
    </p>
   </div>
   <div class='ocr_carea' id='block_1_32' title="bbox 1365 3340 2480 3391">
    <p class='ocr_par' dir='ltr' id='par_1_40' title="bbox 1365 3340 2480 3391">
     <span class='ocr_line' id='line_1_120' title="bbox 1365 3340 2480 3391; baseline 0.003 -14"><span class='ocrx_word' id='word_1_909' title='bbox 1365 3360 1387 3379; x_wconf 65' lang='grc' dir='ltr'>ις</span> <span class='ocrx_word' id='word_1_910' title='bbox 1459 3341 1611 3378; x_wconf 90' lang='lat' dir='ltr'>Adhuc.</span> <span class='ocrx_word' id='word_1_911' title='bbox 1633 3341 1764 3378; x_wconf 90' lang='lat' dir='ltr'>Deum</span> <span class='ocrx_word' id='word_1_912' title='bbox 1783 3353 1895 3390; x_wconf 89' lang='lat' dir='ltr'>agere</span> <span class='ocrx_word' id='word_1_913' title='bbox 1915 3349 2073 3391; x_wconf 89' lang='lat' dir='ltr'>propter</span> <span class='ocrx_word' id='word_1_914' title='bbox 2095 3340 2216 3378; x_wconf 89' lang='lat' dir='ltr'>finem</span> <span class='ocrx_word' id='word_1_915' title='bbox 2236 3352 2283 3378; x_wconf 87' lang='lat' dir='ltr'>ex</span> <span class='ocrx_word' id='word_1_916' title='bbox 2303 3341 2379 3379; x_wconf 93' lang='lat' dir='ltr'>hoc</span> <span class='ocrx_word' id='word_1_917' title='bbox 2398 3354 2480 3380; x_wconf 88' lang='lat' dir='ltr'>ma-</span> 
     </span>
    </p>
   </div>
   <div class='ocr_carea' id='block_1_33' title="bbox 1405 3393 2482 3499">
    <p class='ocr_par' dir='ltr' id='par_1_41' title="bbox 1405 3393 2482 3499">
     <span class='ocr_line' id='line_1_121' title="bbox 1406 3393 2481 3445; baseline 0.002 -14"><span class='ocrx_word' id='word_1_918' title='bbox 1406 3393 1587 3431; x_wconf 84' lang='lat' dir='ltr'>nifestum</span> <span class='ocrx_word' id='word_1_919' title='bbox 1615 3406 1699 3432; x_wconf 91' lang='lat' dir='ltr'>esse</span> <span class='ocrx_word' id='word_1_920' title='bbox 1727 3402 1853 3444; x_wconf 92' lang='lat' dir='ltr'>potest</span> <span class='ocrx_word' id='word_1_921' title='bbox 1880 3394 1990 3445; x_wconf 91' lang='lat' dir='ltr'>quod</span> <span class='ocrx_word' id='word_1_922' title='bbox 2017 3393 2245 3431; x_wconf 88' lang='lat' dir='ltr'>universum</span> <span class='ocrx_word' id='word_1_923' title='bbox 2274 3406 2355 3431; x_wconf 90' lang='lat' dir='ltr'>non</span> <span class='ocrx_word' id='word_1_924' title='bbox 2383 3402 2440 3433; x_wconf 89' lang='lat' dir='ltr'>est</span> <span class='ocrx_word' id='word_1_925' title='bbox 2457 3407 2481 3433; x_wconf 89' lang='lat' dir='ltr'>a</span> 
     </span>
     <span class='ocr_line' id='line_1_122' title="bbox 1405 3446 2482 3499; baseline 0.001 -16"><span class='ocrx_word' id='word_1_926' title='bbox 1405 3459 1509 3494; x_wconf 89' lang='lat' dir='ltr'>casu,</span> <span class='ocrx_word' id='word_1_927' title='bbox 1540 3447 1607 3484; x_wconf 88' lang='lat' dir='ltr'>sed</span> <span class='ocrx_word' id='word_1_928' title='bbox 1637 3447 1686 3485; x_wconf 92' lang='lat' dir='ltr'>ad</span> <span class='ocrx_word' id='word_1_929' title='bbox 1715 3447 1875 3497; x_wconf 90' lang='lat' dir='ltr'>aliquod</span> <span class='ocrx_word' id='word_1_930' title='bbox 1911 3448 2063 3485; x_wconf 88' lang='lat' dir='ltr'>bonum</span> <span class='ocrx_word' id='word_1_931' title='bbox 2092 3446 2310 3484; x_wconf 88' lang='lat' dir='ltr'>ordinatur:</span> <span class='ocrx_word' id='word_1_932' title='bbox 2341 3455 2384 3485; x_wconf 91' lang='lat' dir='ltr'>ut</span> <span class='ocrx_word' id='word_1_933' title='bbox 2411 3459 2482 3499; x_wconf 91' lang='lat' dir='ltr'>per</span> 
     </span>
    </p>
   </div>
   <div class='ocr_carea' id='block_1_34' title="bbox 1334 3527 1485 3530">
    <p class='ocr_par' dir='ltr' id='par_1_42' title="bbox 1334 3527 1485 3530">
     <span class='ocr_line' id='line_1_123' title="bbox 1334 3527 1485 3530; baseline 0 0"><span class='ocrx_word' id='word_1_934' title='bbox 1334 3527 1485 3530; x_wconf 95' lang='lat' dir='ltr'> </span> 
     </span>
    </p>
   </div>
   <div class='ocr_carea' id='block_1_35' title="bbox 1514 3561 2081 3666">
    <p class='ocr_par' dir='ltr' id='par_1_43' title="bbox 1514 3561 2081 3666">
     <span class='ocr_line' id='line_1_124' title="bbox 1546 3561 2045 3596; baseline -0.002 -9"><span class='ocrx_word' id='word_1_935' title='bbox 1546 3561 1578 3587; x_wconf 80' lang='lat'>16</span> <span class='ocrx_word' id='word_1_936' title='bbox 1597 3561 1764 3596; x_wconf 79' lang='lat' dir='ltr'>quantitates}</span> <span class='ocrx_word' id='word_1_937' title='bbox 1783 3567 1809 3588; x_wconf 85' lang='lat' dir='ltr'>et</span> <span class='ocrx_word' id='word_1_938' title='bbox 1827 3562 1982 3595; x_wconf 75' lang='lat' dir='ltr'>quantitates</span> <span class='ocrx_word' id='word_1_939' title='bbox 2002 3561 2045 3586; x_wconf 79' lang='lat' dir='ltr'>Pc.</span> 
     </span>
     <span class='ocr_line' id='line_1_125' title="bbox 1514 3596 1990 3631; baseline -0.002 -9"><span class='ocrx_word' id='word_1_940' title='bbox 1514 3604 1545 3622; x_wconf 78' lang='lat'>22</span> <span class='ocrx_word' id='word_1_941' title='bbox 1567 3597 1627 3631; x_wconf 74' lang='lat' dir='ltr'>agit}</span> <span class='ocrx_word' id='word_1_942' title='bbox 1647 3597 1717 3622; x_wconf 85' lang='lat' dir='ltr'>enim</span> <span class='ocrx_word' id='word_1_943' title='bbox 1736 3597 1843 3623; x_wconf 71' lang='lat' dir='ltr'>addunt</span> <span class='ocrx_word' id='word_1_944' title='bbox 1861 3596 1990 3622; x_wconf 70' lang='lat' dir='ltr'>aGYsEb.</span> 
     </span>
     <span class='ocr_line' id='line_1_126' title="bbox 1648 3631 2081 3666; baseline 0 -8"><span class='ocrx_word' id='word_1_945' title='bbox 1648 3632 1680 3658; x_wconf 81' lang='lat'>18</span> <span class='ocrx_word' id='word_1_946' title='bbox 1699 3639 1779 3666; x_wconf 76' lang='lat' dir='ltr'>supra</span> <span class='ocrx_word' id='word_1_947' title='bbox 1796 3634 1820 3658; x_wconf 79' lang='grc' dir='ltr'><strong>Α</strong></span> <span class='ocrx_word' id='word_1_948' title='bbox 1838 3633 1924 3662; x_wconf 55' lang='lat' dir='ltr'>solun</span> <span class='ocrx_word' id='word_1_949' title='bbox 1943 3631 1969 3657; x_wconf 82' lang='lat' dir='ltr'>in</span> <span class='ocrx_word' id='word_1_950' title='bbox 1987 3631 2081 3665; x_wconf 87' lang='lat' dir='ltr'>primo.</span> 
     </span>
    </p>
   </div>
   <div class='ocr_carea' id='block_1_36' title="bbox 2132 3561 2480 3595">
    <p class='ocr_par' dir='ltr' id='par_1_44' title="bbox 2132 3561 2480 3595">
     <span class='ocr_line' id='line_1_127' title="bbox 2132 3561 2480 3595; baseline 0.003 -9"><span class='ocrx_word' id='word_1_951' title='bbox 2132 3568 2164 3586; x_wconf 64' lang='grc' dir='ltr'>πο</span> <span class='ocrx_word' id='word_1_952' title='bbox 2183 3561 2270 3587; x_wconf 85' lang='lat' dir='ltr'>virtuti</span> <span class='ocrx_word' id='word_1_953' title='bbox 2289 3562 2312 3586; x_wconf 82' lang='lat' dir='ltr'>A</span> <span class='ocrx_word' id='word_1_954' title='bbox 2330 3561 2413 3593; x_wconf 62' lang='lat' dir='ltr'>solim</span> <span class='ocrx_word' id='word_1_955' title='bbox 2434 3569 2480 3595; x_wconf 85' lang='lat' dir='ltr'>po-</span> 
     </span>
    </p>
   </div>
   <div class='ocr_carea' id='block_1_37' title="bbox 2183 3632 2482 3666">
    <p class='ocr_par' dir='ltr' id='par_1_45' title="bbox 2183 3632 2482 3666">
     <span class='ocr_line' id='line_1_128' title="bbox 2183 3632 2482 3666; baseline 0.007 -9"><span class='ocrx_word' id='word_1_956' title='bbox 2183 3639 2214 3657; x_wconf 80' lang='lat'>22</span> <span class='ocrx_word' id='word_1_957' title='bbox 2234 3632 2365 3666; x_wconf 82' lang='lat' dir='ltr'>operatur}</span> <span class='ocrx_word' id='word_1_958' title='bbox 2386 3633 2438 3665; x_wconf 78' lang='lat' dir='ltr'>agit</span> <span class='ocrx_word' id='word_1_959' title='bbox 2455 3640 2482 3659; x_wconf 90' lang='lat' dir='ltr'>et</span> 
     </span>
    </p>
   </div>
   <div class='ocr_carea' id='block_1_38' title="bbox 2508 2645 2724 2702">
    <p class='ocr_par' dir='ltr' id='par_1_46' title="bbox 2508 2645 2724 2702">
     <span class='ocr_line' id='line_1_129' title="bbox 2508 2645 2724 2674; baseline -0.005 -5"><span class='ocrx_word' id='word_1_960' title='bbox 2508 2648 2518 2657; x_wconf 85' lang='lat'><strong>·</strong></span> <span class='ocrx_word' id='word_1_961' title='bbox 2528 2646 2629 2669; x_wconf 74' lang='lat' dir='ltr'>s.&#39;1·h.1.</span> <span class='ocrx_word' id='word_1_962' title='bbox 2637 2646 2659 2674; x_wconf 70' lang='grc' dir='ltr'>ὓς</span> <span class='ocrx_word' id='word_1_963' title='bbox 2670 2645 2724 2668; x_wconf 79' lang='lat' dir='ltr'>md.</span> 
     </span>
     <span class='ocr_line' id='line_1_130' title="bbox 2508 2673 2677 2702; baseline 0.006 -7"><span class='ocrx_word' id='word_1_964' title='bbox 2508 2673 2571 2700; x_wconf 82' lang='lat' dir='ltr'>vm,</span> <span class='ocrx_word' id='word_1_965' title='bbox 2586 2678 2639 2701; x_wconf 81' lang='lat' dir='ltr'>vm.</span> <span class='ocrx_word' id='word_1_966' title='bbox 2653 2679 2677 2702; x_wconf 82' lang='grc'>9.</span> 
     </span>
    </p>
   </div>
   <div class='ocr_carea' id='block_1_39' title="bbox 2508 2967 2639 2996">
    <p class='ocr_par' dir='ltr' id='par_1_47' title="bbox 2508 2967 2639 2996">
     <span class='ocr_line' id='line_1_131' title="bbox 2508 2967 2639 2996; baseline -0.008 -5"><span class='ocrx_word' id='word_1_967' title='bbox 2508 2970 2517 2979; x_wconf 92' lang='grc'>·</span> <span class='ocrx_word' id='word_1_968' title='bbox 2532 2967 2590 2996; x_wconf 71' lang='lat' dir='ltr'>cup.</span> <span class='ocrx_word' id='word_1_969' title='bbox 2606 2974 2639 2990; x_wconf 79' lang='lat' dir='ltr'>u.</span> 
     </span>
    </p>
   </div>
  </div>
 </body>
</html>
