2768 4134
665 277 853 315 SUMMA
883 277 1104 315 CONTRA
1133 278 1408 324 GENTILES,
1437 279 1531 315 LIB.
1553 280 1594 324 11,
1625 279 1736 316 CAP.
1759 280 1924 326 XXVIII,
1944 280 2080 317 XXIX.

274 362 436 386 creaturae
461 362 515 386 aut
539 357 674 387 bonitati
698 366 773 387 suae
797 357 835 387 sit
859 356 995 394 debitor,
1020 358 1045 387 si
1068 358 1187 388 iustitia
1216 358 1347 398 proprie

273 400 458 440 accipiatur,
483 401 560 441 quia
583 401 628 431 sic
652 401 772 431 iustitia
802 400 948 432 debitum
977 402 1173 432 necessitatis
1202 403 1346 442 requirit,

273 443 364 485 quod
388 445 476 474 enim
500 454 538 475 ex
560 445 680 475 iustitia
703 444 846 476 redditur
869 445 975 482 alicui,
1000 455 1038 476 ex
1061 446 1249 477 necessitate
1269 447 1347 477 iuris

272 489 333 518 sibi
356 488 507 519 debetur:
534 495 651 525 tamen,
675 489 760 529 large
785 494 916 529 accepta
938 489 1068 526 iustitia,
1091 495 1199 530 potest
1227 490 1289 521 dici
1312 490 1346 520 in

272 542 380 563 rerum
403 533 567 563 creatione
597 542 666 564 esse
696 533 860 569 iustitiam,
884 534 1078 574 inquantum
1102 534 1243 565 divinam
1267 543 1347 565 con-

273 576 366 607 decet
390 577 579 607 bonitatem.

327 620 468 651 Adverte
485 620 576 661 quod
591 621 711 651 iustitia
726 622 857 662 proprie
873 621 958 652 dicta
980 623 1109 662 respicit
1131 622 1347 653 redditionem

272 664 371 695 debiti
388 674 427 695 ex
441 665 647 695 necessitate:
672 664 764 702 idest,
789 666 858 697 eius
882 666 972 706 quod
991 666 1087 697 alicui
1103 675 1142 697 ex
1157 667 1345 697 necessitate

271 709 350 739 iuris
374 708 519 739 debetur.
544 709 666 739 Iustitia
689 715 798 740 autem
823 711 1040 741 communiter
1055 710 1139 741 dicta
1154 720 1188 741 se
1205 710 1347 741 extendit

271 752 311 784 ad
335 752 552 784 redditionem
576 753 676 784 debiti
699 754 1015 795 quomodocumque
1038 754 1161 795 aliquid
1180 755 1275 785 alicui
1290 754 1345 786 de-

270 797 393 833 beatur,
418 798 496 834 sive,
520 797 665 838 inquam,
690 808 728 828 ex
752 799 950 835 necessitate,
975 799 1041 829 sive
1065 808 1104 829 ex
1127 798 1267 839 quadam
1290 798 1346 829 de·

271 842 386 872 centia.
411 841 452 872 Et
475 841 540 872 hoc
563 841 708 873 secundo
728 842 830 873 modo
855 843 1017 874 invenitur
1038 843 1158 873 iustitia
1181 844 1214 873 in
1237 852 1345 874 rerum

271 886 449 916 creatione:
475 886 551 926 quia
574 885 718 917 redditur
740 886 867 917 divinae
890 887 1027 917 bonitati
1046 886 1137 927 quod
1152 892 1199 918 est
1215 888 1274 918 sibi
1290 887 1345 918 de-

271 930 376 961 bitum
399 929 769 971 secundum‘quandam
799 931 1061 962 convenientiam
1091 937 1124 961 et
1152 930 1344 962 decentiam.

271 973 399 1005 Decens
422 975 510 1004 enim
533 980 581 1005 est
604 980 640 1005 ut
662 984 790 1006 summa
813 975 940 1006 bonitas
963 976 997 1006 in
1021 981 1238 1006 creaturarum
1268 985 1345 1016 pro-

271 1017 426 1049 ductione
451 1019 710 1050 communicetur
739 1025 770 1050 et
797 1018 1020 1050 manifestetur
1030 1030 1041 1050 ε.
1063 1029 1138 1050 cum
1162 1020 1281 1050 bonum
1303 1021 1346 1051 sit

269 1062 322 1093 sui
345 1063 445 1103 ipsius
467 1063 655 1104 diffusivum
672 1064 698 1093 ⁴³.
723 1064 822 1094 Hunc
842 1063 980 1094 modum
1000 1064 1138 1094 iustitiae
1154 1069 1249 1094 vocat
1266 1064 1345 1095 San—

235 1109 242 1116 ·
271 1112 342 1138 ctus
357 1106 503 1137 Thomas
527 1107 770 1138 condecentiam
794 1107 924 1138 divinae
946 1108 1109 1138 bonitatis.

326 1150 378 1181 111.
404 1151 512 1182 Tern'a
536 1152 719 1183 conclusio:
743 1152 865 1183 Rerum
888 1152 1064 1192 productio
1092 1162 1134 1182 ex
1158 1153 1346 1184 necessitate

269 1195 399 1226 divinae
421 1196 644 1236 dispositionis
660 1197 822 1236 procedit.

324 1239 492 1270 Probatur.
510 1239 596 1278 Quia
610 1250 678 1271 non
695 1246 802 1281 potest
818 1250 887 1271 esse
900 1240 991 1280 quod
1006 1241 1096 1271 Deus
1111 1241 1233 1281 aliquid
1249 1251 1282 1272 se
1299 1241 1344 1272 fa-

269 1289 398 1315 cturum
421 1284 615 1325 disposuerit
631 1284 722 1324 quod
743 1284 957 1325 postmodum
973 1294 1040 1315 non
1057 1285 1162 1315 faciat.
1186 1286 1344 1326 Alioquin

268 1329 339 1361 eius
360 1327 532 1368 dispositio
556 1334 612 1359 aut
634 1329 798 1359 mutabilis
822 1334 914 1365 esset,
934 1334 990 1359 aut
1013 1328 1140 1359 infirma
1164 1335 1196 1359 et
1219 1329 1342 1360 debilis.

323 1371 424 1403 Notat
453 1378 564 1403 autem
594 1373 731 1404 Sanctus
754 1373 899 1404 Thomas
923 1372 1028 1413 quod,
1052 1373 1127 1404 licet
1150 1374 1203 1404 hic
1226 1375 1266 1404 sit
1289 1373 1344 1405 de-

267 1416 372 1447 bitum
394 1421 431 1447 ut
455 1417 627 1457 impleatur
650 1417 758 1448 divina
780 1417 961 1457 dispositio,
978 1418 1042 1448 hoc
1065 1422 1173 1448 tamen
1198 1417 1343 1449 debitum

266 1469 335 1492 non
358 1459 476 1491 sufficit
499 1460 539 1491 ad
562 1461 721 1492 rationem
743 1462 883 1492 iustitiae
906 1462 1037 1501 proprie
1053 1461 1156 1492 dictae
1178 1462 1213 1491 in
1236 1471 1344 1493 rerum

266 1505 439 1536 creatione.
463 1504 560 1542 Quia,
581 1510 617 1535 ut
640 1505 756 1536 dicitur
778 1505 807 1535 V
826 1505 944 1541 Ethic„
969 1505 1114 1535 eiusdem
1138 1505 1178 1535 ad
1201 1507 1343 1546 seipsum

265 1557 335 1580 non
358 1554 406 1579 est
427 1549 548 1579 iustitia
570 1550 702 1590 proprie
725 1548 820 1580 dicta.
846 1549 882 1580 ln
905 1558 1013 1579 rerum
1037 1554 1146 1580 autem
1170 1550 1343 1587 creatione,

265 1591 447 1623 secundum
470 1592 592 1623 scilicet
614 1592 707 1633 quod
730 1592 952 1623 consideratur
975 1593 1082 1623 divina
1105 1593 1274 1633 dispositio
1290 1595 1344 1624 cui

265 1635 389 1677 aliquid
411 1636 556 1672 debetur,
582 1636 777 1668 considerari
806 1646 875 1668 non
906 1642 1015 1677 potest
1042 1637 1104 1667 nisi
1134 1638 1219 1667 actio
1242 1638 1343 1677 ipsius

265 1680 328 1712 Dei
349 1681 503 1711 creantis:
527 1690 603 1711 narn
626 1681 697 1712 talis
721 1681 891 1721 dispositio
916 1686 964 1711 est
987 1681 1072 1711 actio
1096 1680 1196 1711 divini
1219 1681 1344 1712 intelle-

265 1730 337 1757 ctus
360 1729 393 1756 et
415 1724 543 1755 divinae
566 1725 753 1756 voluntatis.
777 1725 819 1756 Et
841 1725 898 1762 sic,
914 1725 940 1755 si
957 1725 1046 1756 Deus
1069 1725 1173 1756 reddit
1196 1725 1343 1757 debitum

264 1777 342 1801 suae
365 1767 582 1810 dispositioni,
605 1768 710 1800 reddit
732 1769 878 1800 debitum
901 1770 962 1800 sibi
985 1769 1056 1809 ipsi.
1080 1769 1168 1810 Ergo
1192 1775 1253 1800 etc.

321 1858 338 1875 ⁹
354 1857 528 1888 Posmum
551 1857 776 1888 determinavit
799 1857 936 1888 Sanctus
953 1857 1098 1888 Thomas
1115 1857 1155 1889 de
1175 1857 1278 1889 modo
1295 1858 1342 1889 di-

171 1903 180 1916 '
227 1932 237 1943 ,
264 1901 359 1934 vinae
382 1902 519 1933 actionis
535 1910 569 1932 se
584 1906 715 1933 tenente
732 1912 770 1933 ex
785 1907 875 1942 parte
891 1902 1024 1942 agentis,
1040 1911 1129 1933 nunc
1152 1901 1343 1933 determinat

265 1945 307 1977 de
329 1945 432 1977 modo
456 1955 490 1977 se
514 1951 645 1977 tenente
669 1956 708 1977 ex
731 1951 821 1986 parte
844 1946 890 1976 rei
913 1945 1092 1987 productae
1108 1947 1134 1976 *.
1161 1945 1255 1977 Circa
1278 1947 1342 1977 hoc

150 2010 158 2023 ‚
265 1995 374 2022 autem
398 1990 466 2022 duo
491 1990 580 2022 facit:
605 1990 682 2031 quia
705 1991 812 2031 primo
843 1990 908 2030 agit
937 1989 978 2020 de
1007 1991 1196 2021 necessitate
1220 1990 1341 2031 produ-

266 2035 384 2066 ctionis
407 2035 573 2070 absolute;
597 2034 754 2070 secundo,
771 2040 931 2075 quantum
954 2033 995 2065 ad
1017 2043 1204 2065 mensuram
1228 2040 1259 2065 et
1282 2034 1342 2065 du-

265 2079 426 2110 rationem
449 2079 675 2120 productionis
691 2080 717 2109 ⁸.
744 2078 839 2109 Circa
861 2079 1004 2119 primum
1019 2078 1086 2109 duo
1106 2078 1198 2109 facit:
1223 2079 1340 2120 primo,

266 2122 408 2154 ostendit
430 2123 602 2164 quomodo
625 2123 788 2154 invenitur
810 2123 844 2153 in
867 2132 974 2153 rerum
997 2123 1214 2163 productione
1231 2123 1341 2163 aliquo

265 2167 368 2199 modo
381 2167 528 2199 debitum
540 2168 679 2198 iustitiae
687 2178 695 2203 ;
713 2166 869 2204 secundo,
883 2166 1054 2207 quomodo
1066 2167 1229 2198 invenitur
1244 2168 1340 2198 etiam

265 2213 300 2243 in
323 2211 486 2253 aliquibus
509 2212 604 2244 rebus
629 2212 742 2242 creatis
764 2212 937 2242 necessitas
961 2211 1108 2242 absoluta
1123 2212 1150 2242 *ἦ

322 2256 345 2287 Ι.
369 2256 540 2295 Quantum
556 2257 653 2296 igitur
669 2255 709 2287 ad
724 2257 877 2296 primum,
894 2256 1028 2296 ponitur
1049 2256 1129 2286 haec
1153 2255 1339 2286 conclusio:

265 2301 305 2332 ln
325 2301 443 2342 primis
465 2301 586 2332 divinis
603 2301 768 2342 effectibus
787 2300 1008 2340 producendis
1025 2310 1090 2330 non
1108 2300 1272 2330 invenitur
1287 2299 1342 2330 de-

264 2346 376 2382 bitum,
391 2346 449 2377 sed
463 2346 543 2376 bene
562 2346 595 2375 in
613 2345 838 2386 posteriorum
855 2344 1092 2384 productione:
1107 2350 1139 2374 et
1154 2344 1342 2384 intelligitur

265 2389 306 2421 de
328 2390 563 2430 posterioribus
587 2389 767 2420 secundum
791 2394 948 2419 naturam.
977 2388 1117 2419 Primam
1145 2394 1269 2429 partem
1292 2398 1341 2418 re-

265 2434 384 2475 linquit
397 2435 568 2475 probatam
584 2443 622 2464 ex
639 2433 916 2473 praecedentibus.
937 2433 1120 2464 Secundam
1132 2442 1210 2463 vero
1226 2433 1342 2473 probat

266 2478 460 2510 declarando
484 2483 516 2509 et
538 2477 736 2509 inducendo.

321 2518 422 2553 Notat
445 2531 521 2563 ergo
546 2521 638 2562 quod
660 2521 807 2552 debitum
829 2521 1025 2552 necessitatis
1048 2530 1175 2561 semper
1205 2521 1343 2551 sumitur

266 2567 305 2597 ab
330 2576 371 2597 eo
395 2566 486 2607 quod
510 2571 557 2597 est
579 2566 668 2606 prius
692 2564 873 2596 secundum
896 2571 1053 2596 naturam.
1085 2564 1149 2596 Sed
1171 2570 1279 2595 tamen
1309 2564 1342 2594 id

266 2610 358 2651 quod
381 2616 430 2641 est
451 2611 541 2651 prius
571 2609 753 2641 secundum
783 2615 942 2646 naturam,
967 2609 1143 2650 aliquando
1174 2614 1222 2639 est
1245 2609 1340 2638 etiam

266 2655 356 2695 prius
379 2653 560 2685 secundum
584 2664 663 2685 esse.
687 2654 729 2685 Et
751 2659 830 2684 tunc
853 2654 1033 2694 posteriora
1057 2663 1095 2684 ex
1122 2652 1283 2693 prioribus
1306 2653 1340 2682 in

267 2708 336 2729 esse
360 2698 507 2729 debitum
529 2698 676 2729 trahunt:
702 2698 848 2729 debitum
867 2703 915 2728 est
930 2698 1018 2728 enim
1033 2702 1080 2733 ut,
1096 2697 1210 2737 positis
1226 2696 1339 2732 causis,

267 2743 331 2773 sint
353 2743 497 2774 actiones
521 2743 639 2783 quibus
663 2741 796 2773 effectus
825 2741 1021 2782 producunt.
1052 2739 1240 2780 Aliquando
1263 2748 1340 2770 vero

267 2792 316 2817 est
338 2787 499 2827 posterius
523 2786 704 2817 secundum
734 2795 813 2816 esse.
845 2785 886 2816 Et
915 2791 994 2816 tunc
1024 2785 1131 2825 priora
1160 2783 1341 2814 secundum

268 2840 337 2861 esse
359 2831 491 2862 trahunt
514 2830 659 2861 debitum
689 2839 728 2860 ex
757 2830 991 2870 posterioribus
1021 2830 1054 2859 in
1078 2838 1156 2864 esse,
1180 2827 1342 2868 prioribus

267 2880 376 2906 tamen
399 2874 582 2906 secundum
603 2879 768 2905 naturam:
792 2874 876 2904 sicut
899 2873 1044 2904 debitum
1072 2877 1120 2903 est
1146 2871 1341 2902 medicinam

268 2918 460 2959 praecedere
476 2918 516 2950 ad
531 2918 596 2949 hoc
611 2923 648 2949 ut
663 2918 780 2948 sanitas
803 2922 966 2958 sequatur.

326 2963 362 2994 11.
387 2963 436 2994 Ex
459 2963 497 2994 iis
521 2968 628 2993 autem
652 2966 741 3002 patet
763 2961 853 3002 quod
883 2960 1002 3001 duplex
1031 2961 1065 2990 in
1088 2969 1195 2990 rerum
1218 2958 1340 3000 produ-

269 3008 377 3038 ctione
399 3007 563 3038 invenitur
586 3006 746 3037 debitum:
778 3014 883 3036 unum
906 3005 1027 3036 scilicet
1050 3014 1088 3034 ex
1114 3004 1285 3044 posteriori
1307 3003 1341 3033 in

270 3061 356 3088 esse;
381 3051 467 3083 aliud
490 3060 568 3082 vero
592 3060 630 3081 ex
658 3050 757 3091 priori
780 3050 814 3080 in
838 3059 916 3080 esse.

414 3679 509 3704 Smnu
528 3678 639 3703 Cornua
658 3678 790 3703 Gnnmns
810 3677 841 3702 ῐ),
859 3676 975 3700 'snorum
994 3675 1062 3700 Tou.
1081 3674 1098 3699 1.

1457 357 1626 395 Quantum
1650 357 1690 388 ad
1713 358 1855 398 primum
1879 358 2034 395 debitum,
2058 364 2148 389 notat
2172 359 2307 390 Sanctus
2326 360 2470 391 Thomas

1400 402 1518 442 primo,
1536 401 1626 441 quod
1649 403 1820 432 necessitas
1844 411 1927 442 quae
1951 409 1998 433 est
2021 413 2038 433 a
2062 404 2231 443 posteriori
2250 405 2283 434 in
2308 413 2376 435 esse
2396 405 2470 435 licet

1400 446 1501 485 priori
1524 444 1704 476 secundum
1727 451 1885 482 naturam,
1901 456 1968 476 non
1986 453 2032 477 est
2047 448 2218 478 necessitas
2241 448 2398 484 absoluta,
2414 447 2470 478 sed

1401 489 1644 520 conditionata:
1666 495 1702 519 ut
1726 499 1800 520 cum
1825 489 1971 527 dicimus,
1991 491 2028 520 Si
2050 491 2140 522 debet
2161 492 2222 522 hoc
2235 493 2326 534 fieri,
2344 502 2470 523 necesse

1401 538 1449 564 est
1470 533 1532 563 hoc
1551 533 1646 573 prius
1670 542 1746 563 esse.

1456 576 1555 607 Notat
1585 577 1741 613 secundo,
1772 586 1811 607 ex
1841 578 2025 617 praedictis,
2058 579 2147 619 quod
2177 581 2356 612 secundum
2385 583 2469 613 hanc

1399 621 1624 651 necessitatem
1648 621 1904 651 conditionatam
1927 621 2072 653 debitum
2095 624 2128 653 in
2152 630 2367 656 creaturarum
2394 636 2469 666 pro-

1401 664 1554 695 ductione
1582 665 1697 705 triplex
1725 665 1887 696 invenitur
1919 666 1952 695 in
1982 667 2124 706 partibus
2155 677 2237 707 quae
2267 669 2306 699 ad
2330 671 2469 700 universi

1399 708 1634 748 perfectionem
1653 710 1830 749 pertinent:
1856 710 1987 746 scilicet,
2005 720 2042 740 ex
2058 716 2126 741 tota
2142 721 2247 742 rerum
2264 715 2468 744 universitate

1400 752 1440 783 ad
1464 753 1643 793 quamlibet
1666 754 1734 784 eius
1757 759 1898 794 partem,
1924 763 1961 784 ex
1986 764 2050 784 una
2073 762 2216 786 creatura
2239 757 2279 787 ad
2302 758 2412 794 aliam;
2437 764 2469 789 et

1399 798 1433 827 in
1456 806 1653 838 unaquaque
1677 803 1820 829 creatura
1845 807 1882 828 ex
1906 799 1972 828 suis
1995 799 2137 839 partibus
2169 806 2199 830 et
2221 802 2469 841 proprietatibus

1399 847 1432 872 et
1454 841 1684 878 accidentibus,
1709 852 1747 873 ex
1771 842 1890 882 quibus
1913 842 2075 883 dependet
2098 849 2241 874 creatura
2257 852 2414 885 quantum
2429 846 2470 877 ad

1400 895 1468 916 esse
1493 886 1543 916 vel
1567 892 1726 926 quantum
1754 887 1794 917 ad
1822 886 1963 927 aliquam
1986 887 2036 918 sui
2058 887 2303 927 perfectionem.
2328 889 2361 920 Si
2382 891 2469 921 enim

1398 930 1462 961 tale
1487 931 1674 961 universum
1698 930 1767 961 fieri
1790 930 1911 967 debuit,
1936 930 2081 962 debitum
2097 931 2157 962 fuit
2173 938 2208 963 ut
2232 933 2391 964 elementa
2412 934 2469 964 fie-

1399 980 1486 1011 rent;
1511 981 1542 1005 et
1565 975 1591 1005 si
1615 975 1764 1006 animalia
1788 980 1820 1006 et
1842 975 1966 1015 plantas
1992 975 2079 1006 Deus
2103 985 2171 1007 esse
2195 977 2308 1014 voluit,
2324 977 2469 1009 debitum

1399 1018 1460 1049 fuit
1483 1024 1520 1049 ut
1543 1019 1690 1050 caelestia
1721 1029 1858 1060 corpora
1888 1018 2022 1056 faceret;
2054 1020 2208 1058 similiter,
2232 1022 2258 1051 si
2281 1022 2384 1053 voluit
2410 1023 2469 1053 ho-

1398 1063 1521 1093 minem
1546 1062 1660 1100 facere,
1685 1063 1831 1094 debitum
1854 1063 1915 1094 fuit
1937 1069 1974 1094 ut
1996 1065 2030 1094 in
2054 1074 2094 1095 eo
2119 1066 2259 1096 animam
2289 1072 2320 1096 et
2351 1076 2469 1108 corpus

1399 1107 1620 1147 coniungeret.

1453 1151 1552 1182 Notat
1575 1151 1669 1182 tertio
1693 1151 1794 1192 quod,
1815 1152 1840 1182 si
1864 1151 2032 1192 diligenter
2055 1153 2297 1184 considerentur
2312 1155 2363 1185 isti
2378 1155 2469 1186 modi

1398 1195 1498 1226 debiti
1521 1201 1552 1226 et
1574 1196 1781 1232 necessitatis,
1805 1197 1894 1226 Deus
1917 1206 1985 1227 non
2009 1196 2124 1227 dicitur
2143 1197 2268 1228 debitor
2295 1204 2467 1236 creaturae,

1397 1240 1454 1270 sed
1478 1249 1555 1270 suae
1578 1239 1783 1280 dispositioni
1806 1240 2000 1280 implendae.

1455 1293 1485 1314 2.
1515 1284 1684 1322 Quantum
1712 1290 1821 1315 autem
1851 1284 1891 1315 ad
1921 1285 2102 1316 secundum
2133 1285 2288 1322 debitum,
2317 1286 2468 1317 dicuntur

1398 1329 1554 1368 quinque.
1578 1328 1723 1359 Primum
1747 1335 1794 1359 est
1818 1328 1908 1369 quod
1938 1330 2108 1360 necessitas
2138 1330 2361 1370 productionis
2384 1340 2467 1371 quae

1397 1373 1535 1403 sumitur
1559 1381 1596 1403 ex
1620 1374 1723 1403 causis
1746 1374 1906 1413 prioribus
1929 1374 1963 1403 in
1987 1383 2066 1410 esse,
2090 1373 2206 1405 dicitur
2224 1375 2394 1405 necessitas
2413 1376 2467 1406 ab-

1397 1417 1516 1447 soluta.

1453 1459 1642 1491 Secundum
1665 1466 1713 1491 est
1735 1461 1836 1501 quod,
1861 1467 2020 1501 quantum
2043 1462 2083 1492 ad
2107 1472 2236 1493 causam
2265 1462 2466 1500 efficientem,

1396 1513 1466 1534 non
1488 1505 1651 1535 invenitur
1673 1505 1732 1534 ista
1762 1506 1934 1535 necessitas
1964 1506 1997 1535 in
2026 1507 2129 1545 prima
2159 1516 2266 1537 rerum
2294 1509 2466 1538 creatione.

1397 1548 1483 1585 Quia
1505 1548 1594 1579 solus
1618 1548 1706 1579 Deus
1730 1555 1777 1579 est
1800 1549 1844 1579 ibi
1875 1559 1971 1580 causa
1994 1549 2144 1580 efficiens.
2170 1551 2240 1591 Ipse
2268 1557 2377 1582 autem
2399 1562 2467 1582 non

1396 1593 1585 1622 necessitate
1612 1597 1755 1629 naturae,
1779 1592 1835 1623 sed
1864 1593 2030 1624 voluntate
2057 1600 2217 1634 operatur.
2242 1595 2335 1633 Quae
2359 1601 2465 1626 autem

1397 1636 1562 1666 voluntate
1585 1635 1679 1672 fiunt,
1703 1638 1926 1667 necessitatem
1949 1638 2066 1668 habere
2088 1647 2156 1668 non
2187 1645 2323 1679 possunt
2346 1640 2406 1670 nisi
2429 1649 2466 1670 ex

1397 1679 1470 1710 finis
1494 1681 1730 1720 suppositione.

1453 1724 1601 1755 Tertium
1625 1729 1672 1754 est
1695 1724 1786 1765 quod
1808 1726 1842 1755 in
1865 1725 1969 1765 prima
1992 1734 2099 1756 rerum
2119 1726 2282 1756 creatione
2298 1727 2377 1756 nihil
2392 1736 2467 1767 pro-

1396 1769 1485 1799 hibet
1500 1778 1539 1799 ex
1555 1769 1659 1799 causis
1675 1769 1892 1799 materialibus
1909 1775 1940 1799 et
1957 1768 2146 1800 formalibus
2170 1771 2304 1800 inveniri
2324 1770 2468 1802 debitum

1397 1819 1429 1844 et
1450 1813 1685 1843 necessitatem.

1451 1856 1613 1895 Quartum
1637 1862 1684 1887 est
1707 1857 1797 1897 quod
1825 1858 1882 1887 ista
1910 1858 2082 1888 necessitas
2105 1863 2152 1888 est
2175 1858 2354 1889 secundum
2382 1858 2468 1889 ordi-

1396 1911 1472 1932 nem
1496 1901 1629 1932 effectus
1646 1901 1686 1931 ad
1702 1911 1832 1932 causam
1855 1901 2053 1932 materialem
2068 1902 2120 1932 vel
2137 1901 2315 1932 formalem.
2334 1903 2375 1933 Et
2392 1902 2466 1933 ideo

1396 1945 1575 1976 secundum
1599 1946 1707 1985 ipsum
1724 1945 1814 1976 Deus
1829 1945 1956 1976 debitor
1972 1945 2035 1976 dici
2058 1955 2125 1976 non
2149 1951 2266 1986 potest,
2290 1946 2346 1977 sed
2365 1948 2467 1987 magis

1395 1990 1429 2019 in
1453 1995 1631 2020 creaturam
1655 1989 1799 2020 debitum
1816 1990 2013 2020 necessitatis
2029 1989 2129 2020 cadit:
2154 1990 2230 2029 quia
2245 1990 2394 2021 videlicet
2409 1991 2467 2021 ista

1394 2034 1567 2064 necessitas
1590 2043 1658 2064 non
1683 2039 1730 2064 est
1753 2043 1791 2064 ex
1815 2043 1855 2064 eo
1880 2033 1970 2074 quod
1993 2034 2082 2064 Deus
2106 2033 2220 2064 debeat
2243 2034 2365 2074 aliquid
2380 2044 2466 2065 crea-

1394 2083 1495 2114 turae,
1512 2077 1568 2108 sed
1585 2078 1661 2118 quia
1677 2087 1715 2108 ex
1730 2078 1800 2117 ipsa
1817 2087 1912 2109 causa
1935 2078 2091 2108 materiali
2115 2083 2169 2108 aut
2193 2077 2319 2108 formali
2334 2088 2467 2109 necesse

1395 2128 1443 2153 est
1466 2121 1588 2162 aliquid
1613 2122 1715 2162 sequi.

1451 2166 1612 2204 Quintum
1637 2171 1685 2196 est
1707 2165 1798 2206 quod
1813 2167 1846 2196 in
1862 2175 1970 2196 rerum
1989 2166 2234 2206 propagatione,
2251 2167 2306 2196 ubi
2322 2171 2466 2197 creatura

1395 2216 1442 2240 est
1467 2209 1619 2247 efficiens,
1643 2210 1779 2241 inveniri
1803 2216 1911 2250 potest
1934 2211 2106 2240 necessitas
2123 2219 2160 2240 ex
2177 2219 2272 2241 causa
2296 2209 2464 2241 efficiente.

1394 2255 1484 2285 Patet
1508 2256 1595 2285 enim
1619 2254 1709 2295 quod
1741 2263 1778 2284 ex
1809 2260 1902 2285 motu
1932 2254 2009 2284 solis
2035 2255 2216 2285 necessario
2245 2264 2383 2294 corpora
2405 2255 2465 2285 im-

1393 2304 1569 2330 mutantur.

1451 2343 1502 2373 111.
1528 2343 1575 2373 Ex
1600 2343 1636 2372 iis
1661 2342 1866 2373 concluditur
1894 2343 2116 2382 propositum:
2142 2342 2232 2382 quod
2255 2343 2386 2379 scilicet,
2410 2343 2466 2372 In-

1395 2388 1525 2418 venitur
1547 2387 1686 2417 debitum
1711 2387 1853 2417 iustitiae
1877 2387 2039 2417 naturalis
2059 2386 2164 2426 (idest,
2180 2386 2360 2417 secundum
2376 2386 2465 2426 quod

1394 2437 1527 2462 naturae
1544 2430 1665 2471 aliquid
1682 2431 1829 2469 debetur)
1852 2436 1883 2461 et
1900 2436 2056 2471 quantum
2079 2430 2123 2461 ad
2143 2440 2252 2460 rerum
2269 2431 2464 2461 creationem

1395 2481 1426 2506 et
1440 2480 1596 2516 quantum
1621 2475 1665 2505 ad
1681 2475 1967 2516 propagationem,
1985 2475 2160 2505 secundum
2176 2475 2264 2515 quod
2278 2475 2464 2515 posteriora

1396 2520 1439 2550 ad
1460 2520 1576 2559 priora
1599 2519 1774 2550 secundum
1799 2524 1952 2549 naturam
1976 2523 2219 2559 comparantur.

1451 2563 1498 2593 Ex
1515 2573 1583 2603 quo
1599 2564 1695 2593 etiam
1712 2563 1881 2593 corollarie
1904 2563 2059 2602 sequitur,
2079 2563 2183 2592 Deum
2206 2563 2287 2592 iuste
2309 2567 2341 2592 et
2363 2562 2465 2592 ratio-

1396 2607 1548 2637 nabiliter
1570 2607 1680 2637 omnia
1704 2607 1886 2637 condidisse
1909 2611 1940 2636 et
1960 2606 2156 2647 gubernare.

1449 2651 1509 2681 Per
1531 2651 1611 2681 haec
1635 2656 1743 2681 autem
1765 2649 1945 2680 excluditur
1965 2659 2053 2680 error
2077 2649 2253 2680 dicentium
2273 2649 2379 2680 Deum
2394 2659 2462 2680 non

1394 2703 1489 2735 posse
1524 2694 1627 2725 facere
1658 2695 1718 2725 nisi
1753 2703 1837 2734 quae
1871 2693 1956 2724 facit.
1991 2694 2032 2724 Et
2062 2693 2239 2724 dicentium
2270 2694 2380 2723 omnia
2413 2703 2463 2723 se-

1395 2739 1452 2779 qui
1482 2738 1624 2769 divinam
1654 2738 1856 2769 voluntatem
1888 2738 2078 2778 simplicem,
2110 2737 2231 2777 absque
2264 2737 2371 2777 aliqua
2402 2737 2463 2767 alia

1395 2783 1530 2813 ratione.

1450 2825 1694 2857 Advertendum
1724 2826 1814 2866 quod
1846 2826 1944 2862 Deus,
1967 2826 2043 2856 licet
2072 2835 2139 2856 non
2171 2824 2328 2866 producat
2350 2834 2400 2855 res
2424 2834 2462 2855 ex

1394 2871 1502 2911 aliqua
1517 2880 1613 2901 causa
1634 2871 1810 2901 extrinseca
1826 2870 1967 2901 divinam
1982 2870 2183 2900 voluntatem
2200 2874 2362 2904 movente,
2378 2869 2463 2908 ipsas

1394 2920 1503 2946 tamen
1526 2913 1678 2955 producit
1700 2914 1879 2945 secundum
1904 2914 2096 2954 exigentiam
2110 2919 2242 2944 naturae
2257 2913 2462 2943 uniuscuius-

1396 2968 1471 2999 que,
1487 2964 1520 2990 et
1534 2959 1715 2990 secundum
1732 2958 1822 2999 quod
1838 2959 2015 2998 unicuique
2031 2963 2163 2988 naturae
2179 2957 2321 2988 debetur.
2341 2956 2382 2987 Et
2397 2956 2461 2986 hoc

1396 3008 1443 3033 est
1458 3003 1566 3034 Deum
1582 3003 1664 3034 iuste
1687 3008 1718 3034 et
1736 3003 1976 3033 rationabiliter
1990 3011 2039 3032 res
2054 3001 2254 3042 produxisse,
2269 3010 2337 3031 non
2353 3005 2461 3031 autem

1395 3046 1575 3078 secundum
1599 3056 1690 3078 suam
1713 3047 1893 3087 simplicem
1915 3046 2116 3077 voluntatem
2139 3046 2260 3085 absque
2282 3045 2415 3075 ratione.
