2664 4120
243 363 328 395 quae
344 353 568 384 ferrariensem
591 355 625 385 in
641 354 702 384 hac
726 352 847 384 familia
870 359 999 394 partum
1015 360 1082 385 tam
1098 355 1241 387 faustum
1258 358 1325 389 edi-

244 399 336 430 derit.
361 398 451 429 Bene
474 399 555 429 Vale
575 412 603 428 ».

299 443 515 484 Subiungitur
538 444 637 474 altera
665 442 910 474 commendatio
942 443 1039 474 simul
1070 450 1102 475 et
1130 446 1325 483 exhortatio,

242 488 293 518 his
315 489 431 518 verbis.
460 501 474 515 ι
493 488 604 518 Frater
627 487 782 519 Iordanes
806 487 846 518 de
870 488 976 518 Brixia
1001 488 1132 519 Ordinis
1159 491 1326 530 praedica-

242 537 352 563 torum
381 533 644 573 congregationis
674 532 875 563 lombardiae
907 532 947 563 ad
977 532 1144 564 lectorem.
1169 553 1192 558 -
1219 536 1326 566 Lucas

243 577 409 608 Antonius
433 577 527 608 Iunta
550 578 709 618 pecuniis,
733 586 795 608 nec
819 587 881 617 ego
912 577 1077 609 laboribus
1105 581 1247 619 peperci,
1272 581 1326 611 ille

243 627 280 652 ut
308 622 496 662 pulchrum,
528 631 590 662 ego
626 627 664 652 ut
697 621 909 653 emendatum
943 623 1079 654 haberes
1113 633 1198 663 opus
1234 625 1326 665 quod

243 666 390 697 Thomas
413 667 562 708 Aquinas
585 666 697 697 divino
722 667 869 698 condidit
892 667 1017 698 lumine
1042 674 1155 698 contra
1178 670 1327 709 gentium

243 720 377 748 errores,
394 717 426 742 et
449 712 641 742 Franciscus
657 711 697 742 de
713 712 873 743 Silvestris
890 712 915 742 F
918 713 1086 743 erariensis
1110 713 1241 744 sublimi
1258 715 1327 745 elu-

244 755 362 787 cidavit
381 757 526 797 ingenio,
546 762 685 796 uterque
701 759 767 788 mei
784 758 918 789 ordinis.
935 758 1083 789 Primum
1103 758 1239 789 ecclesia
1255 768 1327 789 san-

243 806 372 831 ctorum
396 801 571 832 doctorum
596 811 736 833 numero
760 804 916 844 ascripsit.
948 802 1120 834 Secundus
1151 802 1326 834 doctorum

243 846 363 876 merito
387 847 556 887 ascriptus,
581 854 770 878 sanctorum
795 857 942 888 quoque,
972 849 1042 879 eius
1071 848 1194 879 meritis
1226 857 1327 889 expo—

244 891 420 928 scentibus,
445 901 506 922 suo
530 898 680 933 tempore
713 893 934 929 ascribendus,
963 902 1000 923 ac
1028 903 1047 923 a
1071 893 1243 924 Clemente
1267 893 1326 924 Vll

242 935 325 966 Pon.
343 936 388 966 M.
405 937 506 968 totius
530 937 652 967 ordinis
672 937 817 978 optimus
833 937 1022 969 moderator
1040 947 1146 979 nuper
1169 938 1325 969 delectus.

243 979 298 1011 Tu
323 989 377 1018 ne,
405 980 485 1013 dum
517 983 608 1018 emis,
637 982 797 1019 avaritiae,
829 988 894 1019 aut,
926 983 1006 1014 dum
1038 983 1158 1019 studes,
1184 983 1326 1014 desidiae

243 1023 383 1063 studeas,
411 1031 448 1057 ut
479 1027 565 1057 illius
602 1027 758 1067 impensis
791 1033 823 1058 et
852 1028 934 1058 meis
966 1027 1140 1059 sudoribus
1164 1028 1326 1068 proficias.

243 1068 325 1100 Vale
350 1083 378 1100 ι».

299 1114 455 1156 Sequitur
470 1125 601 1146 carmen
618 1115 735 1146 Fratris
747 1116 912 1148 Vincentii
928 1117 1056 1148 Patinas
1072 1117 1113 1148 de
1129 1117 1326 1156 Quintiano:

245 1211 382 1244 FRATRIS
404 1212 574 1244 VINCENTn
598 1223 761 1244 otmarum
785 1224 919 1245 EIUSDEM
946 1225 1163 1247 PROFESSIONIS
1191 1226 1326 1247 CARMEN.

390 1301 532 1334 Splendida
551 1301 638 1327 titanis
657 1302 736 1328 facies
755 1302 889 1328 hebetarat
909 1304 1008 1329 ocellos

243 1354 377 1372 ,sm-»⁷
395 1342 431 1351 ⁴³
440 1337 576 1371 Gentiles:
595 1354 626 1371 ac
645 1346 667 1371 si
686 1347 842 1372 nicticoratis
862 1354 949 1373 erant:

389 1390 458 1416 Ecce
478 1391 618 1424 superfusa
637 1391 707 1417 nube
726 1397 767 1417 est
784 1393 975 1418 circumdatus:
996 1394 1082 1427 aegris

443 1434 520 1460 Unde
539 1436 622 1461 oculis
641 1441 731 1469 gratus
751 1443 852 1462 crescat
871 1437 975 1462 abunde
993 1438 1077 1470 vigor.

390 1480 448 1505 Huc
466 1480 544 1513 igitur
561 1485 666 1506 vestros
685 1482 777 1507 oculos
797 1482 939 1508 convertite
958 1488 1063 1515 gentes:

442 1525 522 1550 Lucis
541 1525 585 1550 ubi
605 1526 705 1551 invisae
724 1534 822 1552 munus
841 1526 938 1552 habere
958 1528 1043 1552 datur.

389 1568 434 1594 sol
453 1567 586 1594 Tkomns:
605 1569 691 1595 nubes
710 1570 877 1596 anciscus:
898 1577 991 1604 gentes
1009 1572 1095 1597 ocelli.

442 1613 518 1639 Mens
537 1621 614 1640 caeca
633 1620 675 1640 est
693 1614 845 1640 hominum:
866 1616 947 1641 lector
965 1621 1108 1649 utrumque
1127 1617 1195 1651 lege.

300 1693 429 1725 Eodem
452 1694 534 1726 folio
561 1705 656 1726 verso
684 1697 822 1728 habetur
851 1697 884 1727 in
914 1703 1048 1728 extenso
1079 1698 1287 1739 privilegium
1311 1709 1329 1730 a

245 1737 417 1770 Clemente
440 1740 499 1771 Vll
526 1753 540 1767 ε
560 1740 681 1772 dilecto
704 1740 775 1772 filio
806 1741 916 1772 Lucae
943 1742 1092 1774 Antonio
1124 1742 1217 1774 Iunta
1243 1753 1328 1774 mer-

244 1784 346 1815 catori
373 1783 567 1816 Florentino
587 1798 603 1812 ›
637 1795 833 1817 concessum
864 1786 916 1817 die
949 1788 965 1818 5
999 1787 1200 1828 Septembris
1227 1789 1328 1828 1524:

243 1829 298 1859 cui
320 1829 468 1870 sequitur
490 1829 673 1862 notificatio
688 1831 849 1872 privilegii
873 1841 891 1861 a
915 1831 1036 1862 Senato
1060 1833 1188 1864 Veneto
1205 1834 1331 1874 accepti

243 1873 304 1904 sub
329 1873 382 1904 die
407 1883 448 1905 22
473 1874 674 1916 Septembris
697 1876 844 1907 eiusdem
869 1877 956 1907 anni.

298 1918 438 1959 Reliqua
455 1918 534 1950 folia
549 1925 786 1960 quaternorum
803 1931 888 1963 quae
903 1928 1030 1954 textum
1044 1921 1256 1963 praecedunt,
1273 1932 1329 1953 oc-

244 1969 407 2004 cupantur
434 1963 561 1995 Tabula
591 1964 748 2006 Capitum
782 1972 814 1997 et
847 1980 861 1994 ‹
889 1967 1132 1998 Contentorum
1162 1968 1195 1998 in
1227 1967 1329 1998 Corn-

243 2008 410 2038 mentm-iis
433 2008 635 2049 alphabetica
660 2012 874 2043 annotatione
894 2025 922 2042 ι.

301 2051 453 2084 Secunda
475 2054 646 2095 impressio
669 2055 993 2088 Commentariorum
1016 2057 1042 2087 F
1045 2057 1228 2087 errariensis
1246 2057 1331 2088 facta

243 2095 307 2127 fuit
335 2097 463 2129 Parisiis
493 2107 581 2130 anno
620 2100 715 2137 1552,
744 2102 845 2132 unico
873 2102 1042 2132 volumine
1068 2103 1103 2133 in
1130 2101 1223 2138 folio,
1252 2111 1328 2133 cum

246 2147 336 2172 textu
367 2141 400 2173 S.
429 2143 591 2181 Thomae,
619 2151 753 2176 curante
780 2145 890 2177 Fratre
919 2146 1061 2177 Claudio
1092 2146 1247 2187 Spinaeo,
1271 2156 1330 2177 seu

245 2185 288 2217 de
310 2185 422 2227 Spina.
447 2187 484 2218 In
506 2189 568 2219 hac
592 2188 738 2221 editione
762 2190 1011 2222 Commentaria
1034 2201 1103 2222 non
1127 2191 1331 2222 circumdant

246 2235 372 2262 textum
403 2231 436 2264 S.
463 2232 494 2263 T
495 2233 615 2264 hornae
645 2234 730 2265 sicut
757 2236 792 2266 in
820 2236 935 2276 prima,
967 2235 1023 2267 sed
1051 2237 1225 2277 separatim
1254 2242 1331 2277 post

245 2276 373 2317 singula
396 2278 539 2318 capitula
562 2279 684 2310 minori
700 2280 885 2312 charactere
901 2286 1083 2322 ponuntur.
1108 2280 1332 2321 Corrigendus

245 2319 416 2352 Echardus
438 2323 496 2352 ubi
520 2322 599 2353 dicit
626 2324 718 2365 quod
748 2325 783 2356 in
811 2326 873 2356 hac
903 2325 1050 2357 editione
1083 2324 1331 2357 Commentaria

244 2365 439 2406 prodierunt
465 2379 479 2393 ι
499 2369 636 2399 seorsim
653 2374 686 2399 et
704 2370 774 2400 sine
791 2375 882 2401 textu
898 2372 1002 2401 sancti
1018 2371 1164 2401 doctoris
1183 2384 1198 2397 ι
1228 2370 1330 2412 (Scri-

240 2415 367 2452 ptores,
392 2411 430 2448 11,
455 2411 526 2454 60).

303 2455 554 2497 Frontispitium
578 2458 624 2488 sic
647 2459 843 2490 inscribitur.
872 2473 886 2487 ‹
906 2460 946 2491 D.
971 2460 1123 2491 Thomae
1146 2460 1332 2500 Aquinatis,

246 2509 286 2531 ex
309 2500 548 2532 Praedicator-ia
564 2501 697 2540 familia,
714 2503 852 2535 Summa
871 2504 995 2536 Contra
1016 2504 1173 2541 Gentiles,
1190 2511 1333 2545 quatuor

245 2544 335 2576 libris
351 2547 600 2587 comprehensa.
618 2547 874 2580 Commentariis
890 2550 1100 2581 eruditissimi
1123 2550 1193 2586 viri,
1215 2550 1334 2580 Fratris

246 2589 411 2621 Francisci
445 2590 487 2622 de
521 2591 692 2630 Silvestris,
724 2593 948 2631 Ferrariensis,
979 2594 1125 2626 doctoris
1155 2594 1332 2635 Theologi,

246 2634 370 2666 ordinis
384 2635 465 2667 item
480 2636 721 2675 Praedicatorii‚
739 2639 820 2670 olim
836 2645 912 2680 post
929 2640 1087 2671 eximium
1110 2640 1256 2680 regimen
1273 2640 1332 2670 ob-

245 2681 425 2712 servantiae
448 2690 534 2722 quae
558 2681 777 2714 Lombardiae
799 2690 947 2721 vocatur,
972 2685 1165 2716 auctoritate
1188 2694 1225 2715 ac
1242 2685 1331 2715 iussu

247 2723 429 2756 Clementis
455 2726 523 2757 Vll.
557 2727 654 2758 Pont.
686 2728 772 2759 Max.
802 2728 996 2760 Conventus
1021 2735 1053 2760 et
1082 2730 1243 2771 gymnasii
1267 2729 1332 2760 Bo-

245 2769 415 2801 noniensis
436 2772 578 2811 regentis
605 2781 643 2803 ac
666 2773 893 2811 moderatoris,
917 2780 950 2805 et
977 2774 1096 2805 deinde
1125 2774 1227 2804 totius
1255 2773 1331 2804 dicti

246 2813 370 2845 ordinis
393 2814 539 2856 Magistri
562 2818 720 2857 generalis
743 2818 913 2849 illustrata.
931 2836 954 2841 --
978 2819 1108 2850 Mendis
1130 2829 1207 2850 sane
1231 2828 1330 2859 quam

245 2859 395 2899 plurimis
417 2861 539 2900 passim
555 2861 727 2903 diligenter
749 2868 782 2894 et
797 2869 946 2894 accurate
970 2870 1150 2904 repurgata.
1167 2882 1190 2887 -
1205 2864 1332 2894 Parisiis

247 2903 348 2944 Apud
369 2904 554 2936 Poncetum
571 2906 602 2937 le
617 2907 734 2944 Preux,
759 2908 820 2938 sub
839 2908 1030 2949 intersignio
1047 2908 1145 2949 Lupi,
1163 2918 1181 2939 e
1196 2909 1331 2949 regione

248 2948 502 2987 Maturinorum,
526 2951 561 2981 in
584 2952 636 2982 via
660 2951 809 2983 lacobea.
838 2953 933 2983 1552.
958 2963 1035 2984 611111
1057 2953 1230 2994 privilegio
1249 2967 1277 2983 ».

304 2993 341 3024 ln
365 2993 432 3025 fine
453 2994 633 3026 voluminis
655 2997 794 3027 habetur
819 3007 961 3037 sequens
994 2998 1176 3038 colophon.
1207 3011 1221 3024 ‹
1241 2998 1330 3028 Finis

248 3039 354 3078 quarti
370 3045 403 3069 et
418 3039 525 3070 ultimi
541 3040 614 3070 libri
629 3040 785 3072 Summae
802 3042 842 3072 D.
859 3042 1011 3073 Thomae
1027 3043 1201 3083 Aquinatis
1218 3048 1332 3074 contra

248 3081 406 3123 Gentiles,
431 3083 687 3116 Commentariis
704 3086 822 3116 Fratris
839 3087 1002 3118 Francisci
1023 3087 1063 3118 de
1080 3087 1239 3119 Silvestris
1255 3087 1332 3118 Fer-

246 3128 406 3166 rariensis,
431 3128 554 3160 ordinis
581 3130 857 3170 Praedicatorum,
882 3142 991 3162 sacrae
1022 3132 1227 3172 Theologiae
1255 3141 1331 3172 pro-

246 3172 389 3210 fessoris,
413 3175 515 3205 totius
543 3174 667 3206 ordinis
698 3175 866 3206 Generalis
897 3177 1051 3217 Magistri,
1080 3177 1271 3207 illustratae:
1296 3178 1330 3207 in

249 3218 369 3258 quibus
385 3218 641 3250 Commentariis
657 3221 727 3260 ipse
743 3226 910 3251 enarrator
925 3222 1038 3252 omnia
1053 3221 1127 3252 loca
1150 3221 1330 3258 recondita,

246 3263 411 3303 perplexa,
436 3264 592 3301 abstrusa,
617 3264 769 3304 difficilia,
802 3270 834 3295 et
863 3275 932 3296 non
961 3267 1023 3296 nisi
1052 3265 1250 3297 doctissimis
1274 3275 1330 3296 co-

247 3308 346 3348 gnita,
371 3309 405 3338 in
429 3310 563 3339 caeteris
587 3310 685 3340 etiam
712 3310 753 3340 D.
782 3309 933 3341 Thomae
959 3311 1184 3341 voluminibus
1209 3311 1327 3351 passim

249 3353 356 3389 obvia,
381 3363 466 3394 quae
489 3353 556 3384 fere
580 3353 707 3385 infinita
727 3365 805 3385 cum
827 3355 1015 3395 theologica
1029 3361 1101 3386 tum
1124 3356 1258 3396 physica
1281 3365 1331 3385 re-

247 3397 464 3437 periebantur,
489 3398 573 3429 adeo
597 3399 750 3436 distinxit,
775 3401 911 3436 notavit,
935 3400 1128 3436 enucleavit,
1147 3399 1330 3437 declaravit,

248 3447 281 3472 et
303 3442 344 3472 ad
358 3443 472 3474 vivum
492 3453 600 3484 usque
616 3443 746 3481 detexit,
763 3451 801 3475 ut
816 3445 1118 3485 impraesentiarum
1137 3445 1233 3475 etiam
1249 3454 1330 3475 neo-

246 3486 401 3527 ptolemis
425 3497 484 3518 seu
499 3489 632 3519 novitiis
656 3489 862 3520 studentibus
878 3490 959 3520 nihil
975 3489 1116 3529 amplius
1132 3489 1330 3520 difficultatis

248 3533 397 3572 supersit.
409 3550 433 3555 -
444 3533 572 3563 Parisiis
585 3543 624 3564 ex
641 3533 902 3575 Chalcographia
918 3534 1047 3564 Ioannis
1064 3534 1217 3570 Savetier,
1230 3534 1330 3564 Anno

250 3576 360 3606 salutis
385 3577 509 3608 MDLII
532 3587 647 3608 mense
671 3578 854 3609 ianuarii».

305 3621 519 3662 Frontispitio
538 3632 633 3653 verso
650 3622 810 3654 Claudius
832 3624 898 3654 hoc
914 3623 1016 3654 modo
1041 3623 1214 3654 Lectorem
1239 3633 1331 3653 com-

249 3665 357 3705 pellat.
385 3679 400 3693 ‹
420 3666 624 3706 Theologiae
648 3667 800 3699 studiosis
830 3668 941 3698 Frater
972 3667 1129 3698 Claudius
1160 3667 1329 3708 Spinaeus‚

2373 300 2455 326 XLIII

1379 356 1594 397 Praedicator,
1619 359 1821 400 Theologus,
1847 360 2002 392 Salutem.
2026 362 2179 403 Indignus
2207 370 2255 395 est
2278 367 2335 406 qui
2359 369 2454 405 vivat,

1378 400 1562 432 Christiane
1586 403 1715 440 Lector,
1740 406 1776 440 si,
1802 415 1878 435 cum
1902 411 2011 445 potest
2034 417 2103 437 rem
2126 409 2299 440 literariam
2326 421 2454 452 augere,

1377 447 1543 485 torpescit.
1561 447 1637 477 Non
1654 450 1776 479 etenim
1791 450 1900 480 minus
1916 452 1950 480 in
1967 451 2064 491 culpa
2080 453 2311 486 existimandus
2328 463 2375 487 est
2391 458 2454 494 hic,

1380 498 1480 528 quam
1505 491 1560 530 qui
1585 491 1691 522 literas
1721 494 1806 533 ipsas
1837 494 1934 524 simul
1965 505 2040 525 cum
2069 497 2259 529 authoribus
2286 502 2454 542 extinguit.

1380 533 1560 573 Diligenter
1584 536 1694 575 itaque
1709 537 1742 566 id
1767 547 1894 576 cavens,
1912 548 1988 568 curn
2006 540 2146 571 viderem
2170 543 2253 574 infra
2277 544 2455 577 Galliarum

1380 579 1495 608 orbem
1507 578 1752 610 Commentaria
1771 582 1851 612 haec
1863 583 2124 622 praeclarissima,
2138 588 2340 629 authoreque
2363 601 2455 631 prae-

1380 622 1559 653 clarissimo
1585 624 1680 661 edita,
1704 634 1868 665 nusquam
1883 627 2049 666 impressa,
2067 630 2110 659 ob
2134 630 2233 670 idque
2257 643 2383 665 summa
2407 646 2455 666 ra-

1379 667 1472 697 ritate
1496 668 1617 705 haberi,
1643 669 1734 709 quod
1756 679 1857 709 penes
1881 680 1934 701 me
1951 673 2114 712 exemplar
2137 675 2268 706 illorum
2291 685 2455 711 vetustum

1381 713 1508 742 extabat
1535 712 1589 753 (ne
1613 713 1843 753 limpidissimo
1867 715 2031 756 Theologi
2059 718 2155 748 huius
2179 723 2380 754 scaturientis
2405 735 2455 755 63-

1379 756 1446 786 nali
1470 756 1598 801 viderer·
1611 758 1775 788 calculum
1792 759 1979 802 obtrudere)
1998 761 2179 800 producere
2194 765 2328 804 institui,
2353 778 2455 808 eaque

1381 801 1565 832 emaculare
1582 807 1613 832 et
1637 812 1801 843 apparare.
1826 804 1928 834 Porro
1945 807 2123 845 negocium
2139 817 2335 848 aggressum,
2352 813 2455 844 sicubi

1380 845 1532 876 locorum
1551 847 1603 876 vel
1628 848 1734 878 otium
1757 848 1809 879 vel
1833 848 2051 880 eruditionem
2066 852 2147 881 mihi
2164 853 2274 884 deesse
2298 858 2392 893 sensi,
2410 859 2456 888 vi-

1381 900 1493 921 rorum
1517 890 1782 923 doctissimorum
1799 892 1839 923 ad
1855 894 1919 924 hoc
1932 903 2047 934 operas
2064 901 2096 925 et
2111 896 2268 928 iudicium
2284 900 2456 940 implorare

1381 935 1469 966 haud
1491 935 1620 976 puduit.
1645 937 1762 977 Neque
1786 943 1896 968 tamen
1920 939 2068 969 existimo
2093 941 2218 980 singula
2241 943 2323 974 adeo
2348 952 2456 977 exacte

1380 980 1535 1011 meditata
1559 982 1639 1021 quin
1656 982 1815 1012 nonnulla
1830 983 1888 1013 tibi
1905 984 2036 1014 obviam
2053 983 2161 1015 futura
2177 987 2240 1017 sint
2263 989 2456 1029 castiganda,

1381 1034 1525 1065 quorum
1548 1026 1675 1066 pagella
1700 1032 1880 1058 erratorum
1897 1034 1928 1058 te
1952 1027 2152 1060 admonebit.
2177 1031 2229 1061 Ad
2255 1042 2308 1063 eas
2331 1041 2456 1066 nostras

1381 1079 1497 1110 operas
1521 1077 1726 1101 accesserunt
1749 1071 1903 1112 suffragio
1927 1072 2126 1113 bibliopolae
2145 1074 2300 1116 (quorum
2323 1080 2457 1110 nomina

1380 1124 1472 1145 versa
1496 1115 1622 1155 pagella
1647 1115 1767 1157 prodit)
1790 1117 1824 1147 in
1848 1122 1959 1147 nostra
1982 1119 2190 1150 universitate
2213 1121 2382 1154 Parisiensi
2406 1134 2457 1155 ce-

1381 1160 1586 1190 lebratissimi
1609 1161 1697 1191 iuxta
1724 1170 1761 1191 ac
1791 1162 2003 1202 Reipublicae
2030 1163 2186 1194 literariae
2217 1166 2456 1199 studiosissimi:

1382 1205 1440 1245 qui
1463 1205 1543 1235 nihil
1567 1206 1667 1235 territi
1690 1206 1741 1235 vel
1765 1212 1959 1247 sumptuum
1990 1209 2222 1247 magnitudine,
2246 1211 2298 1241 vel
2321 1213 2458 1243 molesta

1381 1250 1539 1290 temporis
1555 1250 1738 1290 prolixitate
1756 1250 1896 1287 fastiditi,
1913 1256 2022 1282 totum
2037 1254 2241 1293 superiorem
2265 1265 2387 1287 annum
2414 1256 2458 1299 (et

1381 1303 1421 1324 eo
1446 1293 1599 1336 amplius)
1626 1295 1704 1325 huic
1720 1296 1813 1335 operi
1829 1295 2022 1327 effusissime
2040 1297 2289 1338 impenderunt:
2307 1301 2457 1342 adeoque

1381 1338 1529 1370 felicibus
1553 1340 1705 1379 auspiciis
1729 1344 1766 1370 ut
1796 1340 1861 1370 iam
1891 1341 2022 1380 copiam
2053 1351 2168 1374 eorum
2199 1344 2318 1376 habere
2341 1348 2457 1386 possis,

1382 1393 1467 1424 quae
1490 1383 1603 1414 tandiu
1628 1383 1725 1414 dilata
1748 1393 1785 1414 ac
1809 1390 1969 1415 remorata
1985 1385 2108 1417 dolebis
2131 1386 2216 1430 (sic).
2242 1389 2332 1420 Haec
2347 1391 2457 1431 itaque

1382 1427 1619 1469 gratulabundo
1655 1429 1777 1464 animo,
1813 1429 1976 1470 simulque
2010 1437 2135 1462 nostras
2170 1442 2284 1473 operas
2319 1437 2457 1476 suscipe,

1383 1473 1530 1504 Candide
1547 1473 1676 1509 Lector,
1693 1473 1812 1513 quibus
1831 1473 1911 1504 dum
1935 1479 2067 1505 auctum
2091 1481 2122 1506 te
2146 1478 2291 1514 senseris,
2307 1479 2458 1517 Authori,

1382 1519 1519 1558 eiusque
1543 1517 1649 1548 ordini
1664 1518 1939 1556 Praedicator-um,
1958 1520 2015 1559 qui
2038 1525 2104 1550 tam
2120 1522 2320 1560 praeclarum
2345 1524 2458 1555 docto-

1381 1571 1451 1593 rem
1467 1562 1632 1592 Ecclesiae
1645 1561 1766 1592 Christi
1782 1564 1919 1603 peperit,
1935 1564 2019 1594 bene
2035 1571 2194 1604 precator.
2211 1567 2301 1598 Vale.
2315 1568 2363 1598 Ex
2379 1569 2458 1600 aede

1381 1612 1492 1638 nostra
1519 1606 1782 1637 Praedicatorum
1810 1608 2050 1646 Parisiensium,
2078 1609 2187 1640 Idibus
2216 1611 2412 1643 Novembris
2430 1627 2457 1644 ».

1439 1652 1556 1682 Annus
1579 1661 1649 1682 non
1673 1651 1869 1692 adiungitur,
1896 1652 1954 1683 sed
1981 1662 2019 1683 ex
2050 1654 2238 1694 colophone
2267 1658 2458 1698 transcripto

1383 1705 1481 1736 supra
1505 1696 1668 1736 colligitur
1691 1697 1782 1736 quod
1805 1696 1902 1727 fuerit
1933 1698 2028 1728 1551.
2056 1711 2070 1725 ‹
2092 1699 2220 1739 Pagella
2245 1706 2422 1732 erratorum
2443 1716 2456 1730 »

1384 1740 1424 1772 de
1448 1750 1513 1781 qua
1537 1740 1573 1771 fit
1595 1741 1732 1778 mentio,
1756 1750 1825 1771 non
1848 1742 1993 1773 habetur.

1440 1785 1541 1816 Foliis
1568 1785 1755 1816 immediate
1782 1787 1994 1826 sequentibus
2023 1794 2193 1828 ponuntur
2223 1789 2393 1821 Dedicatio
2422 1790 2461 1822 ad

1384 1830 1591 1861 Clementem
1614 1830 1683 1866 VII,
1709 1836 1740 1860 et
1763 1831 1918 1871 Elogium
1935 1831 2064 1862 loannis
2081 1833 2245 1873 Baptistae
2269 1834 2396 1874 Egnatii
2421 1835 2461 1866 ad

1383 1875 1569 1912 Lectorem,
1593 1881 1692 1916 prout
1715 1875 1749 1905 in
1771 1876 1878 1916 prima
1902 1875 2046 1907 editione
2070 1877 2232 1918 leguntur.

1439 1920 1550 1951 Tertia
1573 1920 1686 1956 editio,
1711 1929 1796 1960 quae
1819 1920 1973 1961 Lugduni
2003 1921 2125 1961 prodiit
2155 1932 2241 1953 anno
2274 1924 2368 1964 1567,
2392 1934 2460 1955 non

1383 1970 1432 1995 est
1462 1965 1523 1995 nisi
1553 1964 1765 2005 reproductio
1798 1971 1910 1996 exacta
1937 1965 2089 1996 editionis
2120 1966 2330 2007 Claudianae,
2362 1978 2461 2008 quarn

1382 2010 1530 2049 sequitur
1552 2010 1671 2049 pagina
1693 2018 1754 2050 pro
1779 2010 1906 2050 pagina,
1923 2010 2078 2041 columna
2101 2020 2161 2051 pro
2187 2012 2351 2049 columna,
2375 2014 2460 2044 linea

1383 2063 1444 2094 pro
1468 2054 1565 2084 linea.

1439 2098 1690 2139 Frontispitium
1712 2099 1960 2139 inscriptionem
1977 2099 2139 2130 secundae
2159 2101 2309 2132 editionis
2333 2102 2461 2133 exhibet

1384 2152 1489 2184 usque
1520 2142 1561 2174 ad
1583 2143 1720 2173 verbum
1751 2143 1882 2174 Mendis
1912 2144 2084 2175 exclusive.
2116 2145 2241 2176 Exinde
2269 2147 2315 2177 sic
2345 2147 2459 2187 pergit.

1387 2201 1401 2214 ‹
1421 2188 1518 2218 Nunc
1542 2187 1653 2218 denuo
1677 2193 1765 2218 tanta
1788 2187 1952 2228 diligentia
1973 2198 2010 2219 ac
2034 2189 2204 2220 sedulitate
2226 2196 2407 2231 repurgata,
2424 2197 2460 2222 ut

1383 2233 1490 2263 multo
1515 2241 1615 2272 quam
1638 2233 1774 2263 antehac
1790 2233 1966 2263 correctior
1981 2234 2014 2263 in
2039 2233 2148 2264 lucem
2172 2234 2318 2275 prodeat.
2335 2253 2356 2257 -
2373 2235 2460 2276 Lug-

1385 2277 1476 2316 duni,
1499 2276 1552 2307 Ad
1575 2276 1814 2313 Sahmandrae,
1845 2278 1879 2308 in
1902 2278 1978 2308 vico
2003 2277 2200 2309 Mercatorio
2227 2279 2412 2310 MDLXVII
2431 2293 2460 2310 ι.

1441 2321 1655 2362 Frontispitio
1672 2331 1766 2352 verso
1782 2322 1920 2352 habetur
1936 2321 2066 2353 Claudii
2082 2323 2232 2354 salutatio
2250 2333 2349 2364 quam
2366 2334 2462 2364 supra

1384 2366 1656 2406 transcripsimus,
1680 2366 1773 2396 nullo
1797 2367 1830 2396 in
1855 2376 1892 2397 ea
1916 2372 2054 2403 mutato,
2074 2377 2116 2398 ne
2140 2367 2273 2408 quidem
2299 2375 2462 2399 commate

1384 2412 1442 2442 ubi
1454 2410 1572 2441 dicitur
1583 2410 1675 2451 quod
1687 2411 1941 2452 bibliopolarum
1953 2411 2182 2443 Parisiensium
2194 2413 2330 2443 nomina
2343 2426 2357 2440 ‹
2372 2423 2463 2444 versa

1384 2456 1512 2496 pagella
1530 2455 1639 2496 prodit
1659 2469 1686 2486 ».
1704 2457 1820 2486 Annus
1836 2456 1915 2487 item
1932 2455 2031 2493 deest,
2049 2463 2241 2488 conservato
2266 2457 2378 2489 Idibus
2393 2458 2462 2488 No-

1385 2501 1533 2531 vembris.
1565 2500 1635 2531 Nec
1664 2501 1699 2531 in
1726 2501 1786 2531 hac
1818 2500 1962 2531 editione
1989 2515 2002 2528 ε
2023 2502 2148 2541 pagella
2177 2507 2356 2533 erratorum
2375 2516 2389 2529 ›
2413 2503 2462 2533 in-

1386 2546 1524 2576 venitur.

1441 2596 1542 2627 Foliis
1577 2596 1790 2636 sequentibus
1825 2602 1995 2636 ponuntur
2029 2596 2199 2627 Dedicatio
2235 2597 2275 2628 ad
2309 2598 2461 2629 Clemen-

1385 2647 1452 2672 tem
1468 2640 1526 2671 VII
1542 2646 1574 2671 et
1590 2641 1744 2681 Elogium
1761 2641 1899 2680 Egnatii.
1911 2641 1982 2671 —In
1998 2640 2064 2671 fine
2077 2641 2276 2672 Claudianus
2293 2643 2460 2682 colophon

1384 2687 1530 2724 habetur,
1555 2686 1678 2725 absque
1701 2690 1811 2716 tamen
1834 2685 2032 2716 indicatione
2055 2687 2300 2727 typographiae.

1441 2730 1528 2761 Cum
1561 2730 1626 2760 hoc
1659 2739 1746 2760 anno
1779 2729 1862 2769 1567
1897 2729 2056 2761 Claudius
2087 2730 2193 2761 adhuc
2224 2731 2347 2761 viveret
2382 2729 2459 2772 (vid.

1385 2775 1523 2814 Echard,
1547 2774 1742 2815 Scriptores,
1768 2774 1805 2810 11,
1827 2773 1900 2815 167)
1921 2780 1952 2804 et
1968 2775 2048 2806 haec
2065 2775 2165 2805 editio
2190 2776 2250 2806 sub
2275 2776 2344 2805 eius
2369 2785 2459 2805 com-

1384 2820 1595 2851 mendatione
1610 2819 1776 2860 prodierit,
1802 2820 1964 2849 coniicere
1981 2819 2056 2850 licet
2074 2821 2146 2859 ipso
2167 2820 2368 2860 approbante
2384 2829 2459 2859 pro-

1385 2865 1491 2896 diisse.
1516 2863 1689 2904 Quidquid
1703 2873 1781 2894 vero
1802 2863 1842 2894 de
1865 2864 1930 2894 hoc
1946 2865 1995 2900 sit,
2020 2870 2145 2895 certum
2169 2870 2217 2894 est
2240 2863 2340 2904 quod,
2357 2873 2460 2904 quan-

1384 2916 1456 2940 tum
1473 2909 1513 2940 ad
1536 2919 1604 2939 rem
1622 2909 1817 2945 litterariam,
1834 2909 1895 2938 hae
1911 2908 1994 2939 duae
2011 2908 2170 2940 editiones
2185 2914 2340 2948 tanquam
2363 2909 2460 2938 unica

1384 2955 1495 2985 haberi
1510 2959 1659 2994 possunt.
1677 2953 1818 2984 Diversis
1834 2959 1943 2984 tamen
1963 2954 2048 2994 siglis
2069 2963 2121 2984 eas
2137 2952 2327 2989 indicamus,
2342 2952 2369 2983 C
2387 2958 2417 2983 et
2432 2952 2459 2982 L

1385 2999 1585 3030 maiusculis.

1440 3043 1540 3084 Apud
1564 3042 1690 3074 Echard
1714 3043 1874 3073 indicatur
1890 3048 2003 3082 quarta
2026 3042 2126 3073 editio
2150 3042 2349 3082 Antuerpiae
2373 3050 2459 3071 anno

1388 3089 1472 3119 1568
1497 3088 1675 3128 publicata:
1701 3097 1800 3127 quam
1824 3097 1892 3117 non
1916 3087 2067 3117 vidimus.

1441 3133 1475 3163 111
1501 3132 1645 3163 editione
1669 3133 1817 3162 Romana
1842 3131 1990 3172 Operum
2015 3131 2046 3162 S.
2072 3131 2220 3161 Thomae
2245 3141 2262 3160 a
2287 3129 2317 3160 S.
2342 3130 2401 3159 Pio
2429 3129 2459 3159 V

1382 3176 1478 3214 facta,
1491 3178 1627 3208 Summa
1640 3176 1763 3207 Contra
1780 3176 1926 3207 Gentiles
1943 3181 1974 3206 et
1990 3175 2234 3206 Commentaria
2249 3175 2274 3204 F
2278 3174 2459 3204 errariensis

1383 3232 1511 3252 nonum
1535 3227 1665 3252 tomum
1689 3222 1902 3257 constituunt,
1933 3225 2022 3250 textu
2053 3219 2374 3250 Commentariorum
2398 3218 2458 3247 cir-

1383 3267 1558 3298 cumdante
1588 3272 1713 3296 textum
1744 3265 1775 3296 S.
1805 3265 1968 3301 Thomae,
1996 3265 2080 3294 sicut
2109 3265 2142 3293 in
2170 3263 2274 3303 prima
2304 3262 2456 3292 editione.

1382 3312 1632 3351 Frontispitium
1656 3311 1702 3341 sic
1726 3320 1760 3341 se
1783 3311 1889 3340 habet.
1917 3323 1931 3336 ‹
1951 3309 2078 3339 Tomus
2100 3317 2218 3343 nonus,
2243 3307 2283 3337 D.
2308 3307 2458 3337 Thomae

1383 3357 1555 3396 Aquinatis
1583 3355 1736 3385 Doctoris
1768 3355 1916 3394 Angelici
1948 3353 2116 3384 Summam
2147 3352 2335 3382 Catholicae
2366 3350 2458 3381 Fidei

1383 3401 1508 3431 Contra
1532 3399 1678 3431 Gentiles
1702 3399 1934 3439 complectenS‚
1960 3407 2035 3428 curn
2066 3396 2318 3427 Commentariis
2341 3395 2458 3425 Fratris

1382 3445 1545 3475 Francisci
1579 3445 1804 3479 Ferrariensis,
1841 3442 1963 3473 ordinis
1993 3441 2255 3472 Praedicatorum
2292 3439 2458 3470 Generalis

1384 3490 1538 3530 Magistri.
1568 3490 1693 3519 Romae
1717 3488 1871 3518 MDLXX
1891 3500 1918 3516 ›.
1950 3487 1985 3516 In
2008 3486 2074 3516 fine
2105 3485 2281 3516 voluminis
2305 3485 2350 3515 sic
2380 3484 2458 3524 legi-

1382 3540 1444 3565 tur.
1473 3547 1487 3561 «
1507 3535 1631 3564 Romae
1652 3532 1751 3572 Apud
1772 3531 1925 3562 haeredes
1949 3531 2085 3560 Antonii
2108 3529 2222 3566 Bladii‚
2247 3535 2279 3559 et
2302 3529 2459 3559 loannem

1384 3578 1593 3609 Osmarinum
1618 3577 1775 3607 Liliotum
1791 3577 1898 3606 socios
1915 3575 2068 3605 MDLXX
2089 3588 2117 3605 ».
2141 3574 2390 3614 Frontispitium
2410 3582 2458 3603 se-

1383 3629 1528 3663 quuntur
1552 3622 1722 3652 Dedicatio
1739 3621 1778 3651 ad
1796 3620 2001 3650 Clementem
2017 3619 2074 3649 V11
2092 3625 2123 3649 et
2144 3619 2299 3659 Elogium
2319 3617 2458 3657 Egnatii.

1384 3667 1568 3698 lndicamus
1593 3667 1673 3706 siglo
1698 3666 1732 3695 P.
