2768 4134
0 1021 28 1223 ‘k'
38 1035 172 1058 Coment.
182 1041 234 1063 cap.

11 1068 57 1090 ιν,
71 1067 152 1084 ..ινιι
167 1067 219 1090 sqq.

0 1221 11 1298 ἒ

12 1347 28 1369 u·
33 1346 71 1371 Gt.
78 1328 164 1371 textset
168 1354 217 1372 var.
225 1355 231 1376 ;

0 1299 65 1472 μ
78 1373 157 1425 gibic-
178 1381 231 1404 cap.

17 1417 71 1465 ‘cll
81 1446 138 1466 text.
149 1446 172 1466 et
181 1449 230 1465 var.

0 2449 192 2518 §.mmmm

9 2692 78 2716 .·Cf.
91 2698 156 2715 num.
171 2697 222 2714 vin.

10 2869 147 2893 ’·cf.num.
155 2875 206 2896 vm,
212 2876 235 2896 4.

20 3047 34 3058 ⁶
48 3045 86 3069 Cf.
99 3051 165 3068 num.
173 3051 223 3073 seq.

28 3501 40 3510 ·
53 3499 90 3522 Cf.
105 3506 169 3522 num.
180 3505 212 3521 ix.

30 3624 41 3634 ·
63 3623 135 3646 Num.
159 3630 244 3652 praec..

32 3649 137 3673 Ponebat
150 3652 228 3672 tertio.

724 283 913 320 SUMMA
943 284 1164 322 CONTRA
1194 284 1468 331 GENTILES,
1498 287 1592 323 LIB.
1614 287 1655 332 ΙΙ,
1686 286 1796 323 CAP.
1818 287 2005 324 LXXXII.

263 370 331 392 non
356 366 403 391 est
427 361 534 391 anima
558 362 643 392 bruti
660 371 759 402 capax
783 373 852 394 esse
868 364 1063 404 perpetui.-—
1077 364 1236 394 Probatur
1259 374 1338 395 con-

263 406 441 446 sequentia.
470 406 557 444 Quia
580 407 612 437 in
637 408 780 447 qualibet
804 417 837 438 re
869 418 952 449 quae
976 414 1084 449 potest
1106 410 1274 449 pervenire
1298 409 1338 440 ad

263 451 406 491 aliquam
430 451 676 490 perfectionem,
701 453 864 483 invenitur
887 453 1040 484 naturalis
1067 454 1230 494 appetitus
1252 454 1338 484 illius

262 495 481 536 perfectionis.
497 514 521 518 -
535 496 742 527 Antecedens
754 498 850 527 etiarn
863 498 1028 538 probatur.
1042 498 1128 536 Quia
1142 499 1249 529 anima
1265 508 1337 529 sen-

262 541 355 571 sitiva
373 550 442 570 non
455 541 669 581 apprehendit
687 542 750 572 nisi
766 542 820 572 hic
843 548 875 572 et
899 552 995 573 nunc.
1020 543 1107 583 Ergo
1131 553 1198 573 non
1223 552 1336 583 appre-

263 585 376 616 hendit
391 594 460 616 esse
475 591 682 626 perpetuum.
703 586 790 627 Ergo
814 588 961 627 appetitu
977 588 1123 618 animalis
1142 588 1337 628 inquantum

262 630 383 660 animal
407 635 464 666 est,
481 631 539 670 qui
562 635 610 660 est
632 632 795 670 appetitus
812 641 1016 672 consequens
1033 633 1336 672 apprehensionem,

262 684 331 705 non
355 675 480 715 appetit
501 684 571 705 esse
595 681 802 716 perpetuum.

318 718 460 750 Adverte
485 719 577 759 quod
600 729 668 750 non
693 721 869 751 committit
891 720 1028 752 Sanctus
1052 721 1198 752 Thomas
1226 722 1337 762 aequi·

262 764 481 800 vocationem,
506 763 586 794 dum
609 764 737 796 videtur
760 766 892 796 transire
916 766 955 795 ab
972 766 1119 806 appetitu
1137 766 1274 797 naturali
1297 765 1338 796 ad

263 808 445 848 appetitum
461 809 650 840 animalem:
668 810 743 850 quia
759 820 828 841 non
844 810 982 840 sumitur
996 810 1049 841 hic
1066 811 1228 850 appetitus
1243 816 1337 841 natu—

261 852 336 883 ralis
355 858 392 883 ut
415 852 622 894 distinguitur
638 860 750 885 contra
765 855 947 895 appetitum
966 861 1158 895 sequentem
1177 855 1337 895 cognitio-

261 907 350 936 nem,
366 897 423 928 sed
439 903 475 929 ut
491 897 699 939 distinguitur
713 905 840 931 tantum
860 905 972 930 contra
991 900 1166 940 appetitum
1189 900 1336 930 liberum.

263 942 316 974 Sic
341 943 428 973 enim
453 948 485 973 et
499 945 661 984 appetitus
685 945 832 975 animalis
856 944 974 975 dicitur
997 946 1159 985 appetitus
1173 944 1336 975 naturalis.

261 987 444 1026 Quomodo
457 993 566 1019 autem
579 989 686 1019 anima
699 990 849 1020 sensitiva
860 999 930 1020 non
945 989 1165 1030 apprehendat
1181 999 1249 1020 esse
1265 998 1337 1029 per-

262 1037 411 1073 petuum,
436 1038 584 1063 constare
607 1039 716 1074 potest
739 1044 778 1065 ex
801 1034 1022 1074 superioribus
1037 1035 1064 1070 ἣ,
1088 1035 1146 1065 ubi
1169 1039 1338 1065 ostensum

262 1083 310 1108 est
325 1086 343 1107 e
366 1087 526 1108 converso
549 1078 751 1110 intellectum
774 1084 970 1119 perpetuum
993 1088 1062 1109 esse
1085 1078 1336 1120 apprehendere.

319 1131 349 1152 2.
369 1122 509 1159 Quarto.
531 1122 618 1153 Tota
640 1124 787 1164 operatio
803 1124 974 1154 brutorum
993 1123 1096 1155 tendit
1111 1123 1151 1154 ad
1167 1133 1337 1155 conserva-

260 1167 386 1198 tionem
399 1176 467 1198 esse
481 1168 631 1207 corporei
643 1169 726 1199 sicut
738 1169 772 1199 in
783 1167 895 1199 finem.
908 1169 994 1209 Ergo
1007 1177 1076 1199 non
1089 1174 1137 1199 est
1149 1169 1194 1199 eis
1203 1168 1337 1208 aliquod

260 1221 330 1242 esse
357 1212 480 1252 absque
507 1221 656 1252 corpore.
673 1230 696 1234 —
712 1212 957 1253 Consequentia
980 1218 1077 1253 patet.
1093 1231 1118 1237 -
1131 1213 1337 1244 Antecedens

260 1266 338 1288 vero
359 1257 525 1297 probatur.
545 1256 631 1295 Quia
654 1257 695 1288 ad
717 1258 782 1288 hoc
805 1258 972 1289 ordinatur
994 1259 1141 1298 operatio
1166 1259 1338 1289 cuiuslibet

259 1301 306 1332 rei
329 1302 413 1334 sicut
430 1302 465 1332 in
479 1300 588 1335 <finem
608 1302 642 1332 in
659 1311 727 1343 quo
743 1311 801 1333 sua
820 1302 992 1333 delectatio
1009 1301 1133 1342 figitur:
1159 1311 1236 1333 cum
1251 1303 1336 1333 dele-

259 1346 419 1377 ctationes
426 1346 603 1387 perficiant
621 1347 838 1387 operationes,
856 1357 895 1378 ex
911 1347 923 1377 Ι
936 1347 1129 1378 Ethicorum
1141 1348 1168 1377 ³.
1189 1347 1336 1378 Delecta-

258 1391 365 1422 tiones
388 1395 496 1421 autem
521 1400 637 1422 omnes
663 1391 835 1422 brutorum
863 1391 1047 1422 referuntur
1073 1391 1113 1422 ad
1143 1401 1337 1423 conservan-

258 1436 338 1468 tiam
353 1436 371 1452 ⁴*
394 1436 552 1475 corporis.

314 1479 559 1511 Attendendum
577 1479 668 1520 quod
683 1490 752 1510 non
768 1481 875 1520 inquit
891 1480 1026 1511 Sanctus
1039 1480 1186 1511 Thomas
1202 1490 1335 1511 omnem

259 1534 330 1557 rem
354 1523 493 1556 ordinari
519 1525 553 1555 in
577 1524 827 1555 delectationem
851 1534 943 1555 suam
962 1525 1046 1555 sicut
1069 1525 1102 1555 in
1125 1524 1243 1555 finem:
1268 1525 1335 1562 sed,

259 1568 344 1601 illud
358 1578 427 1600 esse
431 1569 539 1610 finem
556 1569 811 1609 uniuscuiusque
826 1569 860 1598 in
876 1578 940 1609 quo
956 1578 1018 1598 sua
1042 1569 1149 1599 omnis
1165 1569 1335 1599 delectatio

246 1613 385 1656 flgitur.
410 1612 510 1653 Apud
533 1613 689 1643 Sanctum
710 1613 875 1644 Thomam
899 1613 987 1643 enim
1003 1612 1176 1643 delectatio
1196 1623 1264 1644 non
1289 1619 1337 1644 est

257 1657 343 1694 finiS,
369 1656 426 1688 sed
449 1656 550 1688 finem
573 1657 786 1688 intrinsecum
803 1658 1052 1688 concomitatur.
1073 1657 1161 1687 Finis
1185 1658 1273 1688 enim
1289 1664 1337 1688 est

258 1701 351 1744 quod
372 1702 514 1733 maxime
537 1702 710 1742 appetitur.
728 1702 808 1732 Tale
824 1707 944 1738 autem,
969 1711 1047 1732 cum
1069 1701 1263 1741 possidetur,
1280 1702 1335 1733 de-

257 1747 467 1778 lectationem
491 1752 611 1777 causat.
636 1747 678 1777 Et
707 1747 754 1777 sic
784 1745 955 1777 delectatio
984 1751 1032 1778 est
1062 1747 1238 1777 coniuncta
1260 1746 1335 1778 ade-

257 1792 364 1833 ptioni
387 1790 470 1828 finis
495 1800 579 1831 quae
603 1796 651 1822 est
663 1791 749 1832 finis
773 1791 969 1822 intrinsecus
992 1792 1059 1822 sive
1071 1791 1158 1832 finis
1179 1801 1255 1832 quo.

314 1836 549 1869 Commu-tm
564 1836 735 1867 conclusio
751 1837 944 1868 auctoritate
964 1836 1045 1868 Gen.
1061 1845 1104 1872 nr,
1123 1836 1178 1866 ubi
1203 1836 1333 1867 dicitur:

257 1881 377 1912 Anima
403 1880 493 1911 illius
522 1881 556 1911 in
582 1881 756 1922 sanguine.
784 1899 807 1904 -
834 1880 870 1911 In
893 1880 976 1911 libro
1000 1890 1078 1911 vero
1109 1880 1150 1911 de
1170 1880 1334 1912 Ecclesia-

257 1926 348 1959 uicis
370 1925 592 1966 Dogmatibus
608 1925 741 1956 dicitur:
760 1925 874 1956 Solum
897 1925 1060 1956 hominem
1083 1925 1221 1956 dicimus
1236 1931 1296 1956 etc.
1313 1943 1336 1948 -

258 1970 341 2003 Item
365 1969 392 2000 11
415 1969 456 2000 de
478 1970 607 2006 Anima,
623 1975 700 2001 text.
718 1978 772 2006 21,
788 1970 907 2001 dicitur
930 1969 1021 2010 quod
1044 1970 1241 2001 intellectiva
1252 1977 1335 2011 pars

258 2019 434 2056 separatur
457 2014 497 2044 ab
520 2014 599 2045 aliis-
616 2015 702 2046 sicut
718 2020 912 2056 perpetuum
936 2025 957 2046 a
981 2014 1195 2054 corruptibili.

315 2058 507 2091 Excluditur
529 2069 666 2100 quoque
684 2069 743 2100 per
765 2060 849 2090 hanc
878 2059 1126 2090 conclusionem
1153 2069 1242 2090 error
1263 2059 1334 2090 Pla-

258 2105 356 2144 tonis,
371 2105 407 2135 in
429 2103 613 2140 Phaedone,
634 2105 787 2145 ponentis
810 2105 908 2135 etiam
931 2105 1104 2135 brutorum
1128 2105 1251 2134 animas
1274 2104 1335 2134 im-

260 2149 413 2182 mortales
437 2157 516 2179 esse.

303 2194 358 2224 VI.
383 2191 505 2231 Quoad
527 2192 710 2224 secundum
726 2194 753 2229 ³³,
770 2199 940 2233 ponuntur
955 2192 1117 2233 quaedam
1133 2192 1335 2224 obiectiones

260 2244 374 2271 contra
393 2238 513 2269 dictam
537 2238 786 2269 conclusionem
809 2243 842 2268 et
864 2238 1045 2268 solvuntur.
1069 2237 1224 2277 Arguitur
1247 2238 1334 2268 enim

259 2284 316 2315 sic.
339 2283 460 2314 Anima
482 2283 568 2313 bruti
591 2292 659 2313 non
675 2288 723 2314 est
739 2283 970 2323 corruptibilis:
988 2292 1096 2323 neque
1117 2292 1175 2323 per
1197 2291 1241 2318 se,
1259 2283 1334 2322 quia

259 2337 369 2369 neque
385 2327 583 2358 contrarium
600 2328 696 2358 habet
711 2336 820 2367 neque
836 2332 884 2358 est
899 2328 1083 2368 composita
1098 2337 1137 2358 ex
1153 2327 1334 2364 contrariis;

259 2383 323 2406 nec
345 2374 444 2404 etiam
466 2381 526 2412 per
548 2372 708 2408 accidens,
732 2373 809 2412 quia
832 2377 880 2402 est
902 2381 961 2412 per
983 2381 1018 2402 se
1047 2372 1234 2408 subsistens,
1259 2382 1335 2403 cum

260 2418 377 2449 habeat
399 2427 457 2458 per
479 2426 514 2447 se
538 2418 763 2457 operationem
787 2417 841 2448 cui
867 2426 935 2447 non
959 2417 1182 2448 communicat
1205 2426 1335 2457 corpus,

259 2463 383 2494 scilicet
399 2470 529 2492 movere
541 2462 572 2497 *3
591 2471 710 2502 corpus
723 2462 811 2492 enim
826 2467 988 2498 movetur,
1005 2467 1038 2492 et
1055 2462 1124 2492 sola
1141 2462 1247 2492 anima
1263 2471 1336 2493 mo—

261 2512 325 2538 vet.
349 2507 436 2547 Ergo
462 2512 522 2537 etc.

317 2551 412 2582 Hanc
435 2556 545 2583 autem
569 2551 729 2582 rationem
753 2549 830 2581 dicit
853 2550 990 2582 Sanctus
1007 2551 1152 2581 Thomas
1175 2551 1279 2582 redire
1302 2552 1335 2582 in

262 2596 349 2628 idem
374 2605 450 2627 cum
473 2596 598 2626 ratione
621 2595 765 2626 Platonis
788 2605 854 2636 qua
876 2605 1010 2626 omnem
1037 2596 1179 2626 animam
1202 2596 1336 2627 immor-

263 2642 361 2672 talem
388 2649 456 2671 esse
489 2640 657 2680 probabat.
688 2640 835 2671 Ponebat
865 2641 952 2671 enim
982 2641 1090 2680 primo
1119 2640 1212 2671 Plato
1245 2640 1336 2681 quod

263 2686 374 2718 anima
390 2690 439 2716 est
462 2694 594 2715 movens
608 2685 748 2725 seipsum
761 2686 788 2716 ἦ
808 2685 856 2715 Ex
873 2695 941 2726 quo
958 2686 1104 2725 sequitur
1119 2694 1253 2715 omnem
1269 2686 1336 2715 ani-

263 2740 352 2762 mam
375 2739 444 2760 esse
466 2729 694 2760 immortalem.
720 2729 828 2760 Omne
852 2731 940 2760 enim
962 2739 1099 2760 movens
1122 2730 1266 2770 seipsum
1290 2735 1338 2760 est

263 2774 460 2806 immortale:
485 2783 561 2804 nam
577 2783 697 2814 corpus
720 2783 788 2804 non
811 2775 951 2805 moritur
965 2775 1027 2804 nisi
1043 2774 1235 2805 abscedente
1259 2783 1299 2805 eo
1319 2784 1337 2804 a

264 2829 332 2860 quo
348 2819 557 2855 movebatur;
574 2818 662 2849 idem
677 2824 785 2849 autem
803 2829 821 2849 a
836 2820 944 2859 seipso
956 2818 1119 2849 discedere
1135 2828 1204 2849 non
1219 2823 1336 2859 potest.

319 2864 466 2895 Ponebat
482 2863 616 2894 ulterius
633 2863 715 2894 nihil
730 2872 861 2894 movere
876 2864 940 2894 nisi
956 2868 1078 2893 motum
1091 2864 1118 2893 ἃ.
1135 2863 1184 2893 Ex
1201 2873 1269 2903 quo
1289 2873 1337 2894 se-

265 2909 425 2950 quebatur
447 2907 481 2939 id
504 2907 595 2948 quod
620 2913 667 2938 est
689 2909 833 2948 seipsum
856 2917 1004 2944 movens,
1021 2917 1090 2938 esse
1113 2918 1172 2948 per
1194 2909 1338 2949 seipsum

265 2954 443 2985 motivum:
469 2958 502 2983 et
524 2953 570 2983 sic
593 2953 712 2983 habere
735 2953 877 2992 aliquam
901 2953 1127 2992 operationem
1151 2962 1209 2993 per
1232 2963 1277 2983 se.

320 2998 468 3029 Ponebat
482 2998 578 3028 tertio
594 2997 736 3027 animam
751 2998 936 3028 sensitivam
948 2997 1066 3027 habere
1078 2998 1243 3037 propriam
1259 3007 1338 3038 ope-

264 3044 426 3075 rationem
442 3051 510 3073 non
527 3041 636 3072 solum
652 3042 686 3072 in
701 3041 878 3077 movendo,
895 3041 952 3072 sed
967 3042 1064 3072 etiam
1076 3043 1111 3072 in
1123 3041 1293 3072 sentiendo
1306 3043 1337 3072 *:

265 3088 345 3120 dum
368 3087 512 3127 ponebat
533 3086 656 3117 sentire
677 3095 746 3116 esse
768 3091 890 3116 motum
915 3086 1085 3127 quemdam
1115 3087 1246 3117 animae
1267 3097 1339 3117 sen—

267 3132 392 3168 tientis;
417 3137 449 3162 et
471 3132 576 3172 ipsam
600 3131 741 3161 animam
764 3131 810 3161 sic
838 3136 974 3167 motam,
997 3140 1131 3162 movere
1156 3141 1276 3171 corpus
1299 3131 1340 3161 ad

266 3176 486 3210 sentiendum.
1006 3214 1011 3217 ι

323 3222 373 3252 Ex
396 3221 514 3261 quibus
531 3220 683 3251 omnibus
704 3220 899 3260 sequebatur
914 3220 1056 3250 animam
1072 3220 1256 3250 sensitivam
1272 3229 1341 3250 esse

267 3276 326 3308 per
349 3276 383 3297 se
407 3266 645 3301 subsistentem,
677 3270 714 3294 ut
744 3265 952 3305 arguebatur:
985 3270 1017 3295 et
1040 3274 1099 3304 per
1125 3273 1340 3304 consequens,

267 3311 498 3342 immortalem.

324 3355 395 3386 Vll.
425 3355 478 3386 Ad
508 3355 588 3385 haec
618 3353 858 3393 respondendo,
889 3353 1025 3384 Sanctus
1057 3353 1202 3383 Thomas
1235 3353 1342 3393 primo

271 3399 406 3431 destruit
429 3399 640 3430 fundamenta
663 3398 820 3435 Platonis;
845 3397 1000 3433 secundo,
1024 3397 1121 3428 infert
1144 3397 1343 3428 solutionem

270 3444 458 3485 principalis
480 3444 624 3480 rationis,
646 3453 729 3484 quae
746 3453 784 3474 ex
807 3443 868 3473 illis
893 3441 1111 3473 fundamentis
1133 3441 1260 3472 videtur
1276 3442 1343 3473 effi-

272 3490 396 3520 caciam
418 3489 536 3519 habere
552 3489 579 3519 *.

327 3534 437 3564 Primo
462 3542 539 3573 ergo
563 3532 698 3563 destruit
722 3532 786 3563 hoc
813 3531 1073 3567 fundamentum,
1098 3530 1189 3570 quod
1212 3531 1343 3566 sentire,

272 3588 366 3619 quem
383 3583 479 3609 vocat
500 3583 634 3613 motum,
650 3578 693 3607 sit
707 3577 810 3608 solius
825 3577 956 3607 animae
970 3576 1089 3616 absque
1110 3585 1270 3615 corporeo
1295 3575 1344 3605 in-

271 3627 453 3653 strumento
466 3623 493 3653 *.
510 3622 555 3652 Et>
567 3623 725 3662 supponit
742 3621 832 3662 quod
848 3631 917 3651 non
941 3621 1044 3661 possit
1067 3620 1131 3650 dici
1153 3625 1263 3650 motus
1287 3629 1345 3660 per

273 3667 411 3698 modum
440 3667 589 3703 actionis,
623 3667 715 3707 quasi
743 3666 866 3697 scilicet
896 3666 1012 3696 sentire
1044 3665 1083 3695 sit
1111 3674 1260 3695 movere:
1289 3663 1359 3695 sed-

2389 289 2463 336 517

1391 366 1492 406 magis
1516 375 1574 406 per
1596 365 1734 396 modum
1751 366 1928 406 passionis,
1953 374 1989 397 ut
2016 368 2136 398 scilicet
2163 369 2203 399 sit
2230 369 2314 400 sicut
2340 372 2465 402 moveri

1393 415 1424 440 et
1446 410 1527 450 pati;
1561 419 1637 440 cum
1668 410 1723 440 fiat
1747 411 1865 441 animal
1893 417 1966 442 actu
1997 413 2138 443 sentiens
2167 423 2225 453 per
2248 415 2420 452 sensibilia,
2445 425 2464 446 a

1392 455 1511 495 quibus
1534 464 1647 485 sensus
1669 455 1871 486 immutatur.

1447 499 1523 529 Hoc
1553 500 1736 539 supposito,
1761 500 1920 541 arguitur
1940 501 2050 540 primo
2067 502 2084 517 ἃ
2107 502 2164 532 sic.
2196 502 2230 533 Si
2256 504 2373 534 sentire
2401 514 2462 544 po-

1391 548 1486 574 natur
1510 553 1579 574 esse
1603 544 1750 583 operatio
1774 545 1900 575 animae
1924 546 2046 585 absque
2070 555 2193 586 organo
2210 556 2381 588 corporeo,
2398 549 2462 580 hoc

1390 597 1451 628 pro
1475 593 1565 618 tanto
1589 589 1671 628 poni
1694 588 1820 618 videtur
1852 590 1938 629 quia,
1962 589 2046 620 sicut
2075 591 2257 622 intellectus
2280 593 2400 632 patitur
2423 595 2462 624 ab

1390 632 1592 672 intelligibili,
1616 633 1660 662 ita
1683 638 1715 663 et
1738 642 1850 663 sensus
1874 643 1892 663 a
1915 634 2073 670 sensibili;
2102 641 2133 665 et
2156 635 2242 673 ideo,
2267 646 2342 668 cum
2369 638 2463 669 intel-

1390 677 1489 717 ligere
1512 677 1552 707 sit
1575 678 1644 707 sine
1672 686 1832 717 corporeo
1863 687 1998 718 organo,
2022 679 2065 708 ita
2089 685 2120 709 et
2149 681 2276 711 sentire.
2308 681 2372 712 Sed
2398 683 2462 714 hoc

1390 731 1458 752 non
1482 722 1586 761 cogit:
1613 722 1689 762 quia
1704 721 1794 752 aliter
1809 723 1928 762 patitur
1950 723 2132 754 intellectus
2152 725 2191 754 ab
2210 726 2411 766 intelligibili,
2432 733 2464 758 et

1391 766 1481 797 aliter
1496 775 1608 797 sensus
1624 776 1642 796 a
1657 766 1810 797 sensibili.
1826 766 1946 797 Sensus
1962 768 2050 797 enim
2065 768 2184 807 patitur
2205 779 2222 798 a
2237 770 2332 800 rebus
2348 780 2463 802 secun-

2490 506 2501 515 ·
2511 504 2548 526 Cf.
2558 489 2618 527 ina-a
2626 503 2650 526 in
2661 504 2707 527 ιιοσ

2490 537 2578 559 parag„
2588 537 2608 561 3.

1391 810 1470 841 dum
1494 810 1586 851 quod
1608 816 1684 841 sunt
1713 811 1748 841 in
1777 811 1924 842 materia:
1952 821 2019 842 non
2053 817 2162 843 autem
2192 814 2384 851 intellectus,
2407 816 2464 847 sed
2498 812 2500 814 ’

1390 855 1572 886 secundum
1596 854 1687 896 quod
1710 861 1786 886 sunt
1808 856 1997 892 abstractae3
2023 866 2099 886 cum
2123 858 2342 897 apprehendat
2364 870 2414 891 res
2430 862 2463 892 in

1391 901 1605 931 abstractione
1629 911 1647 931 a
1669 901 1803 931 materia
1829 906 1862 931 et
1890 901 2108 932 materialibus
2137 902 2389 934 conditionibus.
2414 904 2463 936 ld-

1391 945 1478 975 circo
1501 945 1684 976 intellectus
1707 946 1815 985 passio
1832 950 1879 976 est
1901 946 2023 986 absque
2047 947 2179 977 materia
2203 948 2378 987 corporali:
2394 959 2463 980 non

1391 995 1501 1020 autem
1524 991 1631 1030 passio
1655 999 1777 1020 sensus.

1449 1043 1478 1065 2.
1503 1034 1643 1065 Adverte
1671 1034 1762 1074 quod
1792 1033 1963 1074 dupliciter
1990 1034 2108 1065 dicitur
2133 1036 2279 1075 potentia
2302 1039 2463 1078 receptiva

1390 1079 1458 1119 pati
1473 1089 1491 1109 a
1515 1089 1575 1110 suo
1599 1080 1744 1110 obiecto:
1769 1079 1891 1110 scilicet
1896 1079 2102 1121 formaliter,
2120 1085 2152 1110 et
2167 1080 2321 1121 effective.
2338 1082 2464 1114 Dicitur

1391 1124 1458 1163 pati
1473 1123 1660 1160 formaliter,
1676 1125 1871 1164 inquantum
1883 1124 1943 1154 sibi
1959 1125 2123 1155 obiectum
2139 1134 2198 1165 per
2212 1135 2306 1156 suam
2321 1128 2463 1167 speciem

1391 1169 1501 1199 unitur
1517 1174 1554 1199 ut
1576 1168 1695 1205 forma;
1721 1168 1865 1199 effective
1890 1174 2009 1205 autem,
2026 1169 2222 1209 inquantum
2245 1180 2303 1210 per
2324 1171 2463 1203 modum

1391 1214 1513 1253 agentis
1537 1219 1646 1244 causat
1670 1223 1763 1244 suam
1786 1213 1928 1253 speciem
1951 1214 1985 1244 in
2008 1214 2092 1254 ipsa:
2117 1214 2200 1244 sicut
2223 1216 2407 1246 coloratum
2432 1222 2463 1248 et

1391 1262 1439 1288 est
1461 1256 1567 1288 forma
1589 1258 1754 1298 potentiae
1769 1258 1899 1294 visivae,
1915 1259 2040 1288 ratione
2055 1259 2174 1298 speciei
2189 1260 2321 1290 visibilis
2336 1261 2368 1291 in
2393 1262 2462 1302 ipsa

1390 1308 1557 1342 receptae;
1574 1308 1607 1333 et
1622 1303 1687 1342 agit
1701 1303 1735 1333 in
1758 1302 1872 1342 ipsam,
1890 1302 2053 1333 causando
2073 1304 2216 1343 speciem
2231 1305 2389 1336 visibilem
2412 1307 2462 1337 sui

1389 1347 1424 1377 in
1448 1356 1495 1377 ea.
1521 1346 1607 1377 Cum
1631 1356 1708 1387 ergo
1727 1347 1844 1378 dicitur
1860 1347 1950 1387 quod
1972 1356 2087 1378 sensus
2104 1348 2235 1388 patitur
2256 1359 2277 1379 a
2301 1350 2396 1380 rebus
2413 1360 2462 1381 se-

1390 1391 1532 1422 cundum
1547 1391 1636 1432 quod
1652 1396 1730 1422 sunt
1744 1392 1777 1422 in
1794 1392 1942 1428 materia,
1960 1391 2142 1422 intellectus
2164 1398 2272 1423 autem
2290 1395 2419 1434 patitur
2441 1406 2461 1426 a

1390 1436 1486 1466 rebus
1514 1436 1691 1466 secundum
1722 1435 1810 1477 quod
1836 1441 1913 1466 sunt
1935 1437 2128 1472 abstractae,
2153 1443 2260 1477 potest
2282 1438 2346 1469 hoc
2369 1440 2461 1470 intel-

1389 1480 1446 1520 ligi
1468 1486 1524 1511 aut
1541 1480 1582 1511 de
1604 1482 1755 1521 passione
1778 1481 1916 1517 formali,
1933 1486 1988 1511 aut
2011 1480 2166 1512 effectiva.
2192 1482 2225 1512 Si
2249 1482 2289 1512 de
2312 1484 2461 1524 passione

1390 1523 1519 1555 formali
1541 1525 1746 1565 intelligatur,
1774 1531 1853 1555 tunc
1876 1535 1988 1555 sensus
2012 1530 2060 1555 est
2083 1526 2174 1566 quod
2201 1526 2306 1557 forma
2332 1534 2462 1569 recepta

1389 1569 1423 1599 in
1447 1578 1545 1599 sensu
1569 1575 1616 1599 est
1639 1570 1744 1600 forma
1764 1569 1885 1599 habens
1909 1579 1978 1600 esse
2002 1570 2035 1599 in
2057 1572 2200 1610 materia,
2225 1571 2329 1602 forma
2352 1578 2460 1604 autem

1390 1613 1572 1644 intellectus
1596 1619 1644 1644 est
1666 1613 1770 1644 forma
1790 1614 1945 1644 abstracta
1966 1624 1983 1644 a
2006 1615 2148 1645 materia.
2169 1615 2202 1645 Si
2224 1625 2302 1646 vero
2326 1616 2366 1647 de
2389 1627 2461 1657 pas-

1390 1658 1482 1687 sione
1507 1657 1652 1688 effectiva
1667 1658 1873 1697 intelligatur,
1890 1663 1968 1688 tunc
1992 1668 2104 1689 sensus
2120 1664 2168 1689 est
2191 1660 2281 1699 quod
2304 1670 2354 1691 res
2377 1671 2461 1702 quae

1391 1702 1465 1742 agit,
1490 1702 1612 1732 scilicet
1632 1702 1828 1738 immediate,
1844 1703 1878 1732 in
1898 1711 2041 1738 sensum,
2056 1703 2262 1734 immutando
2278 1705 2397 1744 ipsum,
2415 1711 2462 1737 est

1389 1755 1440 1776 res
1463 1746 1586 1777 habens
1610 1756 1679 1777 esse
1702 1747 1736 1777 in
1760 1747 1907 1782 materia;
1924 1756 1975 1777 res
1991 1752 2100 1778 autem
2125 1757 2209 1788 quae
2233 1749 2298 1788 agit
2320 1750 2353 1779 in
2369 1750 2463 1780 intel-

1390 1791 1522 1827 lectum,
1546 1796 1595 1822 est
1617 1801 1668 1822 res
1691 1792 1848 1822 abstracta
1871 1801 1888 1821 a
1911 1792 2054 1828 materia,
2074 1792 2196 1823 scilicet
2219 1793 2417 1833 phantasma.

1446 1835 1591 1875 Uterque
1614 1845 1727 1867 sensus
1751 1837 1918 1867 veritatem
1940 1836 2046 1867 habet.
2066 1836 2152 1875 Quia
2176 1837 2280 1868 forma
2304 1839 2463 1869 sensibilis

1389 1880 1487 1910 habet
1509 1889 1579 1911 esse
1602 1890 1671 1911 non
1695 1881 1803 1911 solum
1825 1881 1860 1910 in
1883 1882 2030 1921 potentia
2052 1882 2212 1918 sensitiva,
2229 1882 2286 1913 sed
2309 1884 2405 1913 etiam
2429 1884 2462 1914 in

1390 1934 1514 1964 organo
1538 1934 1699 1966 corporeo
1724 1930 1755 1956 et
1777 1925 1948 1955 materiali:
1972 1926 2141 1966 proprium
2166 1927 2253 1956 enim
2282 1928 2351 1957 eius
2374 1937 2463 1958 rece-

1389 1970 1516 2009 ptivum
1547 1974 1595 2000 est
1625 1970 1846 2010 compositum
1876 1979 1914 2000 ex
1945 1971 2091 2010 potentia
2124 1976 2156 2001 et
2186 1980 2320 2011 organo.
2344 1971 2462 2002 Forma

1389 2019 1499 2044 autem
1521 2014 1729 2054 intelligibilis
1752 2024 1821 2045 non
1848 2014 2002 2054 recipitur
2031 2015 2065 2044 in
2095 2015 2205 2055 aliquo
2229 2016 2386 2047 materiali
2409 2026 2462 2047 or-

1388 2068 1485 2098 gano,
1502 2057 1558 2088 sed
1580 2064 1707 2089 tantum
1730 2059 1765 2089 in
1779 2058 1958 2090 intellectu.
1970 2077 1994 2080 —
2009 2059 2162 2090 Similiter
2177 2059 2282 2090 forma
2299 2069 2382 2100 quae
2398 2062 2463 2101 agit

1389 2104 1423 2133 in
1446 2112 1587 2139 sensum,
1613 2109 1660 2134 est
1682 2103 1787 2134 forma
1818 2103 1939 2134 habens
1964 2113 2032 2134 esse
2057 2109 2144 2134 extra
2167 2105 2307 2135 animam
2337 2105 2371 2135 in
2393 2115 2462 2136 ma-

1389 2148 1482 2178 teria:
1507 2148 1591 2178 sicut
1614 2148 1706 2178 color
1729 2158 1826 2188 agens
1849 2149 1883 2178 in
1898 2148 2004 2178 visum
2020 2154 2068 2178 est
2084 2149 2175 2179 color
2197 2149 2319 2180 habens
2343 2159 2412 2180 esse
2427 2150 2460 2180 in

1389 2201 1528 2232 corpore
1550 2192 1707 2229 colorato,
1733 2192 1823 2233 quod
1847 2198 1894 2223 est
1921 2193 1990 2223 eius
2020 2194 2150 2233 propria
2177 2194 2318 2224 materia.
2343 2194 2462 2225 Forma

1390 2242 1500 2268 autem
1524 2246 1607 2277 quae
1632 2238 1696 2278 agit
1718 2238 1751 2268 in
1779 2237 1991 2273 intellectum,
2015 2238 2136 2268 scilicet
2163 2239 2363 2278 phantasma,
2386 2239 2463 2270 licet

1389 2282 1498 2322 ipsum
1521 2282 1637 2312 habeat
1660 2291 1729 2313 esse
1752 2282 1787 2312 in
1809 2282 1943 2312 materia
1965 2282 2159 2321 inquantum
2185 2288 2231 2313 est
2256 2282 2359 2313 forma
2383 2284 2462 2313 ima-

1389 2327 1548 2367 ginativae
1572 2327 1707 2363 virtutis,
1732 2327 1927 2366 inquantum
1945 2332 2054 2357 tamen
2071 2333 2118 2357 est
2133 2327 2166 2358 id
2182 2328 2275 2358 cuius
2299 2333 2346 2357 est
2360 2328 2462 2368 phan-

1389 2377 1500 2407 tasma,
1517 2381 1584 2401 non
1609 2377 1657 2401 est
1679 2372 1713 2401 in
1736 2372 1878 2407 materia,
1896 2371 1972 2411 quia
1986 2380 2055 2401 non
2078 2372 2174 2402 habet
2196 2373 2363 2402 materiam
2379 2382 2462 2412 quae

1390 2417 1520 2456 propria
1543 2416 1676 2446 materia
1699 2422 1747 2446 est
1769 2416 1839 2446 eius
1863 2416 1955 2446 cuius
1975 2421 2022 2446 est
2046 2417 2250 2456 phantasma:
2274 2417 2464 2456 phantasma

1390 2461 1479 2491 enim
1495 2460 1596 2491 Sortis
1610 2470 1679 2491 non
1702 2461 1799 2491 habet
1820 2461 1986 2490 materiam
2010 2470 2093 2500 quae
2111 2467 2158 2491 est
2180 2461 2310 2501 propria
2332 2462 2464 2492 materia

1390 2505 1502 2541 Sortis,
1526 2505 1583 2536 sed
1607 2511 1655 2536 est
1678 2505 1717 2535 ab
1741 2505 1795 2536 illa
1818 2505 2023 2535 abstractum.

1447 2550 1483 2580 In
1499 2559 1567 2589 quo
1583 2559 1679 2580 sensu
1696 2555 1804 2580 autem
1821 2549 1974 2589 loquatur
1990 2549 2207 2589 principaliter
2218 2549 2354 2580 Sanctus
2371 2550 2461 2581 Tho-

1390 2604 1470 2631 mas,
1495 2600 1543 2625 est
1565 2594 1694 2624 difficile
1712 2593 1835 2624 videre:
1853 2594 1929 2634 quia
1950 2599 2088 2633 uterque
2112 2603 2225 2624 sensus
2248 2595 2317 2624 eius
2340 2604 2462 2635 propo-

1390 2640 1452 2670 sito
1476 2644 1584 2679 potest
1599 2638 1751 2678 adaptari.
1766 2638 1902 2668 Videtur
1916 2644 2024 2668 tamen
2048 2638 2128 2668 mihi
2147 2638 2238 2678 quod
2258 2638 2298 2669 de
2313 2639 2463 2679 passione

1391 2683 1520 2714 formali
1543 2684 1583 2713 sit
1605 2682 1862 2723 intelligendum,
1879 2683 1924 2713 sic
1947 2682 2124 2723 arguendo.
2141 2682 2325 2713 Intellectus
2348 2693 2462 2723 appre-

1391 2727 1513 2766 hendit,
1540 2726 1631 2763 idest,
1656 2728 1825 2767 cognoscit
1851 2737 1901 2757 res
1927 2728 1960 2757 in
1990 2727 2202 2757 abstractione
2226 2737 2244 2757 a
2275 2729 2408 2758 materia
2431 2734 2463 2758 et

1391 2772 1608 2802 materialibus
1632 2772 1883 2807 conditionibus
1899 2781 1966 2802 non
1985 2777 2093 2802 autern
2117 2781 2244 2802 sensus:
2269 2781 2346 2802 cum
2368 2773 2462 2803 intel-

1391 2817 1494 2847 lectus
1517 2817 1558 2846 sit
1587 2817 1828 2856 cognoscitivus
1855 2817 2095 2850 universalium,
2123 2825 2235 2846 sensus
2259 2822 2368 2846 autem
2391 2826 2463 2857 par-

1391 2861 1585 2892 ticularium.
1602 2861 1688 2901 Ergo
1704 2870 1816 2891 sensus
1839 2861 2005 2901 patiuntur
2025 2871 2043 2891 a
2058 2861 2153 2891 rebus
2176 2860 2356 2892 secundum
2373 2861 2463 2901 quod

1392 2911 1468 2936 sunt
1490 2906 1524 2936 in
1546 2906 1690 2942 materia,
1706 2904 1797 2941 idest,
1814 2906 1975 2946 recipiunt
1997 2905 2118 2935 formas
2133 2905 2287 2935 habentes
2311 2915 2379 2935 esse
2395 2915 2463 2935 ma-

1392 2950 1502 2981 teriale
1531 2950 1641 2990 aliquo
1672 2949 1791 2980 modo:
1820 2950 2002 2980 intellectus
2032 2955 2141 2980 autem
2169 2950 2288 2989 patitur
2315 2950 2354 2979 ab
2384 2950 2462 2990 ipsis

1393 2995 1488 3026 rebus
1511 2994 1693 3025 secundum
1709 2994 1800 3035 quod
1823 3000 1899 3025 sunt
1922 2995 2106 3025 abstractae.
2131 2994 2216 3034 Ergo
2240 2995 2346 3034 passio
2370 2994 2463 3024 intel-

1393 3040 1496 3071 lectus
1526 3045 1574 3070 est
1601 3040 1724 3079 absque
1754 3039 1887 3069 materia
1917 3039 2088 3079 corporali,
2119 3048 2187 3069 non
2216 3044 2325 3069 autem
2355 3039 2461 3078 passio

1394 3094 1516 3115 sensus.
1533 3103 1555 3107 —
1570 3084 1677 3114 Prima
1701 3084 1935 3124 consequentia
1957 3089 2056 3123 patet.
2081 3083 2167 3120 Quia
2190 3083 2372 3113 intellectus
2394 3092 2462 3113 non

1394 3128 1651 3169 apprehenderet
1673 3129 1852 3159 universale
1875 3129 1996 3168 absque
2012 3128 2145 3158 materia
2166 3133 2198 3158 et
2222 3127 2463 3158 conditionibus

1393 3173 1612 3204 materialibus
1624 3173 1909 3209 individuantibus,
1922 3173 1983 3203 nisi
1995 3172 2099 3203 forma
2113 3178 2144 3202 et
2160 3173 2283 3212 species
2295 3181 2352 3211 per
2365 3181 2463 3211 quam

1394 3218 1552 3258 intelligit,
1578 3223 1662 3249 esset
1688 3217 1921 3248 immaterialis:
1946 3218 1972 3247 si
1996 3218 2083 3247 enim
2106 3217 2235 3256 species
2259 3216 2464 3247 conditiones

1395 3262 1575 3294 materiales
1590 3263 1730 3299 haberet,
1747 3272 1816 3293 rem
1832 3271 1908 3292 cum
1926 3261 2143 3292 materialibus
2159 3260 2400 3291 conditionibus
2415 3270 2464 3291 re-

1396 3313 1612 3349 praesentaret
1642 3313 1673 3337 et
1699 3317 1768 3337 non
1797 3307 1831 3336 in
1859 3306 2082 3336 abstractione.
2114 3306 2142 3335 E
2171 3306 2331 3336 contrario
2355 3310 2464 3336 autern

1396 3362 1509 3383 sensus
1525 3361 1594 3382 non
1611 3350 1865 3392 apprehenderet
1880 3360 1948 3380 rem
1965 3359 2041 3380 cum
2057 3350 2300 3381 conditionibus
2318 3350 2465 3380 materia-

1396 3397 1491 3432 libus,
1507 3397 1570 3427 nisi
1593 3402 1625 3426 et
1646 3397 1716 3436 ipsa
1739 3396 1861 3436 species
1877 3394 2034 3425 sensibilis
2058 3394 2263 3425 conditiones
2286 3394 2465 3425 materiales

1395 3442 1528 3472 haberet
1542 3446 1574 3471 et
1589 3446 1671 3471 esset
1686 3442 1719 3471 in
1735 3440 1876 3475 materia,
1894 3448 2028 3479 remque
2042 3448 2117 3469 cum
2129 3439 2245 3469 talibus
2261 3438 2466 3469 conditiones

1397 3491 1658 3526 repraesentaret.
1686 3503 1708 3506 —
1735 3483 1884 3515 Secunda
1910 3484 2007 3513 etiam
2038 3484 2271 3523 consequentia
2297 3482 2466 3514 manifesta

1398 3536 1456 3561 est.
1472 3531 1557 3561 Nam
1574 3531 1599 3560 si
1615 3530 1738 3569 species
1760 3533 1890 3568 recepta
1905 3533 1953 3558 est
1972 3528 2200 3564 immaterialis,
2226 3529 2362 3558 omnino
2387 3537 2466 3559 con-

1399 3580 1459 3605 stat
1483 3574 1574 3615 quod
1600 3574 1753 3613 recipitur
1779 3574 1900 3612 absque
1924 3573 2057 3603 materia
2084 3573 2254 3612 corporali,
2278 3571 2369 3608 idest,
2397 3582 2466 3603 non

1398 3620 1552 3660 recipitur
1564 3619 1596 3649 in
1611 3627 1733 3658 organo
1747 3617 1919 3657 corporali:
1938 3622 1969 3647 et
1983 3617 2027 3647 sic
2040 3617 2198 3656 recipiens
2210 3617 2330 3657 patitur
2345 3617 2466 3658 absque

1399 3664 1530 3694 materia
1555 3662 1723 3703 corporali.
1748 3661 1781 3692 Si
1805 3667 1914 3692 autem
1937 3667 1984 3691 est
2007 3661 2188 3698 materialis,
2205 3671 2336 3692 necesse
2361 3667 2409 3692 est
2431 3668 2468 3693 ut
