2768 4134
763 287 954 324 SUMMA
983 286 1207 323 CONTRA
1235 284 1514 332 GENTILES,
1545 285 1657 322 CAP.
1677 286 1834 333 LXXX,
1852 286 2028 323 LXXXI.

293 303 371 338 224

346 370 497 406 Adhuc.
529 366 686 413 Omnia,
716 366 950 425 inquantum
979 372 1079 411 sunt,
1109 363 1368 401 assimilantur
1477 365 1691 402 Praeterea.
1721 365 1863 403 Omnis
1890 364 2073 415 perfectio
2102 372 2139 401 et
2167 363 2502 414 bonitasquae‘in

48 428 58 437 ·
74 426 129 454 089-
140 432 204 447 ¹¹¹¹·
293 424 390 468 Deo,
407 421 473 470 qui
489 429 544 457 est
558 419 687 470 primo
703 427 739 456 et
754 419 924 456 maxime
939 430 1008 455 ens
1018 418 1038 439 ’¹‘
1040 417 1208 455 .Omnia
1223 425 1366 464 autern,
1423 416 1606 455 creaturis
1626 425 1694 464 est,
1714 418 1801 455 Deo
1820 418 2004 456 convenit
2023 417 2282 464 essentialiter,
2298 423 2341 455 ut
2355 417 2503 468 supra*
2533 414 2610 443 ⁰⁸⁹·
2622 420 2702 437 ¹⁸¹¹·-

293 475 526 524 inquantum
559 481 661 519 sunt‚
691 484 764 510 suo
796 472 918 510 modo
951 470 1173 509 naturaliter
1206 470 1368 520 diligunt
1422 470 1633 520 probatum
1662 478 1729 508 est
1759 470 1925 521 Diligere
1954 478 2087 510 autem
2115 471 2248 509 Deum
2271 479 2328 508 est
2345 482 2503 509 summa

293 539 410 565 suum
429 539 524 564 esse.
554 527 681 564 Multo
709 525 823 575 igitur
850 525 972 574 magis
1000 525 1108 562 Deus
1137 536 1255 562 suum
1284 536 1367 563 esse
1423 522 1606 573 perfectio
1635 523 1831 562 rationalis
1858 533 2071 563 creaturae:
2102 537 2195 562 cum
2220 536 2291 574 per
2308 523 2387 563 hoc
2404 536 2502 573 quo·

291 580 408 628 diligit
435 579 668 618 naturaliter.
698 581 848 617 Natura
875 586 1007 616 autern
1036 578 1120 615 eius
1145 586 1201 615 est
1229 589 1299 627 per
1327 589 1367 615 se
1390 591 1400 611 s
1424 577 1642 615 dammodo
1674 578 1761 615 Deo
1794 578 1963 616 uniatur.
1996 579 2100 627 Ergo
2133 577 2174 615 in
2207 578 2294 616 Deo
2322 577 2502 616 essentia-

50 639 58 647 ·
74 637 130 664 ‘2³¹³—
142 642 194 657 ’‘¹¹¹-
291 645 448 671 necesse
467 646 563 679 esse,
583 642 627 671 ut
646 632 793 683 supra*
811 632 1020 682 probatum
1040 638 1108 668 est.
1129 631 1237 668 Deus
1256 630 1369 680 igitur
1425 630 1508 668 liter
1527 638 1593 668 est.
1624 631 1727 679 Ergo
1747 642 1795 668 ex
1814 632 2039 669 necessitate
2063 631 2182 681 diligit
2205 644 2258 669 se.
2280 632 2329 668 Et
2347 631 2401 668 sic
2415 632 2503 668 vult

291 698 338 724 ex
366 687 589 725 necessitate
616 688 700 724 vult
728 699 768 723 se
797 697 892 723 esse.
1424 695 1465 721 se
1494 696 1588 722 esse.

1053 772 1395 806 commentaria
1425 772 1739 805 Fert-ariensis

47 939 56 947 '
72 937 109 959 cf.
129 937 264 969 Comment.

49 970 98 992 cap.
110 971 182 991 Lxxn,
198 968 248 987 init.

347 857 494 878 osteum
532 847 755 878 determinavit
785 845 922 877 Sanctus
955 845 1102 875 Thomas
1129 844 1170 876 de
1200 844 1368 876 voluntate

295 859 455 923 pdivina
480 901 519 922 ex
542 898 632 932 parte
656 891 785 927 obiecti,
804 900 893 921 nunc
916 889 1108 920 determinat
1124 889 1164 920 de
1180 889 1251 930 ipsa
1265 899 1369 930 quan-

291 943 362 968 tum
377 936 419 967 ad
438 936 660 967 conditionem
677 935 807 967 volendi
824 937 850 965 ἢ.
877 935 971 966 Circa
986 935 1051 965 hoc
1066 940 1177 966 autem
1192 934 1260 965 duo
1276 933 1367 965 facit:

289 982 409 1022 primo,
426 981 490 1021 agit
505 981 546 1012 de
561 982 750 1012 necessitate
765 979 911 1016 volendi;
936 979 1093 1015 secundo,
1110 978 1152 1010 de
1172 978 1367 1016 causalitate,

291 1035 362 1066 cap.
378 1035 502 1056 Lxxxvi.
527 1025 621 1056 Circa
644 1026 787 1066 primum
811 1025 878 1056 duo
901 1024 990 1055 facit:
1015 1024 1134 1065 primo,
1158 1024 1224 1064 agit
1246 1023 1287 1054 de
1311 1033 1367 1055 ne-

291 1071 435 1102 cessitate
455 1071 615 1107 absoluta;
641 1070 795 1107 secundo,
813 1069 852 1100 de
868 1069 1059 1100 necessitate
1075 1079 1114 1099 ex
1129 1069 1367 1109 suppositione,

291 1124 361 1155 cap.
378 1125 503 1145 Lxxxm.
529 1114 624 1145 Circa
647 1115 789 1155 primum
813 1114 881 1145 duo
905 1113 995 1145 facit:
1020 1114 1139 1155 primo,
1159 1114 1224 1154 agit
1247 1113 1288 1144 de
1311 1123 1368 1144 ne-

290 1160 435 1190 cessitate
466 1159 595 1191 volendi
627 1166 776 1200 respectu
809 1160 871 1190 Dei
900 1159 1007 1196 voliti;
1037 1158 1195 1195 secundo,
1219 1163 1368 1199 respectu

290 1205 439 1240 aliorum,
463 1205 568 1245 capite
591 1205 750 1244 sequenti.

345 1249 367 1279 1.
398 1248 566 1287 Quantum
599 1249 639 1280 ad
670 1249 825 1290 primum,
858 1249 952 1289 ponit
984 1248 1067 1279 hanc
1101 1247 1366 1279 conclusionem:

289 1293 380 1324 Deus
395 1293 435 1324 de
451 1293 638 1325 necessitate
653 1295 723 1325 vult
737 1303 832 1325 suum
851 1302 921 1325 esse
943 1298 974 1324 et
995 1302 1090 1324 suam
1105 1292 1292 1329 bonitatem,
1310 1301 1369 1323 nec

283 1343 393 1379 potest
415 1338 620 1369 contrarium
644 1339 735 1370 velle.

343 1383 508 1414 Probatur
529 1383 652 1424 primo.
683 1382 887 1424 Impossibile
910 1388 958 1413 est
981 1382 1090 1413 Deum
1112 1391 1181 1412 non
1204 1381 1287 1412 velle
1311 1381 1368 1412 ali-

288 1427 368 1468 quid
391 1434 479 1459 actu:
505 1427 582 1468 quia
597 1429 642 1458 sic
659 1434 741 1459 esset
761 1433 889 1459 tantum
903 1427 1018 1458 volens
1033 1428 1068 1458 in
1082 1426 1243 1468 potentia;
1260 1431 1292 1457 et
1311 1435 1369 1467 per

289 1482 494 1513 consequens
510 1482 567 1504 ens
582 1473 615 1504 in
639 1473 797 1514 potentia,
813 1482 890 1504 cum
905 1481 1002 1503 suum
1019 1471 1102 1503 velle
1117 1472 1158 1502 sit
1173 1480 1271 1502 suum
1287 1480 1367 1502 esse.

288 1517 375 1557 Ergo
391 1527 524 1548 necesse
540 1523 588 1548 est
604 1517 696 1558 quod
706 1518 784 1548 velit
795 1526 892 1548 suum
909 1526 977 1548 esse
991 1523 1022 1548 et
1034 1525 1126 1548 suam
1142 1516 1333 1547 bonitatem.
1346 1534 1369 1538 -

288 1562 446 1593 Probatur
469 1563 714 1603 consequentia.
746 1562 834 1601 Quia
863 1563 896 1593 in
928 1562 1020 1593 omni
1050 1561 1154 1592 volito
1178 1560 1248 1592 vult
1269 1570 1368 1592 suum

289 1616 358 1638 esse
383 1612 415 1637 et
437 1616 530 1638 suam
552 1607 742 1644 bonitatem,
766 1607 850 1638 sicut
871 1607 959 1638 visus
982 1606 1015 1637 in
1039 1606 1131 1637 omni
1155 1605 1266 1637 colore
1282 1605 1369 1636 videt

289 1652 415 1683 lumen:
440 1651 510 1682 vult
533 1652 621 1682 enim
644 1661 741 1682 suum
766 1661 835 1682 esse
859 1657 891 1682 et
913 1660 1006 1682 suam
1028 1651 1209 1682 bonitatem
1228 1656 1266 1681 ut
1279 1651 1368 1691 prin-

289 1696 394 1737 cipale
417 1696 595 1732 obiectum,
619 1696 710 1736 quod
733 1702 780 1727 est
803 1696 863 1726 sibi
886 1696 967 1726 ratio
991 1694 1124 1726 volendi
1147 1695 1217 1726 alia.

346 1739 487 1771 Adverte
511 1740 602 1781 quod
625 1741 684 1772 ista
703 1741 785 1772 ratio
801 1740 969 1771 concludit
984 1740 1093 1771 Deum
1108 1740 1191 1770 velle
1207 1749 1242 1770 se
1258 1738 1368 1780 quoad

290 1783 567 1826 specificationem
590 1791 680 1816 actus
703 1785 743 1816 de
766 1785 967 1821 necessitate,
985 1794 1025 1816 eo
1042 1784 1133 1826 quod
1152 1785 1186 1815 in
1202 1785 1294 1815 omni
1310 1794 1368 1815 vo-

290 1830 348 1860 lito
372 1829 449 1860 velit
472 1839 516 1860 se.
541 1829 706 1870 Supponit
736 1835 846 1861 autem
875 1830 985 1870 ipsum
1015 1839 1049 1860 se
1079 1829 1262 1861 necessario
1285 1829 1368 1860 velle

290 1880 450 1915 quantum
473 1873 512 1904 ad
537 1875 725 1905 exercitium
749 1880 850 1910 actus,
875 1883 915 1905 eo
940 1873 1031 1915 quod
1054 1883 1123 1904 non
1147 1874 1186 1904 sit
1205 1873 1319 1904 volens
1334 1874 1368 1904 in

287 1919 444 1960 potentia.

347 1972 376 1994 2.
401 1962 466 1994 Sed
488 1968 567 1993 tunc
591 1963 731 1994 occurrit
755 1963 903 1994 dubium.
927 1962 1011 1993 Nam
1038 1961 1193 2002 possibile
1218 1961 1289 1998 fuit,
1313 1962 1368 1992 ab·

289 2007 395 2038 solute
418 2006 598 2048 loquendo,
616 2007 708 2047 quod
731 2007 820 2038 Deus
842 2016 910 2038 non
935 2007 1075 2038 voluerit
1098 2012 1259 2042 creaturas
1282 2016 1366 2037 esse:

289 2052 365 2093 quia
379 2051 487 2092 potuit
502 2051 572 2082 illas
587 2061 656 2082 non
671 2051 863 2092 producere.
888 2050 952 2082 Sed
975 2051 1040 2082 hoc
1058 2050 1181 2082 nullam
1204 2051 1368 2092 posuisset

288 2097 322 2127 in
338 2096 410 2127 Deo
434 2095 716 2136 imperfectionem
732 2102 787 2127 aut
803 2095 1083 2137 potentialitatem.
1103 2095 1202 2136 Ergo,
1220 2095 1245 2126 si
1270 2095 1367 2127 etiam

289 2141 431 2181 seipsum
455 2150 523 2171 non
547 2139 653 2176 vellet,
674 2140 764 2172 nulla
787 2146 871 2172 esset
893 2141 927 2172 in
949 2140 1023 2181 ipso
1047 2140 1276 2182 potentialitas.
1299 2141 1368 2172 Aut

289 2195 366 2225 ergo
391 2185 496 2216 dicere
521 2190 652 2226 oportet
667 2184 759 2226 quod
778 2184 933 2226 possibile
950 2190 997 2216 est
1013 2184 1122 2216 Deum
1138 2185 1218 2216 nihil
1234 2185 1318 2216 velle
1334 2185 1367 2216 in

289 2236 376 2260 actu:
395 2230 488 2260 cuius
505 2230 695 2270 oppositum
712 2230 764 2260 hic
783 2229 909 2261 dicitur.
927 2230 995 2260 Aut
1010 2235 1141 2270 oportet
1157 2229 1262 2261 dicere
1275 2229 1368 2271 quod

289 2274 454 2305 actualiter
483 2274 551 2305 vult
575 2284 674 2305 omne
698 2275 830 2306 volibile
853 2275 893 2305 ab
921 2275 1004 2315 ipso.
1036 2274 1137 2313 Quod
1163 2273 1280 2305 falsum
1304 2281 1366 2306 est:

289 2320 372 2350 sicut
395 2318 511 2349 falsum
535 2325 582 2349 est
606 2319 697 2359 quod
720 2319 880 2360 producat
899 2328 998 2350 omne
1021 2319 1235 2360 producibile.

343 2363 570 2404 Respondetur
594 2364 684 2404 quod
705 2364 792 2396 aliud
809 2370 856 2395 est
876 2363 993 2400 dicere,
1010 2363 1087 2395 Hoc
1104 2373 1170 2394 non
1188 2369 1235 2395 est
1255 2364 1367 2395 volens

288 2409 451 2439 absolute:
471 2414 502 2439 et
517 2408 614 2445 aliud,
631 2409 708 2439 Hoc
725 2419 790 2440 non
807 2414 855 2440 est
869 2409 982 2441 volens
1002 2414 1148 2450 respectu
1163 2409 1271 2440 huius.
1288 2409 1367 2441 Esse

289 2454 375 2484 enim
399 2454 539 2494 aliquem
563 2453 750 2494 simpliciter
772 2463 841 2484 non
864 2454 1030 2484 volentem
1050 2458 1098 2484 est
1114 2453 1222 2494 ipsum
1238 2453 1366 2484 nullum

288 2498 474 2539 simpliciter
497 2499 614 2529 habere
638 2503 747 2529 actum
771 2498 960 2529 voluntatis:
986 2507 1055 2529 esse
1079 2504 1188 2529 autem
1216 2508 1285 2529 non
1310 2508 1367 2529 vo-

288 2543 409 2573 lentem
437 2549 584 2584 respectu
615 2543 714 2574 huius
743 2549 800 2579 est,
825 2552 894 2575 non
927 2542 1061 2584 quidem
1091 2543 1228 2574 omnino
1260 2551 1367 2575 carere

288 2594 360 2618 actu
384 2587 526 2624 volendi,
551 2587 607 2619 sed
630 2597 699 2618 non
722 2588 841 2619 habere
865 2593 974 2619 actum
998 2586 1129 2619 volendi
1153 2587 1193 2618 ad
1216 2587 1280 2618 hoc
1304 2594 1367 2618 ter-

287 2633 455 2663 minatum.
479 2633 590 2663 Primo
615 2642 692 2673 ergo
723 2632 825 2663 modo
856 2642 925 2663 non
956 2637 1064 2673 potest
1091 2632 1155 2663 dici
1186 2631 1276 2663 Deus
1298 2641 1366 2663 non

287 2677 409 2713 volens,
435 2678 510 2718 quia
534 2678 598 2708 hoc
621 2677 904 2718 imperfectionem
929 2683 960 2708 et
982 2677 1251 2718 potentialitatem
1275 2678 1308 2708 in
1332 2687 1367 2709 re

288 2731 372 2762 quae
394 2728 468 2753 nata
491 2728 539 2753 est
561 2721 645 2753 velle
669 2722 760 2754 dicit:
785 2721 843 2753 sed
866 2721 906 2754 de
930 2722 1120 2754 necessitate
1143 2722 1293 2753 voluntas
1308 2732 1367 2753 sua

287 2767 383 2797 habet
414 2771 524 2798 actum
554 2766 701 2804 volendi;
727 2772 768 2803 et,
793 2776 870 2798 cum
900 2776 958 2798 sua
981 2767 1109 2798 bonitas
1132 2767 1172 2797 sit
1195 2767 1253 2798 sibi
1284 2767 1365 2798 ratio

287 2811 418 2842 volendi
442 2811 513 2848 alia,
533 2821 667 2842 necesse
690 2812 827 2842 omnino
852 2817 899 2843 est
922 2817 959 2842 ut
974 2821 1067 2842 suam
1083 2811 1159 2842 velit
1175 2811 1365 2849 bonitatem,

288 2856 395 2886 omnis
412 2856 499 2887 enim
516 2861 606 2887 actus
623 2855 798 2887 voluntatis
813 2856 1003 2887 terminatur
1026 2856 1133 2897 primo
1151 2855 1191 2887 ad
1207 2857 1366 2887 rationem

287 2900 429 2931 volendi.
455 2900 608 2932 Secundo
633 2906 741 2931 autem
765 2900 868 2932 modo
883 2910 953 2932 non
969 2900 1159 2931 inconvenit
1175 2900 1294 2937 Deum,
1311 2901 1366 2932 ab·

288 2945 394 2976 solute
417 2945 598 2986 loquendo,
619 2954 688 2976 esse
711 2955 781 2976 non
804 2945 984 2977 volentem:
1010 2946 1097 2986 quia,
1114 2954 1190 2976 cum
1206 2946 1270 2976 hoc
1286 2946 1366 2976 nihil

287 2989 376 3021 aliud
398 2990 553 3030 importet
577 2999 677 3031 quam
700 2989 791 3031 quod
821 2996 911 3022 actus
941 2989 1070 3021 divinae
1099 2990 1275 3021 voluntatis
1298 3000 1366 3022 non

288 3034 384 3065 habet
407 3040 593 3076 respectum
622 3035 755 3066 rationis
786 3034 826 3066 ad
856 3035 931 3071 hoc,
955 3043 1056 3075 quem
1079 3040 1188 3066 tamen
1219 3035 1366 3067 absolute

287 3084 397 3119 posset
429 3078 558 3116 habere,
582 3079 706 3110 nullam
737 3077 1021 3121 imperfectionem
1054 3085 1190 3121 poneret
1218 3079 1251 3110 in
1282 3079 1366 3111 Deo.

1421 843 1527 881 Unde,
1551 844 1578 875 si
1600 853 1800 884 poneremus
1823 843 1916 884 quod
1938 843 2029 875 Deus
2051 852 2121 875 non
2144 844 2298 881 voluisset
2321 853 2391 875 esse
2415 853 2502 875 crea-

1420 895 1576 925 turarum,
1596 895 1730 929 propter
1753 889 1818 919 hoc
1842 888 1931 919 nulla
1953 893 2130 928 poneretur
2145 888 2180 919 in
2198 889 2271 929 ipso
2285 887 2502 930 imperfectiO,

1420 933 1576 974 nullaque
1598 933 1818 974 potentialitas
1833 933 1937 970 realis,
1953 932 2011 964 sed
2026 938 2154 969 tantum
2175 938 2353 974 poneretur
2375 933 2502 964 libertas

1420 979 1454 1009 in
1477 978 1548 1019 ipsa
1571 978 1739 1009 voluntate
1763 978 1882 1015 divina,
1907 983 1939 1008 et
1966 978 2106 1009 carentia
2137 977 2308 1010 cuiusdam
2335 983 2503 1019 respectus

1420 1023 1563 1054 rationis.
1588 1022 1622 1054 Si
1645 1028 1756 1054 autem
1779 1022 1927 1054 absolute
1957 1031 2157 1063 poneremus
2186 1022 2296 1054 Deum
2323 1031 2392 1054 non
2412 1022 2503 1055 velle

1420 1077 1514 1099 suam
1536 1068 1726 1104 bonitatem,
1750 1073 1941 1108 sequeretur
1963 1067 2073 1100 Deum
2095 1076 2166 1098 esse
2188 1067 2401 1108 simpliciter
2392 1076 2427 1099 tn
2434 1076 2503 1118 ρο-

1420 1113 1521 1143 tentia
1544 1112 1710 1143 volentem
1734 1118 1766 1144 et
1788 1122 1898 1144 carere
1920 1111 2121 1153 perfectione
2145 1117 2236 1144 actus
2251 1111 2398 1144 volendi:
2415 1112 2503 1153 quia,

1421 1158 1447 1188 si
1470 1166 1538 1188 non
1562 1156 1660 1188 vellet
1682 1166 1775 1188 suam
1798 1157 1989 1194 bonitatem,
2013 1167 2098 1198 quae
2121 1162 2174 1189 est
2191 1157 2363 1198 proprium
2386 1156 2503 1189 volun·

1420 1202 1492 1233 tatis
1509 1202 1578 1233 eius
1594 1201 1771 1239 obiectum,
1787 1202 1916 1233 nullum
1932 1207 2041 1233 actum
2057 1201 2189 1234 volendi
2211 1202 2353 1234 haberet.
2370 1219 2392 1225 -
2407 1196 2504 1233 Unde

1420 1247 1502 1278 ratio
1526 1255 1595 1278 non
1618 1246 1776 1287 sequitur.

1477 1291 1517 1322 11.
1540 1291 1702 1322 Secundo.
1726 1291 1816 1323 Deus
1839 1291 1910 1322 vult
1931 1300 1966 1322 se
1993 1300 2064 1323 esse
2092 1292 2177 1324 sicut
2206 1290 2360 1324 ultimum
2391 1272 2502 1323 finem.

1421 1336 1508 1376 Ergo
1524 1341 1585 1367 etc.
1601 1354 1626 1359 -
1639 1335 1800 1367 Probatur
1814 1337 2061 1377 consequentia.
2078 1336 2166 1375 Quia
2181 1336 2318 1377 quilibet
2332 1329 2450 1369 volens
2458 1327 2503 1378 sie

1420 1381 1612 1412 necessitate
1623 1380 1693 1411 vult
1707 1390 1806 1413 suum
1821 1381 1975 1412 ultimum
1987 1379 2102 1413 finem:
2119 1382 2204 1413 sicut
2218 1381 2323 1413 homo
2334 1379 2376 1418 de
2390 1389 2504 1422 neces:

1420 1426 1514 1457 sitate
1536 1425 1605 1456 vult
1627 1435 1722 1456 suam
1745 1425 1990 1462 beatitudinem.
2005 1435 2069 1457 nec
2091 1431 2201 1467 potest
2222 1426 2305 1458 velle
2327 1425 2502 1466 miseriam.

1478 1469 1573 1502 Circa
1594 1470 1680 1502 hanc
1710 1471 1982 1512 propositionem,
2006 1469 2119 1502 Homo
2147 1480 2243 1502 suam
2272 1462 2504 1506 beatitudinem

1421 1515 1492 1545 vult
1514 1524 1556 1545 ex
1580 1515 1779 1552 necessitate,
1799 1515 1968 1547 sciendum
1985 1521 2043 1552 est,
2060 1525 2099 1547 ex
2115 1506 2264 1547 doctrina
2286 1514 2396 1548 Sancti
2411 1505 2504 1547 Th&-

1420 1560 1523 1590 mae*
1525 1559 1650 1600 ,quod
1673 1559 1883 1601 intelligenda
1897 1565 1945 1592 est
1960 1560 2001 1591 de
2017 1560 2218 1592 beatitudine
2232 1559 2418 1597 secundum
2427 1559 2541 1601 unb'

1421 1604 1578 1636 versalem
1600 1605 1762 1636 rationem
1785 1603 1992 1636 beatitudinis
2015 1610 2159 1646 accepta,
2176 1614 2245 1637 non
2261 1610 2372 1637 autem
2386 1613 2503 1647 secun-

1421 1648 1501 1680 dum
1516 1649 1684 1691 propriam
1697 1650 1908 1681 rationem.-
1922 1649 2087 1686 Similiter,
2099 1649 2211 1691 quoad
2221 1647 2504 1700 δροᾱῆωᾱσηοω

1421 1699 1522 1730 actus,
1535 1703 1604 1724 non
1621 1699 1738 1725 autern·
1743 1693 1854 1735 quoad
1870 1694 2070 1725 exercitium.
2087 1693 2120 1725 Si
2134 1695 2222 1725 enim
2234 1694 2386 1726 voluntas
2396 1688 2504 1730 eliciat

1422 1744 1532 1770 actum
1555 1739 1639 1770 circa
1662 1739 1920 1771 beatitudinem'
1911 1749 1946 1770 1η
1961 1739 2143 1776 communi,
2159 1739 2213 1771 ille
2228 1744 2320 1771 actus
2335 1738 2395 1770 erit
2408 1731 2503 1775 velle,

1422 1789 1454 1815 et
1469 1793 1538 1815 non
1554 1788 1662 1824 potest
1677 1793 1747 1815 esse
1770 1784 1874 1816 nolle:
1895 1783 2006 1816 nullus
2022 1784 2111 1816 enirn
2124 1789 2234 1825 potest
2249 1783 2332 1816 velle
2348 1792 2418 1817 non
2433 1791 2503 1820 esne

1421 1829 1545 1860 beatus.
1569 1827 1634 1860 Sed
1656 1834 1766 1861 tamen
1789 1834 1898 1870 potest
1919 1828 2071 1860 voluntas
2093 1828 2223 1861 nullum
2246 1834 2356 1861 actum
2385 1827 2504 1861 habere

1423 1873 1506 1904 circa
1530 1873 1780 1904 beatitudinem:
1804 1874 1890 1906 sicut
1911 1873 2139 1914 unusquisque
2163 1873 2205 1905 de
2227 1871 2314 1905 facto
2324 1873 2372 1904 1η
2393 1873 2503 1955 seipso

1422 1918 2463 1970 experitur..1

1478 1961 1531 1993 111.
1549 1961 1670 1992 Tertio.
1684 1961 1870 1994 Intellectus
1885 1961 1927 1993 de
1942 1962 2132 1994 necessitate
2144 1962 2276 1995 assentit
2290 1961 2444 2014 prinus

1422 2006 1514 2048 cipiis
1530 2006 1748 2058 speculativis.
1763 2006 1852 2048 Ergo
1865 2006 2016 2038 voluntas
2026 2007 2211 2039 necessario
2220 2005 2385 2046 adhaeret

1421 2049 1488 2083 fini.
1514 2050 1612 2092 Ergo,
1637 2051 1664 2082 si
1687 2049 1816 2083 divinae
1839 2051 2015 2084 voluntatis
2037 2061 2107 2083 non
2130 2057 2182 2084 est
2201 2051 2283 2089 alius
2306 2043 2393 2090 finis
2401 2060 2455 2095 q

1421 2096 1501 2137 ipse,
1526 2095 1566 2127 de
1589 2096 1779 2128 necessitate
1799 2095 1868 2128 vult
1889 2105 1926 2128 se
1948 2105 2028 2128 esse.
2044 2095 2241 2129 —Probatur
2257 2101 2502 2149 consequutus,

1421 2139 1507 2179 Quia
1531 2141 1574 2171 ita
1597 2150 1631 2171 se
1654 2140 1752 2172 habet
1775 2139 1848 2173 finis
1871 2140 1905 2173 in
1927 2141 2112 2183 appetitivis
2133 2141 2218 2174 sicut
2240 2149 2442 2185 principium.¹
2444 2132 2504 2185 in-

1421 2185 1673 2217 demonstrabile
1696 2185 1731 2216 in
1754 2179 1971 2227 speculativis.
1994 2203 2018 2208 —
2041 2185 2103 2217 Ista
2125 2185 2206 2218 ratio
2230 2191 2278 2217 est
2297 2178 2502 2229 confirmatio

1421 2229 1653 2271 praecedentis.

1480 2274 1620 2312 Quarto.
1646 2274 1777 2312 Omnia,
1802 2275 1998 2316 inquantum
2014 2280 2100 2311 sunt,
2117 2284 2178 2306 suo
2194 2274 2297 2306 modo
2317 2273 2504 2307 naturaliter

1421 2319 1559 2360 diligunt
1583 2329 1680 2351 suum
1697 2329 1777 2351 esse.
1803 2320 1890 2360 Ergo
1907 2325 1940 2351 et
1955 2319 2059 2351 Deus:
2077 2320 2154 2360 quia
2169 2319 2290 2355 omnia.
2306 2320 2502 2360 inquantum

1420 2370 1506 2401 sunt,
1531 2365 1746 2396 assimilantur
1770 2365 1853 2396 Deo.
1877 2364 1964 2405 Ergo
1982 2363 2022 2396 de
2038 2364 2227 2395 necessitate
2243 2363 2345 2405 diligit
2360 2373 2408 2395 se:
2426 2364 2503 2405 quia

1420 2419 1479 2440 sua
1501 2415 1615 2443 natura
1638 2415 1688 2440 est
1708 2419 1768 2450 per
1790 2419 1825 2441 se
1848 2419 1981 2442 necesse
2005 2418 2085 2440 esse.

1479 2452 1613 2491 Quinto.
1638 2454 1782 2495 Diliget-e
1804 2453 1913 2486 Deum
1934 2460 1984 2485 est
2007 2463 2135 2485 summa
2157 2452 2315 2496 perfectio
2339 2453 2503 2486 rationalis

1420 2504 1600 2530 creaturae:
1625 2508 1702 2530 cum
1726 2508 1783 2540 pet
1806 2499 1870 2530 hoc
1894 2498 2143 2540 quodammodo
2160 2498 2232 2530 Deo
2249 2498 2390 2530 uniatur.
2413 2497 2502 2540 Ergo

1418 2543 1453 2574 in
1477 2543 1550 2574 Deo
1573 2543 1784 2576 essentialiter
1806 2549 1855 2575 est
1878 2549 1910 2575 et
1933 2553 1972 2575 ex
1995 2544 2195 2577 necessitate.
2219 2561 2243 2566 -
2265 2543 2356 2574 Patet
2387 2551 2502 2575 conse-

1420 2588 1562 2629 quentia.
1588 2588 1675 2628 Quia
1699 2589 1806 2620 omnis
1830 2588 1958 2620 bonitas
1974 2594 2006 2619 et
2025 2587 2184 2630 perfectio
2200 2598 2285 2630 quae
2301 2593 2349 2620 est
2364 2588 2398 2620 in
2414 2597 2502 2620 crea-

1419 2633 1510 2670 turis,
1533 2633 1688 2664 convenit
1710 2632 1784 2664 Deo
1809 2633 2028 2664 essentialiter.

1476 2677 1571 2709 Circa
1595 2678 1690 2709 istam
1715 2678 1987 2720 propositionem,
2009 2677 2161 2720 Diligere
2181 2678 2288 2709 Deum
2309 2682 2356 2708 est
2373 2686 2502 2709 summa

1413 2722 1576 2765 perfectio
1609 2723 1784 2755 rationalis
1813 2727 1998 2760 creaturae,
2026 2722 2157 2757 adverte
2187 2721 2290 2764 quod,

1419 2777 1437 2798 a
1439 2767 1606 2808 ilquorum
1630 2767 1888 2819 expositionem,
1896 2768 2004 2801 babet
2018 2768 2186 2801 veritatem
2208 2767 2243 2800 in
2264 2766 2330 2803 vie.
2346 2759 2436 2811 ml}
2487 2783 2501 2790 -

1418 2811 1516 2843 lectio
1530 2811 1616 2843 Dei'
1608 2821 1642 2843 ιη
1654 2813 1706 2843 via
1718 2818 1766 2844 est
1781 2811 1924 2844 nobilior
1936 2817 1968 2844 et
1984 2811 2113 2854 dignior
2128 2807 2410 2863 cognitione&

1419 2855 1500 2888 illud
1523 2856 1687 2898 Apostoli,
1711 2856 1724 2888 1
1751 2856 1828 2888 Cor.
1846 2857 1940 2894 xm‘,
1969 2855 2005 2888 Si
2029 2856 2174 2891 noverim
2199 2852 2359 2899 mystaet‘a
2381 2858 2443 2894 61.

1419 2906 1451 2932 et
1472 2901 1617 2933 habuero
1642 2911 1769 2933 omnem
1781 2901 1898 2944 fidem,
1922 2901 2092 2933 caritatem
2122 2905 2231 2934 autem
2261 2908 2340 2932 non»
2353 2896 2501 2938 babeam,

1420 2946 1503 2977 nihil
1524 2955 1606 2977 sum
1624 2944 1726 2978 secus
1748 2952 1860 2978 autem
1881 2947 1915 2978 in
1941 2947 2054 2988 patria,
2070 2946 2128 2978 ubi
2142 2946 2226 2978 visio
2245 2945 2373 2978 divinae
2393 2951 2502 2978 asen-

1419 2991 1483 3022 tiae
1498 2996 1546 3022 est
1561 2996 1630 3022 tota
1646 2991 1785 3024 essentia
1800 2990 2019 3024 beatitudinis.
2036 2990 2101 3024 Sed
2115 2996 2226 3024 tamen
2237 2990 2336 3023 etiam
2351 2990 2386 3022 in
2400 2989 2503 3032 patrie

1420 3035 1530 3077 aliquo
1547 3034 1650 3068 modo
1667 3035 1798 3068 dilectio
1813 3036 2016 3077 praeeminet
2031 3035 2221 3077 cognitioni.
2245 3035 2295 3068 De
2310 3035 2376 3067 hoc
2391 3039 2539 3083 autern

1421 3080 1454 3111 in
1478 3081 1573 3111 tertio
1596 3080 1680 3111 libro
1705 3081 1763 3112 erit
1786 3090 1894 3112 sermo
1917 3080 2011 3112 latior
2027 3081 2054 3112 '.
2459 3104 2461 3106 -
2493 3080 2496 3082 ’

1347 3160 1448 3203 ,m

649 3271 1139 3328 CAPITULUM
1176 3273 1774 3331 ocTOGESIMUM
1809 3273 2136 3338 PRIMUM

510 3380 686 3434 QUOD
731 3379 896 3423 DEUS
940 3380 1071 3422 NON
1116 3381 1201 3422 DE
1244 3381 1670 3425 NECESSITATE
1713 3383 1882 3426 VULT
1926 3383 2074 3425 ALIA
2119 3383 2160 3424 A
2205 3381 2280 3425 SE

432 3511 473 3527 ‹-
486 3506 494 3530 1
524 3502 655 3532 autem
684 3492 816 3531 divina
843 3494 1026 3532 voluntas
1045 3502 1102 3532 est
1120 3493 1275 3532 divinae
1296 3495 1365 3533 bo-

303 3565 334 3592 .,-
346 3573 356 3578 -
382 3533 472 3600 '2233
500 3546 625 3584 nitatis
641 3555 677 3584 et
691 3546 812 3585 divini
828 3559 911 3585 esse
926 3559 973 3585 ex
988 3547 1224 3595 necessitate,
1235 3556 1366 3598 posset

297 3598 414 3650 ‘33ss*
440 3605 476 3652 ,ᾗ
501 3599 614 3637 alicui
633 3601 755 3638 videri
776 3602 884 3651 quod
904 3601 1020 3639 etiam
1048 3601 1214 3639 aliorum
1234 3614 1281 3639 ex
1301 3613 1366 3639 ne-

318 3650 409 3678 Ἕω
439 3664 473 3683 ω
502 3652 672 3690 cessitate
692 3662 804 3691 esset:
831 3666 923 3692 curn
944 3653 1078 3693 omnia
1097 3654 1170 3692 alia
1189 3654 1279 3711 velit
1297 3667 1366 3693 vo-

307 3513 354 3538 ’,ω-
374 3515 427 3539 az-

321 3540 332 3554 ,

1420 3496 1538 3534 lendo
1567 3508 1680 3534 suam
1709 3495 1935 3544 bonitatem,
1955 3503 1999 3534 ut
2022 3495 2174 3546 supra*
2197 3495 2408 3547 probatum
2429 3504 2496 3535 est.

1422 3549 1499 3588 Sed
1533 3558 1664 3588 tamen
1699 3557 1800 3588 reete
1835 3547 2170 3587 considerantibus
2202 3557 2362 3601 apparet
2389 3549 2498 3601 quod

1423 3614 1504 3640 non
1533 3611 1589 3641 est
1617 3602 1783 3641 aliorum
1812 3615 1859 3641 ex
1887 3601 2123 3641 necessitate.

1478 3656 1544 3694 Est
1580 3656 1685 3695 enim
1721 3654 1887 3695 aliorum
1923 3663 1966 3694 ut
1998 3655 2268 3696 ordinatorum
2296 3657 2347 3696 ad
2373 3655 2497 3696 finem

2556 1556 2649 1584 1⁸-u-·,
2659 1563 2682 1585 ν,
2692 1559 2716 1581 8.

2529 2855 2540 2866 ·
2553 2853 2622 2878 Vm.
2636 2860 2659 2878 ε.

2528 3062 2683 3087 ‘anne-t.
2692 3069 2748 3093 esp-
2764 3048 2768 3058 e

2525 3497 2609 3527 ‘Cam
2618 3503 2690 3521 mv.
