2768 4134
22 1281 101 1338 :⁴13ss
109 1287 159 1312 35*
171 1281 241 1310 (Ven.

19 1465 34 1477 ⁴
47 1465 85 1488 Cf.
100 1471 166 1488 uum.
177 1471 209 1487 νι.

806 269 995 307 SUMMA
1024 269 1248 307 CONTRA
1277 269 1552 318 GENTILES,
1581 275 1674 312 LIB.
1696 276 1736 322 ΙΙ,
1767 276 1878 313 CAP.
1901 277 1944 314 C.

274 344 344 375 vult
366 344 504 377 Sanctus
527 346 673 378 Thomas
700 356 825 388 ponere
849 345 1143 378 dissimilitudinem
1170 347 1252 377 inter
1278 357 1350 388 spe-

274 389 340 420 cies
373 391 492 430 quibus
523 392 700 422 substantia
733 397 877 432 separata
909 391 1081 431 singularia
1112 392 1292 431 cognoscit,
1319 397 1351 422 et

273 435 398 475 species
422 435 541 476 quibus
564 445 626 467 nos
650 446 688 467 ea
711 436 951 476 cognoscimus.
976 435 1063 474 Quia
1087 435 1174 466 enim
1198 445 1259 465 nos
1282 445 1351 466 non

273 480 505 519 cognoscimus
527 490 585 521 per
601 490 635 511 se
652 485 684 512 et
704 480 824 511 directe
847 480 1020 520 singularia
1042 480 1104 510 nisi
1126 488 1186 519 per
1207 489 1349 516 sensum,

274 529 406 564 oportet
428 525 572 565 speciem
596 534 661 565 qua
679 534 742 555 nos
759 534 797 555 ea
813 525 1055 564 cognoscimus,
1072 533 1142 554 esse
1165 524 1351 554 sensibilem

273 574 306 598 et
321 578 392 600 esse
414 569 633 599 materialibus
657 568 901 600 conditionibus
924 569 1113 605 subiectam,
1131 573 1163 599 et
1177 569 1223 599 sic
1239 569 1350 609 aliquo

273 612 375 644 modo
398 613 598 643 materialem
622 622 702 643 esse.
723 613 855 653 Species
879 618 988 644 autem
1012 622 1077 653 qua
1100 613 1279 643 substantia
1301 623 1351 644 se-

272 661 381 697 parata
404 657 578 697 singularia
601 658 780 698 cognoscit,
803 667 873 688 non
897 663 943 688 est
967 657 1136 693 sensibilis,
1153 657 1210 688 sed
1233 658 1350 688 intelli-

271 702 393 742 gibilis:
419 707 451 732 et
467 710 527 742 per
542 710 748 742 consequens
768 707 816 732 est
830 701 1060 738 immaterialis,
1077 702 1161 732 sicut
1176 707 1209 733 et
1224 702 1350 733 intelle-

272 751 343 776 ctus
359 755 459 786 quem
475 744 610 786 perficit.
627 763 651 768 —
662 746 753 782 Item,
771 746 896 786 species
914 746 1072 777 sensibilis
1088 755 1153 786 qua
1169 756 1230 777 nos
1244 756 1350 777 unum

271 790 433 830 singulare
457 790 699 830 cognoscimus,
717 795 765 820 est
779 790 826 821 illi
842 791 996 831 singulari
1015 790 1208 831 adaequata:
1226 797 1258 821 et
1273 791 1349 822 ideo

271 835 402 875 oportet
417 835 452 864 in
467 835 562 865 nobis
578 835 703 875 species
719 835 930 875 singularium
947 836 1155 876 cognitorum
1168 835 1350 867 secundum

270 879 419 919 ipsorum
434 878 677 910 multitudinem
693 879 911 920 multiplicari.
929 879 1061 921 Species
1077 885 1186 911 autem
1202 881 1350 911 substan-

269 924 334 954 tiae
350 929 515 964 separatae
531 932 596 964 qua
611 924 772 964 singulare
789 925 968 964 cognoscit,
985 934 1053 955 non
1070 930 1119 955 est
1133 925 1180 955 illi
1196 925 1351 965 singulari

270 968 459 1009 adaequata,
475 967 532 999 sed
547 969 656 1008 ipsum
673 968 813 999 excellit:
827 970 904 1010 quia
919 978 985 1000 una
1001 968 1034 1000 'et
1049 968 1162 1000 eadem
1178 975 1227 1000 est
1241 971 1348 1010 primo

270 1013 391 1054 speciei
406 1013 686 1052 repraesentativa,
703 1013 896 1044 secundario
911 1023 989 1044 vero
1006 1014 1229 1055 singularium.
1247 1014 1289 1045 Et
1304 1015 1349 1045 sic

268 1062 338 1088 non
362 1062 494 1098 oportet
516 1057 698 1088 secundum
721 1058 933 1098 singularium
956 1058 1201 1090 multitudinem
1225 1060 1350 1100 species

268 1102 419 1143 ipsorum
448 1101 667 1142 multiplicari,
691 1108 728 1133 ut
751 1102 814 1133 sint
839 1102 984 1134 infinitae
1008 1104 1143 1145 species,
1168 1104 1252 1135 sicut
1274 1110 1350 1135 sunt

268 1146 396 1178 infinita
426 1146 616 1186 singularia:
641 1156 718 1178 cum
748 1156 814 1178 una
838 1153 870 1178 et
893 1147 1007 1179 eadem
1032 1149 1140 1189 specie
1164 1150 1276 1179 omnia
1299 1150 1348 1180 in-

267 1192 463 1232 telligantur.

324 1236 374 1267 Ex
384 1236 424 1267 iis
439 1241 528 1276 patet
544 1245 660 1267 vanam
673 1246 743 1267 esse
755 1237 915 1268 rationem
927 1237 1028 1276 Scoti,
1041 1246 1116 1277 qua,
1132 1239 1166 1268 in
1183 1237 1347 1278 Secundo,

268 1280 300 1312 d.
316 1291 362 1320 m,
379 1289 411 1323 q.
427 1281 486 1313 ult.
499 1281 526 1317 ',
543 1281 648 1322 arguit
663 1282 875 1312 substantiam
898 1287 1078 1322 separatam
1094 1292 1162 1313 non
1177 1292 1275 1323 posse
1291 1293 1346 1314 co-

265 1324 426 1367 gnoscere
441 1325 614 1366 singularia
630 1335 688 1366 per
703 1325 828 1366 species
843 1327 1012 1367 ingenium,
1029 1327 1106 1367 quia
1121 1333 1199 1358 tunc
1215 1328 1348 1359 haberet

267 1369 410 1402 infinitas
433 1371 558 1411 species
581 1371 614 1400 in
638 1376 722 1401 actu.
740 1370 831 1402 Patet
853 1372 941 1402 enim
958 1381 997 1402 ex
1012 1371 1051 1402 iis
1067 1372 1158 1412 quod
1173 1373 1238 1403 hoc
1253 1373 1346 1404 nullo

266 1414 370 1446 modo
393 1416 550 1456 sequitur.

323 1460 361 1491 11.
378 1459 528 1491 Secundo
541 1460 568 1490 “.
586 1460 704 1490 Anima
716 1460 859 1490 humana
875 1465 924 1490 est
938 1459 1072 1490 inferior
1084 1461 1198 1492 ordine
1212 1467 1346 1492 naturae

267 1514 369 1546 quam
391 1505 569 1536 substantia
592 1509 748 1544 separata.
767 1504 809 1535 Et
823 1505 894 1545 ipsa
909 1510 958 1535 est
973 1506 1194 1546 cognoscitiva
1217 1507 1347 1537 univer-

266 1549 383 1581 salium
410 1559 470 1590 per
492 1547 695 1580 intellectum
719 1553 752 1579 et
774 1549 987 1589 singularium
1009 1558 1069 1589 per
1091 1559 1234 1581 sensum.
1257 1551 1345 1591 Ergo

266 1594 444 1626 substantia
467 1598 623 1634 separata,
640 1602 725 1633 quae
741 1598 790 1624 est
808 1593 912 1630 altior,
928 1598 1106 1634 utrumque
1122 1594 1227 1626 altiori
1242 1595 1345 1626 modo

265 1648 323 1679 per
338 1647 444 1670 unum
459 1637 668 1678 principium,
685 1637 807 1668 scilicet
823 1646 882 1678 per
896 1637 1108 1674 intellectum,
1125 1645 1312 1680 cognoscet.
1323 1657 1347 1663 -

263 1683 424 1715 Probatur
450 1682 696 1722 consequentia.
721 1681 808 1719 Quia
831 1682 922 1722 quod
946 1687 1055 1722 potest
1076 1683 1178 1714 virtus
1200 1683 1344 1724 inferior,

264 1733 375 1769 potest
397 1728 498 1758 virtus
521 1727 681 1767 superior,
705 1726 762 1757 sed
786 1727 992 1757 eminentius.

321 1772 373 1804 111.
398 1772 493 1804 Circa
524 1771 608 1803 hanc
631 1771 792 1802 rationem
815 1771 958 1802 occurrit
980 1770 1128 1802 dubium.
1153 1772 1214 1803 Per
1240 1773 1344 1813 ipsam

265 1818 354 1849 enim
369 1818 413 1848 ita
433 1816 563 1859 probari
582 1816 702 1857 poterit
723 1815 815 1856 quod
836 1816 1019 1847 intellectus
1042 1821 1153 1847 noster
1175 1818 1345 1858 cognoscit

264 1862 449 1903 singularia,
472 1862 556 1892 sicut
578 1860 619 1892 de
642 1861 819 1892 substantia
850 1866 1004 1901 separata.
1029 1860 1121 1891 Sicut
1150 1862 1238 1892 enim
1267 1862 1344 1892 sub-

264 1907 381 1938 stantia
407 1912 553 1947 separata
576 1911 625 1936 est
646 1906 795 1946 superior
818 1911 850 1936 et
873 1905 967 1936 altior
990 1906 1098 1936 anima
1123 1906 1275 1943 humana,
1300 1907 1344 1936 ita

263 1947 448 1983 intellectus
471 1956 582 1982 noster
605 1955 654 1981 est
675 1950 776 1981 virtus
799 1950 894 1981 altior
917 1959 1024 1981 sensu.
1042 1950 1129 1990 Ergo
1145 1951 1182 1989 si,
1198 1952 1274 1991 quia
1290 1951 1343 1981 illa

265 2002 315 2028 est
329 1997 479 2038 superior
501 1996 609 2026 anima
631 1995 785 2035 humana,
801 1994 876 2026 ideo
893 2004 951 2035 per
965 2004 1069 2026 unum
1087 1996 1255 2035 cognoscit
1270 1996 1343 2026 uni-

264 2041 398 2072 versalia
417 2046 450 2072 et
469 2040 683 2082 particularia,
700 2049 785 2080 quae
808 2040 915 2070 anima
938 2049 997 2080 per
1019 2039 1159 2070 diversas
1181 2040 1343 2081 potentias

266 2086 451 2127 cognoscin
483 2085 598 2116 eadem
631 2085 767 2121 ratione,
800 2085 877 2125 quia
906 2084 1089 2115 intellectus
1119 2090 1168 2115 est
1197 2085 1344 2125 superior

265 2140 374 2167 sensu,
398 2131 519 2172 poterit
541 2139 599 2171 per
622 2139 657 2160 se
681 2138 880 2170 cognoscere
908 2130 1019 2160 omnia
1046 2139 1130 2169 quae
1154 2139 1212 2170 per
1235 2130 1343 2170 plures

265 2185 380 2208 sensus
402 2180 658 2216 cognoscuntur.

321 2220 391 2252 Nec
413 2220 500 2251 valet
523 2220 550 2250 si
572 2218 698 2250 dicatur
727 2218 819 2259 quod
848 2218 928 2249 haec
959 2219 1153 2259 propositio,
1181 2218 1344 2259 Quicquid

259 2270 371 2307 potest
393 2265 497 2296 virtus
526 2265 678 2306 inferior,
698 2269 808 2305 potest
837 2263 941 2294 virtus
970 2264 1132 2304 superior,
1156 2263 1344 2303 intelligitur

265 2310 331 2341 hoc
352 2309 428 2341 loco
445 2309 485 2341 de
501 2315 616 2340 natura
630 2309 677 2339 rei
692 2309 868 2349 superioris
891 2308 1054 2348 completa
1073 2309 1107 2338 in
1129 2308 1247 2348 specie,
1264 2317 1343 2338 con-

265 2355 419 2386 stituente
438 2355 539 2385 alium
557 2353 695 2394 gradum
710 2354 746 2384 in
762 2352 877 2384 ordine
894 2361 1019 2389 rerum3
1036 2352 1218 2383 intellectus
1234 2357 1342 2382 autem

265 2405 377 2430 noster
399 2409 468 2430 non
488 2404 536 2429 est
557 2404 672 2429 natura
694 2407 753 2438 per
768 2407 803 2428 se
819 2397 983 2437 completa
997 2398 1031 2427 in
1047 2398 1166 2437 specie,
1183 2396 1239 2427 sed
1255 2397 1343 2427 clau-

265 2443 354 2475 ditur
368 2443 475 2474 in'illo
492 2452 600 2474 rerum
619 2442 720 2483 gradu
736 2443 770 2473 in
787 2451 855 2482 quo
872 2447 904 2472 et
918 2442 1036 2472 homo:
1052 2460 1076 2464 -
1090 2442 1180 2478 haec,
1197 2442 1341 2481 inquam,

265 2489 437 2530 responsio
454 2492 580 2518 constat
595 2487 687 2528 quod
702 2496 771 2518 non
788 2492 836 2517 est
851 2486 892 2517 ad
907 2491 1052 2516 mentem
1065 2486 1174 2517 Sancti
1182 2486 1341 2516 Thomae.

266 2533 364 2572 Quia,
387 2532 553 2564 declarans
575 2532 664 2562 illam
687 2531 961 2572 propositionem,
977 2530 1160 2561 manifestat
1183 2531 1285 2570 ipsam
1309 2531 1342 2560 in

266 2587 363 2609 sensu
381 2577 561 2616 communi,
579 2577 636 2617 qui
651 2586 738 2607 unus
753 2574 967 2617 apprehendit
984 2575 1107 2605 diversa
1129 2584 1247 2615 genera
1271 2584 1342 2605 sen-

266 2622 411 2654 sibilium
434 2631 518 2662 quae
542 2622 689 2662 quinque
713 2621 861 2652 sensibus
882 2620 1093 2651 exterioribus
1109 2620 1341 2660 percipiuntur.

268 2666 477 2698 Manifestum
489 2671 537 2697 est
549 2671 659 2697 autem
672 2665 763 2706 quod
775 2674 888 2696 sensus
902 2665 1088 2694 communis
1100 2673 1168 2694 non
1182 2669 1229 2694 est
1240 2664 1342 2704 magis

266 2717 380 2743 natura
401 2711 564 2752 completa
580 2711 614 2741 in
631 2711 740 2751 specie
762 2719 862 2750 quam
882 2709 1074 2739 intellectus.
1095 2708 1182 2748 Ergo
1202 2713 1262 2739 etc.

321 2757 375 2787 1v.
383 2755 436 2787 Ad
448 2756 545 2786 huius
558 2755 763 2791 evidentiam,
774 2753 1045 2797 considerandum
1062 2758 1110 2783 est
1120 2753 1227 2793 primo
1241 2751 1342 2793 quod,

267 2809 345 2831 cum
360 2801 461 2831 virtus
477 2800 545 2831 duo
561 2800 720 2839 respiciat,
737 2798 859 2829 scilicet
875 2798 1100 2838 operationem
1117 2803 1149 2828 et
1164 2798 1341 2836 obiectum,

266 2845 439 2886 dupliciter
462 2849 571 2885 potest
593 2844 728 2884 intelligi
751 2843 954 2883 superiorem
978 2842 1129 2872 virtutem
1139 2851 1239 2882 posse
1253 2842 1342 2882 quic-

267 2889 346 2931 quid
357 2894 470 2930 potest
491 2889 653 2930 inferior:
675 2894 731 2918 aut
753 2887 876 2918 scilicet
899 2887 976 2927 quia
999 2887 1032 2916 in
1053 2895 1152 2916 omne
1176 2887 1342 2917 obiectum

266 2939 376 2975 potest
390 2935 423 2964 in
440 2933 532 2974 quod
554 2938 663 2974 potest
685 2932 833 2968 inferior3
850 2936 905 2961 aut
921 2931 998 2971 quia
1021 2940 1155 2961 omnem
1179 2932 1341 2971 operatio-

265 2988 343 3010 nem
367 2984 399 3009 et
423 2987 558 3009 omnem
587 2977 726 3008 modum
757 2976 955 3017 operationis
978 2981 1087 3015 potest
1113 2975 1230 3006 habere
1258 2985 1341 3016 quae

266 3029 340 3055 nata
360 3028 435 3054 sunt
458 3022 602 3053 inferiori
627 3022 812 3052 convenire.
828 3038 851 3043 —
865 3021 1000 3056 Rursus,
1017 3029 1094 3051 cum
1110 3021 1257 3059 operatio
1273 3029 1342 3050 me-

266 3069 357 3099 dium
383 3067 550 3108 quoddam
571 3068 611 3097 sit
631 3067 714 3097 inter
736 3066 887 3096 virtutem
904 3075 922 3095 a
939 3073 1003 3104 qua
1027 3064 1188 3105 egreditur
1204 3070 1236 3095 et
1251 3064 1341 3095 obie-

266 3119 357 3144 ctum
376 3112 417 3143 ad
439 3111 531 3152 quod
553 3112 753 3147 terminatur,
771 3116 803 3141 et
819 3118 857 3140 ex
872 3114 1014 3150 utroque
1038 3109 1179 3149 aliquem
1203 3108 1341 3139 modum

266 3159 398 3194 habeat;
421 3162 529 3197 potest
551 3156 687 3196 intelligi
707 3161 763 3186 aut
779 3155 819 3186 de
835 3154 938 3185 modo
960 3154 1158 3194 operationis
1179 3154 1239 3183 sibi
1262 3163 1342 3184 con-

265 3202 410 3234 venienti
433 3207 470 3232 ut
493 3211 526 3232 se
550 3206 639 3232 tenet
662 3210 701 3231 ex
724 3205 814 3240 parte
836 3199 976 3235 virtutis;
1001 3204 1057 3229 aut
1077 3198 1117 3229 de
1137 3207 1178 3228 eo
1200 3198 1257 3238 qui
1280 3198 1340 3228 sibi

266 3247 423 3279 convenit
445 3251 482 3276 ut
505 3256 539 3276 se
562 3244 651 3276 tenet
675 3254 713 3275 ex
737 3249 827 3284 parte
851 3244 981 3274 obiecti.

323 3290 606 3323 Considerandum
637 3289 793 3325 secundo,
818 3288 909 3329 quod
939 3287 1111 3327 dupliciter
1140 3292 1248 3327 potest
1277 3286 1341 3317 dici

266 3346 333 3368 una
355 3336 456 3366 virtus
479 3336 628 3376 superior
651 3335 724 3364 alia:
749 3343 818 3364 uno
841 3332 954 3369 modo,
976 3333 1052 3372 quia
1076 3329 1116 3361 ad
1134 3329 1340 3371 'superiorem

267 3380 416 3411 ordinem
440 3390 548 3411 rerum
572 3380 721 3420 pertinet,
737 3379 820 3409 sicut
840 3378 940 3407 virtus
959 3376 1155 3407 substantiae
1178 3380 1340 3415 separatae

268 3430 316 3455 est
338 3425 488 3465 superior
509 3425 627 3455 virtute
651 3433 822 3463 corporea;
847 3422 910 3452 alio
934 3420 1048 3459 modo,
1065 3421 1142 3460 quia
1164 3420 1198 3450 in
1222 3419 1340 3450 eodem

267 3469 382 3500 ordine
405 3478 514 3499 rerum
538 3469 740 3509 superiorem
762 3467 898 3508 gradum
921 3471 1019 3502 tenet,
1039 3466 1122 3495 sicut
1144 3465 1243 3495 virtus
1267 3473 1339 3494 sen—

267 3514 359 3544 sitiva
382 3513 517 3544 interior
539 3519 587 3544 est
609 3513 758 3554 superior
781 3513 896 3542 virtute
919 3511 1069 3541 sensitiva
1093 3509 1251 3539 exteriori.

324 3558 451 3588 Dicitur
474 3567 550 3598 ergo
567 3559 674 3598 primo
698 3556 799 3597 quod,
817 3561 974 3596 quantum
991 3554 1031 3584 ad
1047 3554 1184 3592 obiecta,
1204 3558 1252 3583 est
1267 3553 1340 3583 uni-

267 3603 431 3633 versaliter
445 3611 559 3633 verum
575 3602 666 3643 quod
683 3601 840 3642 quicquid
856 3605 963 3641 potest
982 3599 1082 3629 virtus
1105 3597 1248 3633 inferior,
1264 3602 1338 3637 pot-

267 3653 316 3678 est
338 3647 438 3678 virtus
462 3648 619 3688 superior,
637 3647 703 3677 sive
720 3647 760 3678 sit
776 3645 949 3686 superioris
974 3643 1105 3679 ordinis,
1122 3643 1188 3673 sive
1211 3647 1338 3672 tantum

2402 280 2479 329 597

1404 350 1577 388 superioris
1598 351 1729 390 gradus:
1751 352 1931 385 dummodo
1954 356 2016 386 sint
2039 355 2158 387 directe
2174 358 2401 390 subordinatae
2425 369 2476 391 se-

1404 392 1550 444 cundum
1576 395 1712 426 eandem
1742 398 1910 429 rationem.
1939 399 2029 430 Patet
2052 401 2140 431 enim
2167 402 2201 432 in
2227 403 2265 433 iis
2294 412 2378 443 quae
2399 410 2476 435 sunt

1404 438 1578 476 superioris
1601 439 1717 477 gradus
1746 446 1883 478 tantum,
1908 452 1946 473 ex
1973 453 2013 474 eo
2038 445 2128 484 quod
2151 445 2297 477 videmus
2319 448 2354 478 in
2377 457 2474 480 sensu

1404 483 1573 511 communi
1589 489 1739 523 respectu
1754 494 1909 517 sensuum
1924 489 2179 527 particularium;
2192 491 2226 520 in
2242 491 2279 521 iis
2296 501 2372 522 vero
2390 501 2473 533 quae

1403 530 1480 555 sunt
1494 527 1669 565 superioris
1685 527 1816 568 ordinis,
1829 539 1867 560 ex
1883 534 2125 572 comparatione
2140 534 2323 566 intellectus
2338 537 2474 576 angelici

1403 568 1444 598 ad
1456 578 1598 606 sensum,
1611 576 1648 601 ut
1659 572 1711 602 hic
1724 573 1918 605 ostenditur:
1934 576 1969 606 in
1985 578 2095 607 omnia
2111 579 2199 608 enim
2214 580 2247 609 in
2265 588 2348 619 quae
2364 586 2473 621 potest

1403 622 1516 663 sensus
1540 615 1749 654 particularis,
1765 622 1872 656 potest
1895 628 2006 650 sensus
2031 623 2229 659 communis3
2252 629 2283 654 et
2306 625 2339 654 in
2363 627 2473 656 omnia

1402 666 1436 687 ln
1460 667 1544 698 quae
1567 664 1675 698 potest
1698 669 1820 697 sensus,
1843 667 1950 701 potest
1972 665 2153 696 intellectus
2176 667 2349 707 angelicus.

1458 702 1584 733 Dicitur
1599 703 1754 740 secundo,
1767 705 1858 745 quod
1874 715 2007 738 omnem
2023 710 2245 748 operationem
2259 721 2358 752 quam
2373 714 2472 744 virtus

1402 745 1536 777 inferior
1558 747 1664 784 habet,
1689 753 1721 778 et
1743 749 1842 779 virtus
1866 750 1962 781 habet
1985 754 2139 792 superior,
2156 755 2217 785 nisi
2239 756 2342 796 ipsam
2366 757 2472 798 aliqua

1403 792 1643 822 concomitetur
1673 792 1876 832 imperfectio
1907 804 1991 834 quae
2020 798 2177 836 superiori
2199 808 2267 830 non
2290 802 2470 839 conveniat,

1403 839 1440 864 ut
1463 837 1640 876 superius*
1664 842 1712 867 est
1734 842 1911 869 ostensum.

1459 879 1586 911 Dicitur
1603 881 1698 911 tertio
1717 881 1818 921 quod,
1835 888 1994 922 quantum
2009 883 2049 914 ad
2064 884 2202 916 modum
2225 889 2418 927 operationis
2438 900 2471 921 se

1402 927 1569 955 tenentem
1592 934 1630 956 ex
1653 931 1743 966 parte
1766 926 1901 963 virtutis,
1926 932 1973 958 est
1997 929 2216 960 universaliter
2242 931 2338 961 etiam
2360 942 2472 965 verum

1403 968 1494 1010 quod
1510 979 1578 1010 quo
1594 969 1696 1001 modo
1713 975 1822 1009 potest
1839 972 1966 1011 operari
1980 972 2080 1003 virtus
2094 973 2237 1010 inferior,
2253 980 2360 1015 potest
2374 978 2472 1008 virtus

1401 1014 1551 1054 superior
1566 1015 1704 1054 operari,
1719 1014 1771 1045 vel
1785 1015 1887 1045 modo
1905 1016 2131 1048 excellentiori.
2144 1018 2248 1049 Patet:
2265 1020 2341 1059 quia
2356 1021 2473 1052 modus

1401 1058 1560 1099 operandi
1582 1058 1654 1089 talis
1677 1059 1824 1099 sequitur
1846 1059 1984 1090 modum
2007 1061 2131 1092 essendi
2156 1064 2328 1103 operantis.

1459 1103 1585 1134 Dicitur
1608 1109 1724 1144 quarto
1749 1103 1849 1144 quod,
1869 1110 2029 1144 quantum
2053 1105 2092 1136 ad
2115 1106 2252 1138 modum
2276 1110 2473 1148 operationis

1401 1157 1436 1178 se
1455 1153 1622 1178 tenentem
1638 1157 1676 1178 ex
1691 1153 1782 1188 parte
1805 1148 1934 1185 obiecti,
1951 1150 2050 1180 virtus
2073 1152 2244 1190 superioris
2264 1151 2384 1183 ordinis
2399 1159 2473 1194 pot—

1402 1198 1450 1223 est
1469 1192 1622 1223 nobiliori
1644 1192 1758 1229 modo,
1774 1192 1961 1224 includente
1984 1193 2121 1224 modum
2144 1196 2370 1235 ignobiliorem
2393 1199 2472 1228 erni-

1401 1243 1526 1274 nenter,
1549 1238 1687 1277 operari.
1720 1237 1830 1268 Virtus
1857 1243 1967 1268 autem
1996 1239 2169 1279 superioris
2198 1240 2313 1280 gradus
2336 1247 2472 1281 tantum,

1400 1287 1509 1322 potest
1532 1281 1651 1312 eodem
1674 1281 1776 1312 modo
1800 1283 1937 1322 operari,
1953 1292 2021 1313 non
2042 1289 2150 1314 autem
2168 1290 2215 1314 est
2237 1294 2367 1316 necesse
2383 1287 2473 1327 quod

1400 1326 1555 1357 nobiliori
1577 1326 1680 1357 modo
1704 1331 1866 1367 operetur.
1887 1345 1910 1349 —
1933 1327 2078 1358 Pn'mum
2101 1333 2189 1368 patet
2211 1329 2245 1359 in
2267 1330 2393 1369 angelo,
2418 1340 2472 1361 co-

1399 1376 1578 1412 gnoscente
1609 1371 1781 1411 singularia
1810 1371 1986 1402 materialia
2012 1381 2080 1402 non
2102 1378 2229 1403 tantum
2253 1379 2411 1414 quantum
2434 1374 2473 1405 ad

1400 1415 1578 1446 accidentia
1602 1416 1787 1452 extrinseca,
1805 1425 1873 1456 quo
1896 1415 1999 1447 modo
2020 1426 2057 1447 ea
2076 1426 2188 1448 sensus
2212 1420 2392 1458 cognoscit;
2417 1419 2473 1450 sed

1400 1461 1497 1491 etiam
1514 1465 1673 1500 quantum
1690 1459 1730 1491 ad
1746 1469 1861 1491 eorum
1885 1462 2057 1491 essentiam
2080 1462 2296 1493 intrinsecam.
2312 1481 2335 1485 —
2350 1463 2472 1494 Secun-

1400 1504 1479 1535 dum
1503 1505 1601 1535 etiam
1625 1510 1713 1544 patet
1735 1505 1769 1535 in
1792 1514 1889 1536 sensu
1913 1506 2093 1545 communi,
2118 1507 2174 1546 qui
2197 1506 2237 1537 de
2260 1507 2471 1547 singularibus

1399 1550 1570 1590 cognoscit
1592 1555 1719 1580 tantum
1742 1549 1930 1586 accidentia,
1954 1550 2038 1581 sicut
2057 1555 2090 1581 et
2105 1560 2217 1581 sensus
2241 1552 2387 1588 exterior,
2402 1562 2471 1583 non

1399 1599 1509 1624 autem
1534 1603 1649 1624 eorum
1673 1593 1896 1634 quidditatem.

1455 1638 1543 1669 Cum
1560 1647 1638 1678 ergo
1654 1639 1707 1669 hic
1723 1637 1840 1669 dicitur
1858 1638 1948 1679 quod
1967 1639 2120 1680 quicquid
2134 1644 2244 1679 potest
2261 1640 2364 1670 virtus
2387 1640 2470 1682 infe-

1399 1683 1480 1718 rior,
1499 1687 1609 1723 potest
1624 1683 1727 1713 virtus
1749 1683 1910 1723 superior,
1927 1683 1985 1714 sed
2008 1684 2210 1720 eminentius,
2228 1684 2320 1715 datur
2337 1685 2471 1725 intelligi

1398 1732 1431 1757 et
1447 1727 1537 1768 quod
1561 1732 1668 1768 potest
1683 1728 1717 1758 in
1734 1729 1844 1758 omnia
1868 1728 1996 1758 obiecta
2011 1729 2045 1758 in
2062 1737 2146 1768 quae
2169 1734 2276 1768 potest
2299 1729 2398 1759 virtus
2421 1729 2470 1759 in-

1398 1771 1510 1808 ferior3
1535 1778 1567 1802 et
1589 1771 1681 1812 quod
1703 1772 1855 1803 nobiliori
1878 1772 1980 1803 modo
2005 1773 2202 1813 operationis
2225 1773 2258 1803 in
2281 1773 2334 1804 illa
2353 1779 2469 1813 potest.

1453 1816 1492 1846 V.
1517 1816 1577 1846 His
1599 1817 1792 1856 praemissis,
1812 1817 1929 1847 dicitur
1944 1817 1984 1848 ad
2008 1817 2144 1848 dubium
2168 1818 2285 1857 primo,
2302 1817 2391 1857 quod
2413 1827 2471 1858 per

1396 1861 1556 1891 rationem
1579 1861 1633 1891 hic
1655 1860 1828 1892 adductam
1851 1862 1976 1901 optime
1999 1862 2155 1901 probatur
2177 1861 2267 1902 quod
2294 1862 2469 1892 substantia

1396 1910 1541 1945 separata
1556 1910 1665 1945 potest
1679 1905 1851 1945 singularia
1867 1915 2075 1945 cognoscere,
2093 1911 2124 1936 et
2144 1906 2348 1936 eminentiori
2365 1905 2466 1936 modo

1397 1958 1496 1989 quam
1520 1950 1627 1980 anima
1646 1954 1755 1979 nostra
1771 1959 1829 1989 per
1843 1959 1984 1986 sensum,
2001 1955 2067 1980 tam
2084 1959 2122 1980 ex
2137 1956 2226 1990 parte
2242 1951 2467 1990 cognoscentis

1397 2003 1496 2034 quam
1513 2003 1551 2024 ex
1566 1999 1657 2034 parte
1672 1994 1719 2024 rei
1734 1995 1893 2034 cognitae.
1910 1994 1952 2024 Et
1973 1995 2049 2034 quia
2069 2003 2108 2024 ea
2130 1995 2299 2034 cognoscit
2321 1995 2411 2025 unite
2435 2000 2466 2025 et

1395 2038 1660 2069 immaterialiter:
1674 2047 1750 2069 cum
1762 2039 1869 2069 anima
1883 2043 1993 2069 nostra
2008 2048 2066 2079 per
2081 2048 2193 2069 sensus
2208 2038 2334 2069 divisim
2351 2045 2383 2069 et
2397 2048 2465 2069 ma-

1396 2083 1547 2114 terialiter
1567 2093 1604 2114 ea
1623 2088 1809 2123 cognoscat.
1834 2083 1875 2113 Et
1898 2083 1974 2123 quia
1997 2092 2034 2113 ea
2057 2084 2226 2123 cognoscit
2247 2093 2316 2114 non
2339 2088 2465 2114 tantum

1397 2133 1556 2168 quantum
1584 2126 1625 2158 ad
1651 2127 1826 2158 extrinseca
1857 2127 2045 2164 accidentia,
2072 2133 2109 2158 ut
2133 2137 2254 2164 sensuS,
2285 2127 2342 2158 sed
2368 2128 2465 2158 etiam

1397 2178 1557 2212 quantum
1587 2171 1627 2202 ad
1657 2172 1839 2211 essentiam,
1868 2181 1951 2212 quae
1981 2172 2152 2202 intrinseca
2182 2178 2243 2202 est:
2271 2172 2465 2212 inquantum

1395 2217 1519 2257 species
1550 2217 1669 2256 quibus
1699 2216 1856 2256 intelligit,
1881 2222 2118 2256 repraesentant
2144 2225 2213 2246 rem
2240 2222 2398 2256 quantum
2425 2216 2466 2247 ad

1396 2262 1567 2292 essentiam
1590 2266 1622 2291 et
1645 2266 1804 2301 quantum
1827 2260 1867 2291 ad
1890 2261 2048 2301 principia
2071 2260 2313 2299 individuantia,
2336 2262 2419 2292 sicut
2434 2266 2466 2291 et

1396 2306 1533 2337 essentia
1548 2305 1665 2342 divina,
1682 2315 1699 2335 a
1715 2311 1784 2345 ‘qua
1803 2304 1980 2346 profluunt,
1997 2311 2045 2335 est
2060 2314 2175 2336 eorum
2196 2314 2291 2336 causa
2307 2311 2465 2345 quantum

1396 2350 1437 2381 ad
1458 2355 1645 2390 utrumque.

1453 2395 1578 2425 Dicitur
1600 2393 1756 2430 secundo,
1774 2393 1865 2434 quod
1887 2395 2002 2434 utique
2025 2403 2083 2435 per
2101 2394 2185 2424 hanc
2208 2394 2366 2424 rationem
2389 2403 2465 2434 pro-

1395 2440 1463 2470 bari
1486 2440 1583 2470 etiam
1606 2444 1714 2479 potest
1737 2438 1828 2479 quod
1850 2439 2032 2469 intellectus
2055 2444 2174 2475 noster,
2195 2438 2340 2468 absolute
2360 2439 2465 2469 consi-

1396 2484 1534 2520 deratus,
1550 2489 1709 2523 quantum
1725 2483 1847 2514 scilicet
1858 2482 1898 2513 ad
1909 2484 1959 2513 sui
1974 2489 2132 2519 naturam,
2146 2491 2203 2522 per
2219 2483 2466 2513 abstractionem

1395 2529 1435 2559 ab
1451 2529 1516 2559 hoc
1531 2528 1583 2559 vel
1598 2529 1638 2558 ab
1654 2528 1710 2558 illo
1727 2527 1828 2558 modo
1848 2527 1984 2566 essendi,
2004 2532 2112 2567 potest
2135 2536 2333 2566 cognoscere
2356 2527 2465 2567 singu-

1395 2573 1471 2604 laria
1494 2572 1669 2603 materialia
1691 2572 1811 2602 directe
1834 2577 1994 2611 quantum
2010 2571 2050 2601 ad
2066 2581 2181 2602 eorum
2203 2571 2463 2611 singularitatem.

1395 2618 1479 2648 Nam
1503 2617 1645 2647 ostendit
1667 2617 1803 2647 Sanctus
1819 2616 1963 2646 Thomas
1986 2616 2101 2652 Prima,
2126 2624 2158 2655 q.
2182 2625 2305 2651 Lxxxrx,
2330 2625 2357 2645 a.
2377 2624 2408 2654 4,
2434 2621 2466 2646 et

1401 2662 1508 2697 Verit„
1526 2671 1557 2702 q.
1574 2671 1636 2698 xrx,
1653 2671 1681 2691 a.
1701 2670 1730 2700 2,
1752 2660 1843 2700 quod
1865 2661 1972 2690 anima
1995 2666 2104 2691 nostra
2127 2665 2270 2699 separata
2294 2660 2465 2699 singularia

1396 2707 1574 2747 cognoscit.

1452 2751 1577 2782 Dicitur
1599 2751 1705 2786 tertio,
1723 2749 1814 2789 quod
1833 2759 1900 2779 non
1917 2754 2025 2779 tamen
2041 2758 2100 2789 per
2114 2749 2198 2778 hanc
2213 2749 2372 2778 rationem
2388 2757 2464 2788 pro-

1395 2796 1463 2826 bari
1486 2801 1593 2835 potest
1616 2793 1707 2835 quod
1732 2794 1914 2824 intellectus
1943 2798 2053 2824 noster
2077 2793 2270 2823 coniunctus
2294 2793 2465 2832 singularia

1396 2845 1573 2880 cognoscat
1596 2845 1628 2869 et
1651 2838 1771 2869 directe
1787 2844 1819 2869 et
1834 2843 1994 2878 quantum
2009 2837 2049 2868 ad
2065 2846 2179 2867 eorum
2202 2837 2463 2877 singularitatem.

1395 2885 1472 2915 Non
1496 2885 1584 2915 enim
1607 2884 1704 2914 valet:
1737 2883 1921 2913 Intellectus
1949 2887 2060 2913 noster
2089 2881 2269 2912 secundum
2292 2891 2385 2911 suam
2407 2891 2464 2911 na-

1395 2934 1500 2959 turam
1524 2929 1672 2959 absolute
1695 2927 1916 2958 consideratus
1939 2932 2047 2967 potest
2064 2935 2261 2965 cognoscere
2282 2926 2463 2966 singularia,

1394 2979 1510 3014 utpote
1526 2974 1583 3013 qui
1598 2973 1639 3003 sit
1654 2973 1801 3013 superior
1824 2981 1931 3011 sensu,
1953 2971 2039 3011 Ergo
2056 2971 2251 3001 coniunctus
2266 2970 2330 3000 hoc
2346 2975 2463 3010 potest.

1451 3018 1577 3048 Dicitur
1588 3022 1713 3058 quarto,
1727 3016 1817 3056 quod
1828 3026 1886 3056 per
1900 3017 2004 3056 ipsam
2016 3016 2099 3046 bene
2110 3015 2239 3055 probari
2254 3019 2363 3054 potest
2374 3014 2465 3054 quod

1394 3063 1505 3103 aliquo
1528 3061 1630 3092 modo
1654 3061 1708 3092 illa
1731 3070 1929 3101 cognoscere
1952 3065 2073 3100 potest:
2099 3064 2257 3099 quantum
2280 3059 2402 3089 scilicet
2424 3058 2464 3088 ad

1393 3116 1508 3137 eorum
1532 3106 1794 3146 singularitatem,
1812 3104 1982 3141 indirecte;
2007 3109 2165 3144 quantum
2188 3112 2265 3133 vero
2285 3102 2326 3133 ad
2349 3112 2463 3133 eorum

1393 3150 1616 3191 quidditatem‚
1641 3150 1770 3181 directe.
1788 3149 1889 3188 Quod
1913 3155 1960 3180 est
1983 3159 2022 3179 ea
2041 3148 2259 3179 excellentiori
2282 3147 2383 3177 modo
2407 3157 2463 3177 co-

1392 3205 1550 3236 gnoscere
1573 3204 1672 3236 quam
1695 3203 1818 3230 sensus,
1843 3194 1900 3233 qui
1923 3202 2038 3224 eorum
2060 3198 2187 3223 tantum
2210 3191 2387 3222 accidentia
2410 3201 2464 3222 ex-

1392 3241 1529 3271 trinseca
1546 3240 1724 3280 cognoscit.
1738 3238 1832 3270 Unde
1849 3238 1985 3269 Sanctus
1997 3237 2142 3268 Thomas
2157 3237 2274 3275 Prima,
2291 3245 2322 3276 q.
2339 3245 2462 3271 Lxxxvr,

1393 3295 1421 3315 a.
1443 3293 1470 3321 1,
1487 3294 1574 3321 cum,
1590 3293 1613 3323 4
1628 3293 1692 3324 arg.
1717 3283 1758 3314 ad
1780 3288 1905 3323 partem
1928 3282 2051 3321 falsam,
2075 3282 2240 3321 probasset
2262 3280 2464 3310 intellectum

1393 3334 1542 3360 nostrum
1557 3337 1755 3369 cognoscere
1771 3327 1951 3367 singularia,
1968 3326 2028 3356 hac
2046 3326 2181 3361 ratione,
2199 3324 2289 3365 quod
2311 3324 2465 3365 quicquid

1392 3379 1498 3414 potest
1523 3373 1626 3404 virtus
1656 3372 1806 3414 inferior,
1829 3376 1938 3411 potest
1967 3371 2070 3401 virtus
2097 3369 2248 3410 superior
2256 3377 2268 3405 ,²
2291 3368 2464 3408 respondet

1393 3418 1485 3459 quod
1501 3417 1658 3458 quicquid
1673 3421 1780 3457 potest
1794 3417 1894 3447 virtus
1909 3415 2051 3451 inferior,
2068 3419 2176 3454 potest
2191 3414 2290 3444 virtus
2306 3413 2463 3453 superior,

1391 3463 1449 3493 sed
1471 3461 1678 3493 eminentiori
1700 3460 1807 3497 modo,
1825 3466 1857 3491 et
1873 3459 1963 3500 quod
1986 3459 2166 3490 intellectus
2190 3458 2384 3488 eminentius
2408 3467 2464 3487 co-

1391 3508 1520 3547 gnoscit
1534 3506 1567 3537 id
1587 3506 1677 3546 quod
1693 3505 1861 3545 cognoscit
1882 3514 2004 3535 sensus.
2029 3503 2131 3534 Simili
2146 3502 2249 3533 modo
2265 3501 2464 3542 respondens

1392 3551 1432 3582 ad
1451 3552 1515 3583 hoc
1539 3555 1766 3591 argumentum
1788 3549 1895 3584 Ver-it„
1913 3558 1944 3589 q.
1961 3559 1991 3587 x,
2007 3558 2035 3578 a.
2055 3548 2084 3587 5,
2100 3547 2140 3578 ad
2158 3548 2187 3583 5,
2204 3547 2248 3577 ait
2268 3546 2358 3586 quod
2382 3545 2466 3577 illud

1391 3597 1479 3637 quod
1505 3600 1613 3637 potest
1635 3595 1738 3625 virtus
1766 3594 1916 3635 inferior,
1939 3598 2049 3633 potest
2075 3592 2179 3622 virtus
2208 3591 2369 3631 superior,
2397 3600 2464 3621 non

1393 3646 1499 3671 tamen
1517 3649 1643 3680 semper
1660 3639 1771 3670 eodem
1791 3638 1898 3673 modo,
1915 3638 1972 3668 sed
1986 3636 2181 3678 quandoque
2197 3636 2264 3666 alio
2281 3635 2395 3666 altiori
2402 3641 2414 3671 ;
2433 3640 2468 3665 et

2500 845 2508 854 ‘
2517 843 2650 865 Commeat.
2661 849 2712 872 cap.

2499 875 2561 896 xcvi,
2576 876 2600 892 n.
2610 875 2668 893 xvir.
