2768 4134
29 460 39 468 ·
54 457 111 485 Cap.
123 463 220 479 ιικνιιι.

29 617 39 627 ”
53 616 111 643 Cap.
123 622 220 638 nxxxm.

812 271 1000 311 SUMMA
1030 276 1251 316 CONTRA
1280 280 1555 332 GENTlLES,
1586 285 1697 323 CAP.
1722 288 1928 327 LXXXVI.

271 348 496 397 perfectum.
533 348 596 386 Sic
625 357 755 386 autem
785 351 928 388 cadunt
956 354 1084 403 aliqua
1112 358 1184 394 sub
1213 359 1344 397 divina

271 402 469 438 voluntate
499 403 719 440 secundum
747 404 857 452 quod
885 417 925 441 se
954 407 1098 446 habent
1133 410 1172 447 in
1207 412 1342 450 ordine

271 454 365 491 boni
381 454 412 491 ²¹⁶.
443 455 689 505 Relinquitur
715 455 828 504 igitur
856 459 964 506 quod
993 460 1144 499 bonum
1172 465 1342 503 universi

271 507 317 545 sit
342 508 438 545 ratio
458 521 578 558 quare
602 509 709 546 Deus
729 510 811 546 vult
839 515 1153 564 unumquodque
1177 519 1341 566 particu-

270 562 348 598 lare
377 562 529 599 bonum
558 561 596 599 in
626 561 822 600 universo.

324 616 430 652 Item.
469 615 576 652 Sicut
613 627 732 665 supra
750 615 770 637 *
799 625 1000 655 ostensum
1038 628 1104 666 est,
1140 625 1340 672 supposito

270 669 379 717 quod
407 669 515 705 Deus
543 667 688 717 aliquid
718 668 819 713 velit,
845 671 1019 720 sequitur
1046 685 1092 710 ex
1120 677 1341 715 necessitate

270 721 379 770 quod
407 721 498 758 velit
527 733 572 758 ea
600 733 702 770 quae
730 723 779 760 ad
810 723 903 761 illud
932 725 1191 774 requiruntur.
1222 730 1340 776 Quod

269 782 402 812 autem
429 774 492 812 alii
521 775 786 813 necessitatem
815 776 993 827 imponit,
1015 787 1071 816 est
1099 781 1194 818 ratio
1223 795 1342 831 quare

269 827 364 866 illud
392 826 450 865 sit.
480 827 594 866 Ratio
623 828 737 877 igitur
764 842 885 879 quare
918 831 1026 868 Deus
1058 835 1141 870 vult
1169 847 1215 872 ea
1242 848 1342 885 quae

268 881 520 931 requiruntur
546 882 597 919 ad
624 883 954 933 unumquodque,
974 892 1030 922 est
1050 894 1091 922 ut
1110 886 1155 924 sit
1181 887 1274 926 illud
1293 890 1343 927 ad

269 934 378 985 quod
407 935 624 984 requiritur.

324 987 388 1026 Sic
416 987 529 1037 igitur
556 989 768 1038 procedere
796 1002 1009 1039 possumus
1037 991 1076 1029 in
1111 993 1342 1043 assignando

268 1041 424 1080 divinae
443 1042 652 1080 voluntatis
680 1042 882 1081 rationem.
913 1045 1020 1082 Deus
1040 1047 1122 1083 vult
1140 1047 1342 1086 hominem

2388 296 2464 344 237

1452 364 1545 400 Non
1573 372 1703 402 tamen
1731 368 1923 415 praedicta
1958 370 2092 420 triplex
2126 372 2220 410 ratio
2247 375 2465 412 secundum

1398 417 1564 475 eandem
1592 418 1860 458 habitudinem
1888 423 2071 471 procedit.
2102 426 2206 463 Nam
2235 426 2385 464 bonitas
2408 427 2464 465 di-

1397 480 1489 506 vma
1507 482 1635 519 neque
1649 471 1843 521 dependet
1856 487 1879 511 a
1892 476 2123 524 perfectione
2138 479 2318 527 universi,
2335 493 2463 530 neque

1398 533 1443 558 ex
1463 534 1508 559 ea
1527 523 1671 573 aliquid
1700 525 1770 562 sibi
1799 529 1987 565 accrescit.
2018 530 2201 569 Perfectio
2230 541 2360 570 autem
2379 533 2463 571 uni-

1365 586 1373 604 5
1397 575 1508 620 versi,
1525 576 1609 613 licet
1624 589 1669 614 ex
1689 578 1881 628 aliquibus
1900 582 2190 630 particularibus
2209 585 2321 623 bonis
2336 599 2382 623 ex
2397 599 2463 623 ne-

1397 627 1567 687 cessitate
1595 630 1823 680 dependeat,
1849 646 1949 683 quae
1978 644 2067 673 sunt
2094 638 2310 676 essentiales
2338 648 2463 689 partes

1397 682 1578 729 universi,
1608 695 1655 720 ex
1683 684 1918 733 quibusdam
1946 695 2076 726 tamen
2100 702 2180 727 non
2199 691 2390 740 dependet
2415 705 2463 730 ex

1397 734 1630 782 necessitate,
1661 738 1728 774 sed
1756 746 1886 776 tamen
1915 752 1961 777 ex
1990 742 2044 778 eis
2072 742 2199 792 aliqua
2227 744 2376 782 bonitas
2400 747 2462 783 vel

1397 786 1515 824 decor
1542 790 1719 827 accrescit
1743 791 1942 830 universo:
1972 794 2069 832 sicut
2097 807 2143 832 ex
2172 796 2231 833 his
2254 810 2354 846 quae
2373 807 2463 836 sunt

1359 854 1383 868 ιο
1398 840 1526 877 solum
1540 842 1589 878 ad
1608 843 1898 883 munimentum
1913 848 1975 884 vel
1993 847 2177 886 decorem
2195 849 2357 888 aliarum
2376 863 2462 900 par-

1397 891 1494 930 tium
1509 894 1690 933 universi.
1706 897 1936 936 Particulare
1956 908 2087 938 autem
2106 901 2257 939 bonum
2271 904 2463 952 dependet

1398 948 1693 1004 eit-necessitate
1714 962 1759 987 ex
1779 951 1838 988 his
1857 964 1957 1001 quae
1986 954 2036 990 ad
2063 954 2193 1003 ipsum
2213 955 2386 994 absolute
2405 969 2460 994 re-

1398 1008 1619 1046 qulruntur:
1649 1002 1734 1039 licet
1761 1012 1797 1040 et
1832 1005 1908 1042 hoc
1942 1005 2058 1044 etiam
2094 1007 2234 1045 habeat
2268 1010 2462 1058 quaedam

1398 1063 1498 1100 quae
1517 1062 1605 1090 sunt
1623 1063 1780 1104 propter
1798 1058 1936 1095 melius
1954 1058 2085 1108 ipsiuS.
2112 1060 2332 1110 Aliquando
2352 1062 2463 1110 igitur

268 1095 414 1133 habere
442 1095 634 1134 rationem
653 1096 704 1134 ad
722 1096 799 1134 hoc
818 1097 928 1146 quod
948 1098 1071 1136 homo
1091 1099 1153 1144 sit;
1174 1102 1256 1138 vult
1275 1114 1342 1139 au·
1358 1120 1380 1140 ις
1398 1104 1492 1142 ratio
1528 1105 1680 1144 divinae
1717 1110 1923 1148 voluntatis
1958 1112 2127 1150 continet
2162 1115 2290 1152 solum
2324 1116 2461 1153 decen—

268 1156 350 1186 tem
360 1148 577 1209 ‚hominem
606 1161 689 1187 esse
718 1149 768 1187 ad
795 1150 874 1188 hoc
901 1151 1009 1200 quod
1029 1154 1236 1202 completio
1257 1155 1341 1192 uni·
1396 1157 1505 1204 tiam;
1534 1159 1742 1209 aliquando
1771 1162 1985 1209 utilitatem;
2014 1166 2222 1215 aliquando
2246 1176 2377 1206 autem
2395 1181 2461 1206 ne-

268 1214 371 1240 vers1
399 1210 462 1247 sit;
490 1204 573 1240 vult
601 1210 734 1241 autem
762 1202 913 1241 bonum
932 1204 1113 1244 ‚universi
1142 1219 1224 1244 esse
1250 1208 1342 1257 quia
1397 1211 1610 1249 cessitatem
1629 1226 1728 1262 quae
1749 1223 1804 1252 est
1822 1229 1868 1254 ex
1888 1218 2168 1267 suppositione;
2197 1221 2461 1260 necessitatem

268 1255 379 1308 decet
405 1255 620 1294 bonitatem
647 1255 780 1306 ipsius.

270 1370 290 1398 ’”,
302 1372 305 1373 ’
318 1365 339 1404 ξ
357 1369 409 1404 alii]
429 1370 504 1396 alicui
517 1370 546 1401 Z,
559 1371 632 1396 alteri
647 1370 679 1402 D,
694 1371 752 1396 aliis
766 1371 814 1396 Pd.

267 1405 314 1440 qui
331 1406 426 1432 adeant

268 1464 270 1467 ,
322 1447 356 1468 n
374 1442 495 1468 absolute
513 1449 556 1468 om
576 1442 664 1472 Dwz.
683 1446 747 1468 ante
766 1442 798 1468 ad
817 1443 904 1475 ipsum
925 1444 972 1469 Pd.

267 1478 291 1503 Α
308 1477 394 1510 solun
413 1482 510 1504 autem.

900 1372 931 1397 15
951 1371 1093 1399 habere...
1112 1374 1247 1400 hominem
1259 1376 1321 1401 hom
1336 1384 1378 1402 om
1394 1386 1419 1402 α.

444 1406 495 1439 pG,
515 1406 560 1439 qui
578 1407 654 1431 adeat
672 1406 744 1438 XsG,
763 1414 806 1432 om
827 1407 854 1438 Z,
874 1408 906 1432 ad
926 1408 1159 1435 demonstrandum
1179 1411 1209 1441 N,
1229 1412 1261 1437 ad
1281 1411 1330 1437 hoc
1349 1414 1420 1445 quod
1438 1413 1532 1440 habeat
1549 1416 1578 1442 P.

1072 1445 1103 1471 13
1123 1451 1149 1471 et
1167 1446 1217 1472 hoc
1236 1447 1312 1472 etiam
1332 1447 1434 1483 habeat]
1461 1455 1487 1475 et
1509 1450 1573 1476 haec
1600 1453 1677 1477 etiarn
1702 1453 1813 1479 habeant
1831 1455 1892 1486 «Pe,
1911 1456 1988 1481 etiam
2011 1456 2075 1483 haec
2093 1457 2204 1484 habeant
2222 1459 2250 1485 Z.

1396 1276 1490 1301 vero
1519 1265 1748 1312 absolutam,
1779 1270 1907 1307 solum
1935 1283 2026 1308 cum
2053 1274 2136 1309 vult
2163 1273 2346 1323 seipsum.

1502 1380 1582 1413 quod]
1603 1386 1632 1405 ut
1651 1382 1694 1407 Pc.
1778 1390 1809 1416 17
1828 1385 1888 1417 quia
1903 1386 1976 1410 decet
1988 1387 2010 1411 Α
2023 1388 2106 1418 solus;
2120 1389 2191 1421 quod
2204 1390 2278 1414 adeat
2297 1390 2460 1420 nDEWch,

2347 1461 2380 1486 18
2397 1469 2462 1486 vero

1031 1573 1366 1609 Commentaria
1395 1577 1704 1613 Fert-ariensis

323 1689 472 1710 ostoun«
495 1678 721 1710 determinavit
749 1679 886 1710 Sanctus
909 1679 1055 1711 Thomas
1086 1680 1125 1711 de
1157 1682 1346 1712 necessitate

324 1723 451 1755 divinae
476 1724 661 1760 voluntatis,
685 1733 775 1754 nunc
811 1723 850 1755 de
887 1725 956 1755 eius
984 1734 1080 1756 causa
1110 1725 1302 1757 determinat
1317 1727 1344 1757 ³.

267 1768 310 1800 Et
332 1769 451 1810 primo,
475 1778 514 1799 ex
537 1774 627 1809 parte
650 1768 757 1805 voliti;
782 1768 938 1805 secundo,
960 1779 998 1800 ex
1022 1776 1111 1810 parte
1130 1771 1305 1801 voluntatis
1317 1772 1344 1802 *.

323 1812 495 1852 Quantum
519 1813 559 1844 ad
582 1814 736 1854 primum,
757 1813 825 1844 duo
848 1813 938 1845 facit:
962 1815 1080 1855 primo,
1097 1815 1344 1846 conclusionem

265 1858 398 1900 proban
421 1857 579 1894 secundo,
604 1867 677 1889 eam
700 1857 840 1889 declarat
856 1859 883 1889 ἦ

323 1902 347 1934 Ι.
367 1902 552 1936 ‚Conclusio
576 1908 624 1933 est
646 1903 740 1933 haec:
764 1902 907 1934 Divinae
931 1903 1109 1934 voluntatis
1132 1904 1218 1935 ratio
1238 1909 1346 1945 potest

266 1947 446 1990 assignari.

321 1991 376 2024 Ad
391 1992 484 2023 cuius
497 1990 693 2022 evidentiam
705 1990 874 2022 sciendum
887 1991 978 2032 quod
991 1992 1078 2022 ratio
1091 1992 1268 2023 voluntatis
1279 1993 1343 2023 hoc

266 2037 344 2069 loco
368 2036 526 2076 accipitur
548 2045 609 2076 pro
633 2045 674 2066 eo
699 2035 790 2076 quod
813 2036 910 2066 habet
932 2036 1093 2067 rationem
1113 2046 1227 2067 causae
1244 2046 1343 2077 quare

266 2080 391 2122 aliquid
406 2080 447 2112 ad
463 2079 607 2112 divinam
623 2080 825 2111 voluntatem
849 2086 1034 2121 respectum
1057 2081 1149 2112 voliti
1164 2082 1291 2118 habeat,
1307 2087 1343 2113 nt

267 2131 356 2168 patet
379 2126 484 2167 capite
507 2125 669 2166 sequenti.
694 2125 758 2157 Ubi
782 2125 869 2156 enim
897 2135 1001 2156 unum
1030 2132 1077 2156 est
1104 2126 1241 2157 volitum
1267 2135 1343 2167 pro-

266 2176 338 2212 pter
353 2170 501 2206 alterum,
517 2169 550 2200 id
566 2175 700 2210 propter
723 2169 814 2210 quod
837 2170 974 2201 alterum
990 2175 1037 2200 est
1052 2170 1200 2207 volitum,
1217 2176 1265 2201 est
1284 2171 1343 2201 sibi

266 2215 349 2247 ratio
373 2220 405 2246 et
428 2224 524 2246 causa
547 2219 680 2255 propter
704 2223 803 2254 quam
827 2220 875 2245 est
897 2215 1050 2246 volitum:
1075 2215 1158 2246 sicut
1182 2215 1273 2246 color
1297 2215 1344 2246 di-

267 2261 351 2292 citur
373 2259 455 2291 ratio
479 2258 623 2290 formalis
647 2268 712 2300 qua
736 2259 816 2299 lapis
839 2259 935 2290 habet
958 2265 995 2290 ut
1018 2260 1057 2290 sit
1080 2259 1212 2290 visibilis
1232 2266 1264 2290 et
1284 2260 1343 2290 sub

267 2314 333 2346 qua
352 2304 520 2335 actualiter
535 2303 672 2340 videtur,
690 2304 767 2344 quia
789 2303 939 2334 videlicet
962 2313 1031 2334 non
1054 2304 1151 2335 habet
1173 2306 1344 2335 terminare

266 2355 377 2382 actum
400 2349 534 2380 visionis
557 2348 619 2379 nisi
642 2349 838 2389 inquantum
859 2354 906 2379 est
922 2348 1095 2380 coloratus.
1122 2348 1215 2380 Unde
1239 2349 1345 2380 dicere

267 2393 396 2427 divinae
411 2393 586 2424 voluntatis
609 2402 679 2424 esse
703 2393 846 2433 aliquam
868 2394 1038 2429 rationem,
1056 2399 1103 2424 est
1119 2393 1224 2424 dicere
1241 2403 1345 2425 unum

266 2438 406 2470 volitum
421 2448 440 2469 a
455 2437 528 2469 Deo
545 2447 614 2468 esse
637 2438 727 2468 alteri
750 2437 852 2468 volito
876 2438 1035 2468 rationem
1060 2437 1229 2470 formalem
1246 2448 1345 2479 quare

267 2484 308 2515 sit
322 2483 462 2514 volitum
477 2488 510 2513 et
525 2487 634 2513 actum
657 2481 785 2513 divinae
805 2482 970 2513 volitionis
994 2484 1154 2513 terminat.
1179 2483 1280 2521 Quod
1298 2489 1346 2514 est

267 2528 378 2560 Deum
401 2527 486 2558 velle
507 2536 614 2558 unum
636 2532 770 2568 propter
793 2527 930 2558 alterum
954 2536 1034 2558 esse.

325 2572 363 2604 11.
390 2571 556 2603 Probatur
586 2572 695 2612 itaque
717 2572 829 2612 primo
859 2572 916 2602 sic.
948 2572 1037 2603 Deus
1067 2571 1137 2602 vult
1166 2572 1345 2603 bonitatem

268 2627 361 2649 suam
384 2621 542 2657 tanquam
564 2615 676 2652 finem,
693 2616 803 2647 omnia
823 2621 933 2647 autem
955 2616 1016 2647 alia
1037 2622 1192 2656 tanquam
1209 2626 1247 2647 ea
1262 2626 1344 2657 quae

266 2667 344 2694 sunt
366 2661 407 2692 ad
430 2660 542 2692 finem.
566 2660 654 2701 Ergo
678 2666 739 2692 etc.
763 2679 787 2684 —
809 2661 967 2692 Probatur
991 2661 1235 2700 consequentia.
1260 2661 1345 2699 Quia

268 2705 342 2738 finis
365 2711 413 2737 est
436 2706 517 2736 ratio
541 2704 674 2736 volendi
697 2715 736 2736 ea
759 2714 843 2746 quae
867 2711 942 2736 sunt
966 2705 1006 2736 ad
1029 2704 1139 2736 finem.

324 2749 465 2782 Adverte
493 2749 584 2790 quod
611 2760 652 2781 eo
679 2749 782 2780 modo
813 2749 935 2790 aliquid
967 2755 1015 2780 est
1044 2749 1181 2780 volitum
1205 2759 1272 2790 quo
1298 2754 1345 2779 est

268 2795 410 2827 bonum:
442 2804 520 2826 cum
550 2795 718 2826 obiectum
741 2794 916 2825 voluntatis
939 2794 979 2824 sit
1002 2794 1138 2824 bonum.
1170 2793 1205 2824 Id
1235 2799 1344 2824 autem

269 2839 362 2881 quod
385 2839 553 2871 ordinatur
576 2839 616 2870 ad
639 2838 749 2874 finem,
767 2844 803 2869 ut
819 2839 875 2874 sic,
891 2848 960 2869 non
983 2838 1080 2869 habet
1102 2839 1262 2868 rationem
1286 2839 1344 2868 bo-

268 2885 376 2917 nitatis
392 2884 454 2915 nisi
470 2894 510 2915 ex
525 2884 605 2915 fine:
622 2893 692 2914 non
712 2883 800 2914 enim
821 2882 983 2914 medicina
999 2888 1046 2913 est
1065 2882 1187 2923 aliquid
1208 2883 1343 2918 bonum,

270 2934 306 2960 ut
329 2928 496 2960 ordinatur
519 2928 559 2960 ad
582 2929 762 2963 sanitatem,
787 2927 848 2957 nisi
872 2937 911 2958 ex
933 2927 1002 2967 ipsa
1025 2928 1158 2958 sanitate
1182 2926 1222 2972 ad
1246 2936 1344 2967 quam

271 2973 454 3009 ordinatur;
478 2974 505 3004 si
528 2973 616 3004 enim
639 2973 678 3003 ab
702 2972 772 3012 ipsa
789 2977 995 3002 removeatur
1011 2971 1092 3002 ordo
1109 2971 1149 3002 ad
1165 2972 1343 3007 sanitatem,

268 3019 335 3050 iam
350 3027 420 3048 non
434 3018 532 3049 habet
547 3018 707 3048 rationem
723 3016 802 3047 boni
818 3017 850 3047 in
873 3025 992 3056 genere
1015 3017 1094 3046 sani.
1118 3016 1255 3056 Propter
1269 3016 1343 3052 hoc,

270 3072 338 3094 non
361 3062 458 3093 habet
481 3062 642 3094 rationem
664 3061 755 3091 voliti
779 3066 811 3091 et
835 3060 1016 3101 appetibilis
1035 3060 1068 3091 id
1083 3060 1175 3101 quod
1189 3060 1230 3091 ad
1245 3059 1344 3091 finem

269 3107 448 3143 ordinatur,
472 3108 668 3148 inquantum
690 3104 889 3141 huiusmodi,
905 3105 966 3135 nisi
982 3114 1021 3135 ex
1039 3104 1104 3135 fine
1127 3105 1346 3145 principaliter

270 3152 384 3183 volito.
409 3152 451 3182 Et
465 3152 541 3183 ideo
558 3150 674 3182 dicitur
690 3149 781 3190 quod
793 3150 878 3190 finis
893 3154 942 3180 est
956 3150 1041 3180 ratio
1059 3149 1190 3180 volendi
1207 3159 1246 3180 ea
1261 3159 1345 3190 quae

270 3202 348 3229 sunt
370 3196 414 3227 ad
425 3197 542 3238 finem.
567 3195 658 3227 Sicut
673 3196 760 3226 enim
776 3195 862 3224 visus
878 3193 1012 3234 aliquod
1029 3199 1075 3224 est
1091 3195 1257 3225 obiectum
1277 3204 1345 3224 ma-

270 3241 392 3278 teriale,
424 3240 558 3282 aliquod
589 3249 666 3271 vero
697 3239 846 3274 formale;
877 3238 920 3268 ita
950 3244 982 3269 et
1004 3238 1178 3270 voluntatis
1207 3238 1344 3269 volentis

268 3287 380 3327 aliqua
410 3292 544 3327 propter
574 3285 684 3321 finem,
709 3283 913 3315 materialiter
935 3283 1033 3314 volita
1062 3289 1137 3314 sunt
1166 3284 1235 3323 ipsa
1259 3282 1344 3313 ordi-

268 3337 347 3362 nata
369 3330 410 3361 ad
433 3330 548 3366 finem;
572 3330 652 3360 ratio
676 3334 786 3360 autem
810 3327 952 3358 formalis
976 3337 1014 3358 ex
1038 3337 1103 3368 qua
1118 3328 1238 3359 habent
1253 3327 1344 3367 quod

267 3376 336 3407 sint
357 3375 466 3412 volita,
491 3381 539 3406 est
561 3374 644 3406 finis.

328 3419 488 3451 Secundo.
513 3421 645 3451 Bonum
675 3418 816 3449 universi
847 3424 894 3449 est
922 3417 1003 3447 ratio
1035 3426 1133 3457 quare
1163 3416 1251 3446 Deus
1275 3416 1344 3447 vult

269 3464 536 3506 unumquodque
560 3465 686 3495 bonum
716 3463 916 3503 particulare.
947 3462 1033 3502 Ergo
1058 3467 1118 3492 etc.
1142 3479 1165 3483 —
1186 3461 1343 3491 Probatur

267 3509 476 3540 antecedens.
501 3509 588 3547 Quia
611 3510 656 3539 sic
680 3508 787 3548 aliqua
811 3507 930 3538 cadunt
953 3507 1012 3537 sub
1036 3505 1143 3536 divina
1165 3505 1341 3542 voluntate,

265 3554 453 3585 secundum
469 3553 560 3594 quod
583 3563 616 3584 se
640 3553 759 3584 habent
783 3553 816 3583 in
840 3552 952 3583 ordine
975 3551 1067 3581 boni:
1093 3551 1217 3580 bonum
1233 3557 1342 3582 autem

1398 1684 1589 1723 particulare
1613 1685 1778 1717 ordinatur
1801 1687 1840 1718 ad
1863 1689 1988 1720 bonum
2011 1691 2109 1722 totius
2133 1693 2214 1723 sicut
2237 1693 2463 1733 imperfectum

1399 1727 1439 1758 ad
1462 1728 1653 1767 perfectum.

1458 1773 1578 1804 Tertio.
1609 1775 1703 1805 Ratio
1735 1784 1832 1815 quare
1863 1778 1932 1808 vult
1962 1779 2049 1809 Deus
2082 1789 2119 1810 ea
2146 1789 2228 1820 quae
2259 1782 2464 1822 requiruntur

1398 1816 1439 1847 ad
1469 1818 1742 1859 unumquodque,
1771 1826 1818 1851 est
1848 1827 1884 1852 ut
1914 1823 1954 1853 sit
1984 1823 2064 1854 illud
2094 1824 2134 1855 ad
2164 1825 2254 1865 quod
2282 1827 2463 1866 requiritur.

1398 1861 1484 1902 Ergo
1501 1867 1560 1893 etc.
1584 1880 1608 1886 —
1631 1863 1788 1896 Probatur
1810 1866 2013 1898 antecedens.
2038 1868 2133 1906 Quia,
2157 1870 2183 1900 si
2207 1870 2294 1901 Deus
2317 1871 2386 1902 vult
2408 1871 2464 1902 ali-

1397 1906 1486 1946 quid,
1511 1909 1691 1938 necessario
1708 1909 1777 1940 vult
1792 1919 1830 1940 ea
1845 1920 1928 1950 quae
1944 1911 1984 1942 ad
1998 1913 2107 1952 ipsum
2129 1915 2344 1954 requiruntur.
2364 1915 2464 1953 Quod

1397 1956 1506 1981 autem
1529 1951 1597 1982 aliis
1621 1954 1843 1984 necessitatem
1867 1956 2015 1995 imponit,
2040 1962 2088 1987 est
2109 1958 2189 1988 ratio
2206 1958 2296 1998 quod
2313 1959 2393 1990 illud
2408 1960 2461 1990 sit:

1397 2000 1428 2025 et
1450 2004 1508 2035 per
1531 2005 1745 2036 consequens,
1770 1997 1861 2038 quod
1883 2000 1923 2030 sit
1945 2000 2092 2032 volitum.

1451 2039 1499 2070 Ex
1522 2039 1571 2070 his
1595 2040 1761 2072 concludit
1784 2042 1919 2074 Sanctus
1939 2044 2082 2075 Thomas
2106 2045 2196 2086 quod
2219 2047 2252 2077 in
2275 2047 2462 2087 assignanda

1396 2082 1523 2115 divinae
1546 2084 1719 2116 voluntatis
1742 2087 1866 2117 ratione
1893 2088 1939 2118 sic
1965 2089 2140 2129 procedere
2167 2100 2350 2131 possumus.
2373 2092 2462 2127 Deus

1396 2128 1465 2159 vult
1487 2129 1656 2160 hominem
1679 2130 1796 2162 habere
1819 2132 1978 2163 rationem
2000 2132 2039 2164 ad
2059 2135 2123 2165 hoc
2144 2141 2179 2165 ut
2197 2135 2300 2166 homo
2316 2136 2369 2172 sit;
2393 2136 2462 2167 vult

1396 2172 1564 2204 hominem
1581 2182 1649 2204 esse
1671 2173 1711 2205 ad
1732 2175 1795 2206 hoc
1818 2181 1853 2206 ut
1877 2177 2054 2217 completio
2077 2179 2218 2210 universi
2240 2180 2294 2216 sit;
2318 2180 2386 2211 vult
2403 2181 2462 2211 bo-

1396 2226 1476 2247 num
1500 2218 1640 2248 universi
1663 2227 1731 2249 esse
1754 2219 1794 2250 ad
1813 2220 1877 2251 hoc
1893 2222 1983 2261 quod
1999 2222 2114 2254 habeat
2125 2224 2142 2240 ⁴*
2158 2223 2334 2255 bonitatem
2351 2225 2461 2264 ipsius.

1454 2261 1506 2292 111.
1531 2261 1682 2293 Secundo
1706 2263 1781 2294 loco
1806 2265 2051 2298 conclusionem
2067 2267 2205 2298 declarat
2220 2269 2247 2305 ⁴²,
2272 2268 2462 2300 declarando

1397 2306 1492 2337 simul
1517 2307 1687 2347 quomodo
1711 2308 1771 2338 hae
1795 2309 1933 2340 rationes
1956 2310 2097 2348 volendi,
2121 2313 2154 2342 in
2177 2313 2215 2342 iis
2242 2313 2342 2343 n-ibus
2369 2314 2464 2344 ratio-

1397 2350 1492 2381 nibus
1516 2357 1709 2392 assumptae,
1726 2351 1940 2384 diversimode
1956 2356 2036 2386 ratio
2053 2356 2183 2387 volendi
2199 2363 2283 2387 sunt.
2307 2357 2391 2388 Nam
2406 2358 2464 2388 bo-

1397 2396 1479 2426 nitas
1503 2395 1620 2431 divina,
1645 2406 1728 2436 quae
1751 2397 1785 2427 in
1808 2398 1911 2437 prima
1934 2399 2058 2431 ratione
2081 2401 2186 2440 posita
2205 2407 2252 2431 est
2267 2411 2326 2441 pro
2342 2402 2464 2432 ratione

1398 2439 1530 2470 volendi
1553 2441 1752 2476 universum,
1769 2451 1876 2482 neque
1892 2453 1910 2472 a
1925 2443 2124 2483 perfectione
2140 2446 2279 2476 universi
2295 2445 2464 2486 dependet,

1398 2494 1505 2525 neque
1521 2485 1581 2515 sibi
1597 2494 1635 2515 ex
1650 2494 1687 2515 ea
1703 2485 1825 2526 aliquid
1841 2488 2001 2518 accrescit.
2019 2488 2177 2520 Perfectio
2194 2495 2302 2520 autem
2314 2491 2464 2526 universi,

1399 2538 1483 2569 quae
1498 2530 1604 2569 posita
1620 2535 1667 2560 est
1682 2530 1714 2560 in
1731 2530 1873 2561 secunda
1896 2532 2019 2563 ratione
2039 2542 2100 2572 pro
2115 2534 2238 2564 ratione
2261 2534 2392 2565 volendi
2407 2535 2465 2565 bo-

1398 2583 1479 2604 num
1502 2573 1702 2613 particulare,
1725 2574 1801 2604 licet
1824 2584 1862 2605 ex
1886 2577 2128 2615 particularibus
2151 2578 2344 2618 quibusdam
2360 2579 2464 2614 bonis,

1398 2627 1482 2658 quae
1510 2624 1584 2647 sunt
1612 2618 1794 2648 essentiales
1825 2625 1929 2660 partes
1960 2621 2110 2657 universi,
2133 2621 2173 2652 de
2199 2623 2386 2652 necessitate
2410 2622 2464 2652 de-

1397 2661 1552 2702 pendeat;
1578 2671 1616 2692 ex
1641 2661 1834 2701 quibusdam
1857 2669 1966 2694 tamen
1989 2674 2057 2695 non
2080 2665 2241 2705 dependet
2264 2675 2303 2696 ex
2325 2667 2463 2696 necessi-

1397 2711 1472 2742 tate,
1496 2705 1552 2736 sed
1576 2715 1615 2736 ex
1638 2707 1684 2736 eis
1711 2707 1771 2736 sibi
1801 2707 1909 2747 aliqua
1939 2709 2065 2739 bonitas
2095 2710 2146 2740 vel
2175 2709 2274 2740 decor
2302 2711 2462 2740 accrescit.

1397 2750 1590 2781 Particulare
1606 2760 1682 2781 vero
1699 2751 1835 2787 bonum,
1853 2751 1943 2791 quod
1966 2754 2060 2784 tertio
2083 2754 2158 2784 loco
2181 2764 2240 2794 pro
2264 2755 2386 2784 ratione
2405 2763 2463 2784 vo-

1396 2794 1484 2825 lendi
1506 2795 1648 2835 positum
1674 2801 1730 2831 est,
1755 2804 1793 2826 ex
1816 2797 2004 2828 necessitate
2028 2797 2188 2838 dependet
2203 2808 2241 2828 ex
2255 2798 2293 2828 iis
2309 2808 2392 2838 quae
2408 2798 2462 2828 ab-

1397 2839 1503 2870 solute
1533 2838 1573 2870 ad
1602 2840 1710 2879 ipsum
1739 2840 1958 2880 requiruntur:
1990 2841 2065 2873 licet
2092 2847 2123 2873 et
2151 2841 2308 2882 quaedam
2330 2847 2462 2882 propter

1397 2884 1513 2914 melius
1536 2884 1661 2914 habeat.

1453 2928 1501 2959 Ex
1525 2928 1643 2968 quibus
1667 2928 1833 2959 concludit
1857 2928 1991 2960 sanctus
2008 2930 2152 2961 Thomas
2175 2930 2266 2970 quod
2288 2929 2460 2970 aliquando

1396 2973 1477 3003 ratio
1508 2972 1635 3004 divinae
1665 2973 1839 3003 voluntatis
1870 2974 2015 3004 continet
2044 2975 2151 3006 solum
2181 2974 2374 3010 decentiam
2406 2974 2461 3004 ali-

1397 3017 1529 3058 quando
1546 3017 1731 3054 utilitatem;
1748 3017 1921 3058 aliquando
1933 3019 2154 3050 necessitatem
2169 3028 2207 3049 ex
2222 3019 2460 3059 suppositione;

1397 3063 1621 3093 necessitatem
1645 3071 1722 3092 vero
1746 3062 1925 3092 absolutam
1950 3062 2056 3093 solum
2079 3073 2154 3094 cum
2174 3063 2243 3093 vult
2265 3064 2415 3102 seipsum.

1453 3107 1573 3138 Sensus
1596 3107 1733 3137 istorum
1759 3112 1807 3137 est
1834 3106 1924 3146 quod
1951 3107 2124 3147 aliquando
2152 3108 2231 3138 ratio
2258 3106 2387 3138 volendi
2414 3112 2461 3137 est

1397 3151 1477 3181 ratio
1494 3150 1625 3182 volendi
1639 3150 1761 3191 aliquid
1777 3156 1931 3191 tanquam
1943 3150 2059 3182 decens
2075 3152 2135 3191 ipsi
2150 3152 2274 3187 rationi,
2287 3152 2369 3182 sicut
2385 3160 2460 3182 cum

1397 3196 1486 3226 Deus
1498 3196 1567 3227 vult
1578 3196 1764 3226 universum
1781 3201 1912 3235 propter
1927 3196 2103 3226 bonitatem
2115 3195 2270 3231 divinam;
2287 3194 2459 3235 aliquando

1397 3246 1508 3271 autem
1536 3246 1583 3270 est
1610 3241 1691 3270 ratio
1715 3239 1845 3270 volendi
1873 3239 1994 3280 aliquid
2020 3245 2173 3280 tanquam
2201 3240 2278 3270 utile
2301 3239 2341 3270 ad
2363 3239 2459 3270 talem

1396 3285 1566 3321 rationem,
1583 3285 1666 3316 sicut
1682 3294 1757 3315 cum
1774 3284 1861 3315 Deus
1884 3284 1952 3315 vult
1974 3288 2078 3324 partes
2101 3294 2168 3314 non
2192 3284 2372 3314 essentiales
2387 3284 2459 3314 uni-

1396 3330 1478 3359 versi
1501 3334 1633 3369 propter
1655 3329 1762 3369 ipsum
1786 3329 1985 3364 universum;
2014 3328 2186 3369 aliquando
2210 3338 2286 3359 vero
2310 3334 2357 3358 est
2378 3328 2459 3358 ratio

1396 3373 1527 3404 volendi
1550 3373 1672 3414 aliquid
1695 3379 1849 3413 tanquam
1872 3373 2085 3403 necessarium
2111 3372 2151 3403 ad
2177 3373 2264 3403 illam
2289 3373 2458 3408 rationem,

1395 3419 1479 3449 sicut
1495 3428 1571 3449 cum
1587 3419 1676 3448 Deus
1699 3418 1767 3448 vult
1791 3427 1828 3448 ea
1851 3427 1934 3457 quae
1957 3417 2102 3448 absolute
2125 3418 2333 3457 requiruntur
2347 3416 2388 3447 ad
2403 3416 2460 3448 ali-

1395 3462 1487 3503 quod
1509 3463 1698 3503 particulare
1722 3463 1856 3497 bonum,
1880 3467 2011 3501 propter
2036 3462 2143 3501 ipsum
2170 3462 2294 3492 bonum
2319 3462 2458 3501 particu-

1395 3507 1474 3543 lare;
1499 3508 1526 3537 si
1549 3507 1636 3538 enim
1666 3507 1753 3537 Deus
1781 3505 1902 3546 aliquid
1925 3505 2002 3540 vult,
2026 3515 2156 3536 necesse
2187 3511 2234 3536 est
2256 3511 2292 3536 ut
2315 3515 2353 3536 ea
2375 3514 2459 3546 quae

1395 3551 1435 3582 ad
1459 3552 1527 3582 eius
1552 3552 1722 3582 essentiam
1746 3552 1925 3591 exiguntur,
1949 3549 2034 3580 velit.

1103 3648 1635 3681 ”wlm—

2489 2230 2499 2239 '
2507 2229 2543 2251 cf.
2554 2233 2610 2251 text.
2620 2233 2642 2251 et
2654 2236 2701 2251 var.

2489 2270 2499 2279 ·
2514 2268 2549 2291 cf.
2570 2269 2619 2291 init.
2635 2269 2704 2291 Com-

2490 2299 2562 2317 ment.
