<?xml version="1.0" encoding="UTF-8"?>
<!DOCTYPE html PUBLIC "-//W3C//DTD XHTML 1.0 Transitional//EN"
    "http://www.w3.org/TR/xhtml1/DTD/xhtml1-transitional.dtd">
<html xmlns="http://www.w3.org/1999/xhtml" xml:lang="en" lang="en">
 <head>
  <title>
</title>
<meta http-equiv="Content-Type" content="text/html;charset=utf-8" />
  <meta name='ocr-system' content='tesseract 3.04.00' />
  <meta name='ocr-capabilities' content='ocr_page ocr_carea ocr_par ocr_line ocrx_word'/>
</head>
<body>
  <div class='ocr_page' id='page_1' title='image "./operaomniaiussui13thom/operaomniaiussui13thom_0021.png"; bbox 0 0 2664 4120; ppageno 0'>
   <div class='ocr_carea' id='block_1_1' title="bbox 130 350 1306 2156">
    <p class='ocr_par' dir='ltr' id='par_1_1' title="bbox 130 350 1306 2156">
     <span class='ocr_line' id='line_1_1' title="bbox 188 350 1279 395; baseline 0.004 -11"><span class='ocrx_word' id='word_1_1' title='bbox 188 352 317 384; x_wconf 88' lang='lat' dir='ltr'>scholas</span> <span class='ocrx_word' id='word_1_2' title='bbox 340 351 479 382; x_wconf 80' lang='lat' dir='ltr'>intrabat</span> <span class='ocrx_word' id='word_1_3' title='bbox 494 355 531 382; x_wconf 90' lang='lat' dir='ltr'>ut</span> <span class='ocrx_word' id='word_1_4' title='bbox 548 350 601 381; x_wconf 85' lang='lat' dir='ltr'>vix</span> <span class='ocrx_word' id='word_1_5' title='bbox 617 359 674 382; x_wconf 88' lang='lat' dir='ltr'>eos</span> <span class='ocrx_word' id='word_1_6' title='bbox 690 350 784 382; x_wconf 89' lang='lat' dir='ltr'>locus</span> <span class='ocrx_word' id='word_1_7' title='bbox 801 352 988 384; x_wconf 88' lang='lat' dir='ltr'>scholarum</span> <span class='ocrx_word' id='word_1_8' title='bbox 1005 362 1134 394; x_wconf 86' lang='lat' dir='ltr'>caperet</span> <span class='ocrx_word' id='word_1_9' title='bbox 1148 379 1155 386; x_wconf 92' lang='lat'>.</span> <span class='ocrx_word' id='word_1_10' title='bbox 1168 381 1175 388; x_wconf 91' lang='lat'>.</span> <span class='ocrx_word' id='word_1_11' title='bbox 1186 379 1193 387; x_wconf 90' lang='lat'>.</span> <span class='ocrx_word' id='word_1_12' title='bbox 1211 356 1279 395; x_wconf 92' lang='lat' dir='ltr'>Qui</span> 
     </span>
     <span class='ocr_line' id='line_1_2' title="bbox 188 361 1306 441; baseline 0.003 -12"><span class='ocrx_word' id='word_1_13' title='bbox 188 398 231 430; x_wconf 85' lang='lat' dir='ltr'>de</span> <span class='ocrx_word' id='word_1_14' title='bbox 253 405 422 428; x_wconf 85' lang='lat' dir='ltr'>sacrorum</span> <span class='ocrx_word' id='word_1_15' title='bbox 436 395 625 427; x_wconf 88' lang='lat' dir='ltr'><strong>Doctorum</strong></span> <span class='ocrx_word' id='word_1_16' title='bbox 639 395 765 426; x_wconf 84' lang='lat' dir='ltr'>horreis</span> <span class='ocrx_word' id='word_1_17' title='bbox 782 396 888 436; x_wconf 87' lang='lat' dir='ltr'>plenis</span> <span class='ocrx_word' id='word_1_18' title='bbox 904 397 1083 436; x_wconf 87' lang='lat' dir='ltr'>frumento,</span> <span class='ocrx_word' id='word_1_19' title='bbox 1100 400 1141 431; x_wconf 91' lang='lat' dir='ltr'>de</span> <span class='ocrx_word' id='word_1_20' title='bbox 1160 402 1278 432; x_wconf 89' lang='lat' dir='ltr'>utrius·</span> <span class='ocrx_word' id='word_1_21' title='bbox 1303 361 1306 441; x_wconf 61' lang='lat'><strong>¹</strong></span> 
     </span>
     <span class='ocr_line' id='line_1_3' title="bbox 188 440 1306 516; baseline 0.003 -42"><span class='ocrx_word' id='word_1_22' title='bbox 188 451 255 484; x_wconf 90' lang='lat' dir='ltr'>que</span> <span class='ocrx_word' id='word_1_23' title='bbox 278 441 483 473; x_wconf 74' lang='lat' dir='ltr'><strong>Testamenti</strong></span> <span class='ocrx_word' id='word_1_24' title='bbox 505 440 649 472; x_wconf 75' lang='lat' dir='ltr'>excussis</span> <span class='ocrx_word' id='word_1_25' title='bbox 673 441 847 481; x_wconf 85' lang='lat' dir='ltr'>segetibus,</span> <span class='ocrx_word' id='word_1_26' title='bbox 873 442 1004 473; x_wconf 85' lang='lat' dir='ltr'>utiliora</span> <span class='ocrx_word' id='word_1_27' title='bbox 1027 444 1159 485; x_wconf 86' lang='lat' dir='ltr'>collegit</span> <span class='ocrx_word' id='word_1_28' title='bbox 1183 446 1217 476; x_wconf 91' lang='lat' dir='ltr'>in</span> <span class='ocrx_word' id='word_1_29' title='bbox 1240 446 1278 477; x_wconf 93' lang='lat' dir='ltr'>li-</span> <span class='ocrx_word' id='word_1_30' title='bbox 1303 443 1306 516; x_wconf 47' lang='grc' dir='ltr'><strong><em>ι</em></strong></span> 
     </span>
     <span class='ocr_line' id='line_1_4' title="bbox 187 485 1306 532; baseline 0.002 -13"><span class='ocrx_word' id='word_1_31' title='bbox 187 488 252 519; x_wconf 90' lang='lat' dir='ltr'>bris</span> <span class='ocrx_word' id='word_1_32' title='bbox 265 511 273 519; x_wconf 90' lang='lat'>.</span> <span class='ocrx_word' id='word_1_33' title='bbox 286 510 294 518; x_wconf 96' lang='lat'>.</span> <span class='ocrx_word' id='word_1_34' title='bbox 306 510 314 518; x_wconf 91' lang='lat'>.</span> <span class='ocrx_word' id='word_1_35' title='bbox 339 486 476 528; x_wconf 85' lang='lat' dir='ltr'>Scripsit</span> <span class='ocrx_word' id='word_1_36' title='bbox 498 485 598 516; x_wconf 85' lang='lat' dir='ltr'>etiam</span> <span class='ocrx_word' id='word_1_37' title='bbox 621 485 742 516; x_wconf 87' lang='lat' dir='ltr'>librum</span> <span class='ocrx_word' id='word_1_38' title='bbox 759 486 818 526; x_wconf 86' lang='lat' dir='ltr'>qui</span> <span class='ocrx_word' id='word_1_39' title='bbox 837 487 1020 518; x_wconf 74' lang='lat' dir='ltr'>intitulatur</span> <span class='ocrx_word' id='word_1_40' title='bbox 1038 488 1163 520; x_wconf 86' lang='lat' dir='ltr'>Contra</span> <span class='ocrx_word' id='word_1_41' title='bbox 1189 489 1278 522; x_wconf 84' lang='lat' dir='ltr'>Gen·</span> <span class='ocrx_word' id='word_1_42' title='bbox 1304 521 1306 532; x_wconf 21' lang='lat' dir='ltr'>k</span> 
     </span>
     <span class='ocr_line' id='line_1_5' title="bbox 187 530 1278 574; baseline 0.002 -10"><span class='ocrx_word' id='word_1_43' title='bbox 187 533 269 570; x_wconf 84' lang='lat' dir='ltr'>tiles,</span> <span class='ocrx_word' id='word_1_44' title='bbox 294 531 380 574; x_wconf 86' lang='lat' dir='ltr'>stylo</span> <span class='ocrx_word' id='word_1_45' title='bbox 407 530 575 568; x_wconf 86' lang='lat' dir='ltr'>disertum,</span> <span class='ocrx_word' id='word_1_46' title='bbox 603 535 637 562; x_wconf 89' lang='lat' dir='ltr'>et</span> <span class='ocrx_word' id='word_1_47' title='bbox 666 530 833 562; x_wconf 86' lang='lat' dir='ltr'>rationum</span> <span class='ocrx_word' id='word_1_48' title='bbox 865 533 1010 563; x_wconf 85' lang='lat' dir='ltr'>novitate</span> <span class='ocrx_word' id='word_1_49' title='bbox 1042 539 1074 563; x_wconf 85' lang='lat' dir='ltr'>et</span> <span class='ocrx_word' id='word_1_50' title='bbox 1102 535 1278 566; x_wconf 84' lang='lat' dir='ltr'>subtilitate</span> 
     </span>
     <span class='ocr_line' id='line_1_6' title="bbox 188 574 1277 620; baseline 0.002 -12"><span class='ocrx_word' id='word_1_51' title='bbox 188 577 403 619; x_wconf 83' lang='lat' dir='ltr'>profundum,</span> <span class='ocrx_word' id='word_1_52' title='bbox 427 577 462 607; x_wconf 88' lang='lat' dir='ltr'>in</span> <span class='ocrx_word' id='word_1_53' title='bbox 478 584 548 616; x_wconf 89' lang='lat' dir='ltr'>quo</span> <span class='ocrx_word' id='word_1_54' title='bbox 571 575 657 606; x_wconf 90' lang='lat' dir='ltr'>miro</span> <span class='ocrx_word' id='word_1_55' title='bbox 677 574 781 607; x_wconf 89' lang='lat' dir='ltr'>modo</span> <span class='ocrx_word' id='word_1_56' title='bbox 801 576 945 607; x_wconf 88' lang='lat' dir='ltr'>ostendit</span> <span class='ocrx_word' id='word_1_57' title='bbox 962 577 1054 617; x_wconf 93' lang='lat' dir='ltr'>quod</span> <span class='ocrx_word' id='word_1_58' title='bbox 1079 589 1118 608; x_wconf 90' lang='lat' dir='ltr'>ex</span> <span class='ocrx_word' id='word_1_59' title='bbox 1141 580 1277 620; x_wconf 87' lang='lat' dir='ltr'>proprio</span> 
     </span>
     <span class='ocr_line' id='line_1_7' title="bbox 187 620 1277 663; baseline 0.001 -9"><span class='ocrx_word' id='word_1_60' title='bbox 187 623 322 663; x_wconf 83' lang='lat' dir='ltr'>ingenio</span> <span class='ocrx_word' id='word_1_61' title='bbox 337 621 462 660; x_wconf 83' lang='lat' dir='ltr'>habuit,</span> <span class='ocrx_word' id='word_1_62' title='bbox 479 626 512 652; x_wconf 90' lang='lat' dir='ltr'>et</span> <span class='ocrx_word' id='word_1_63' title='bbox 526 620 620 661; x_wconf 91' lang='lat' dir='ltr'>quod</span> <span class='ocrx_word' id='word_1_64' title='bbox 633 626 730 661; x_wconf 87' lang='lat' dir='ltr'>raptu</span> <span class='ocrx_word' id='word_1_65' title='bbox 754 621 874 652; x_wconf 85' lang='lat' dir='ltr'>mentis</span> <span class='ocrx_word' id='word_1_66' title='bbox 891 621 925 652; x_wconf 88' lang='lat' dir='ltr'>in</span> <span class='ocrx_word' id='word_1_67' title='bbox 941 621 1051 653; x_wconf 83' lang='lat' dir='ltr'>Deum</span> <span class='ocrx_word' id='word_1_68' title='bbox 1073 624 1277 655; x_wconf 87' lang='lat' dir='ltr'>orationibus</span> 
     </span>
     <span class='ocr_line' id='line_1_8' title="bbox 186 664 1278 709; baseline 0.001 -10"><span class='ocrx_word' id='word_1_69' title='bbox 186 668 382 709; x_wconf 87' lang='lat' dir='ltr'>impetravit.</span> <span class='ocrx_word' id='word_1_70' title='bbox 399 666 462 697; x_wconf 88' lang='lat' dir='ltr'>Per</span> <span class='ocrx_word' id='word_1_71' title='bbox 476 664 570 706; x_wconf 89' lang='lat' dir='ltr'>quod</span> <span class='ocrx_word' id='word_1_72' title='bbox 585 665 758 697; x_wconf 80' lang='lat' dir='ltr'>manifeste</span> <span class='ocrx_word' id='word_1_73' title='bbox 774 665 919 697; x_wconf 80' lang='lat' dir='ltr'>ostendit</span> <span class='ocrx_word' id='word_1_74' title='bbox 934 666 1005 697; x_wconf 84' lang='lat' dir='ltr'>aliis</span> <span class='ocrx_word' id='word_1_75' title='bbox 1020 669 1183 707; x_wconf 83' lang='lat' dir='ltr'>gentibus,</span> <span class='ocrx_word' id='word_1_76' title='bbox 1200 668 1278 700; x_wconf 86' lang='lat' dir='ltr'>fidei</span> 
     </span>
     <span class='ocr_line' id='line_1_9' title="bbox 185 709 1278 752; baseline 0 -8"><span class='ocrx_word' id='word_1_77' title='bbox 185 721 256 744; x_wconf 86' lang='lat' dir='ltr'>non</span> <span class='ocrx_word' id='word_1_78' title='bbox 271 711 438 748; x_wconf 84' lang='lat' dir='ltr'>subiectis,</span> <span class='ocrx_word' id='word_1_79' title='bbox 461 715 584 752; x_wconf 83' lang='lat' dir='ltr'>quanta</span> <span class='ocrx_word' id='word_1_80' title='bbox 598 711 640 742; x_wconf 89' lang='lat' dir='ltr'>sit</span> <span class='ocrx_word' id='word_1_81' title='bbox 655 711 772 742; x_wconf 87' lang='lat' dir='ltr'>veritas</span> <span class='ocrx_word' id='word_1_82' title='bbox 791 709 869 743; x_wconf 88' lang='lat' dir='ltr'>fidei</span> <span class='ocrx_word' id='word_1_83' title='bbox 885 710 1099 743; x_wconf 77' lang='lat' dir='ltr'>Christianae.</span> <span class='ocrx_word' id='word_1_84' title='bbox 1121 712 1226 751; x_wconf 87' lang='lat' dir='ltr'>Quae,</span> <span class='ocrx_word' id='word_1_85' title='bbox 1251 715 1278 744; x_wconf 87' lang='lat' dir='ltr'>si</span> 
     </span>
     <span class='ocr_line' id='line_1_10' title="bbox 186 755 1277 800; baseline 0 -11"><span class='ocrx_word' id='word_1_86' title='bbox 186 759 366 800; x_wconf 79' lang='lat' dir='ltr'>humanam</span> <span class='ocrx_word' id='word_1_87' title='bbox 389 757 554 788; x_wconf 87' lang='lat' dir='ltr'>rationem</span> <span class='ocrx_word' id='word_1_88' title='bbox 575 755 819 797; x_wconf 83' lang='lat' dir='ltr'>transgreditur,</span> <span class='ocrx_word' id='word_1_89' title='bbox 843 757 1024 788; x_wconf 88' lang='lat' dir='ltr'>rationibus</span> <span class='ocrx_word' id='word_1_90' title='bbox 1048 763 1159 788; x_wconf 86' lang='lat' dir='ltr'>tamen</span> <span class='ocrx_word' id='word_1_91' title='bbox 1182 763 1277 790; x_wconf 89' lang='lat' dir='ltr'>natu-</span> 
     </span>
     <span class='ocr_line' id='line_1_11' title="bbox 185 801 1277 843; baseline 0 -9"><span class='ocrx_word' id='word_1_92' title='bbox 185 803 317 840; x_wconf 86' lang='lat' dir='ltr'>ralibus,</span> <span class='ocrx_word' id='word_1_93' title='bbox 341 803 369 834; x_wconf 89' lang='lat' dir='ltr'>si</span> <span class='ocrx_word' id='word_1_94' title='bbox 396 811 458 843; x_wconf 89' lang='lat' dir='ltr'>pro</span> <span class='ocrx_word' id='word_1_95' title='bbox 485 811 546 833; x_wconf 91' lang='lat' dir='ltr'>sua</span> <span class='ocrx_word' id='word_1_96' title='bbox 568 801 740 833; x_wconf 86' lang='lat' dir='ltr'>altitudine</span> <span class='ocrx_word' id='word_1_97' title='bbox 763 810 833 833; x_wconf 91' lang='lat' dir='ltr'>non</span> <span class='ocrx_word' id='word_1_98' title='bbox 863 802 1031 842; x_wconf 90' lang='lat' dir='ltr'>probatur,</span> <span class='ocrx_word' id='word_1_99' title='bbox 1060 802 1277 834; x_wconf 87' lang='lat' dir='ltr'>verisimiliter</span> 
     </span>
     <span class='ocr_line' id='line_1_12' title="bbox 185 845 1277 888; baseline -0.002 -8"><span class='ocrx_word' id='word_1_100' title='bbox 185 847 359 880; x_wconf 64' lang='lat' dir='ltr'>mandetur:</span> <span class='ocrx_word' id='word_1_101' title='bbox 381 852 419 879; x_wconf 90' lang='lat' dir='ltr'>ut</span> <span class='ocrx_word' id='word_1_102' title='bbox 439 847 505 888; x_wconf 86' lang='lat' dir='ltr'>ipsi</span> <span class='ocrx_word' id='word_1_103' title='bbox 527 845 677 878; x_wconf 86' lang='lat' dir='ltr'>infideles</span> <span class='ocrx_word' id='word_1_104' title='bbox 701 855 742 878; x_wconf 85' lang='lat' dir='ltr'>ex</span> <span class='ocrx_word' id='word_1_105' title='bbox 763 846 825 878; x_wconf 88' lang='lat' dir='ltr'>hac</span> <span class='ocrx_word' id='word_1_106' title='bbox 848 847 1007 887; x_wconf 86' lang='lat' dir='ltr'>scriptura</span> <span class='ocrx_word' id='word_1_107' title='bbox 1031 846 1072 878; x_wconf 91' lang='lat' dir='ltr'>ad</span> <span class='ocrx_word' id='word_1_108' title='bbox 1095 846 1195 879; x_wconf 83' lang='lat' dir='ltr'>fidem</span> <span class='ocrx_word' id='word_1_109' title='bbox 1219 848 1277 879; x_wconf 87' lang='lat' dir='ltr'>ha-</span> 
     </span>
     <span class='ocr_line' id='line_1_13' title="bbox 183 891 1276 932; baseline -0.001 -7"><span class='ocrx_word' id='word_1_110' title='bbox 183 894 283 925; x_wconf 83' lang='lat' dir='ltr'>beant</span> <span class='ocrx_word' id='word_1_111' title='bbox 305 891 466 929; x_wconf 87' lang='lat' dir='ltr'>auditum,</span> <span class='ocrx_word' id='word_1_112' title='bbox 491 897 524 924; x_wconf 90' lang='lat' dir='ltr'>et</span> <span class='ocrx_word' id='word_1_113' title='bbox 556 891 663 924; x_wconf 89' lang='lat' dir='ltr'>dictae</span> <span class='ocrx_word' id='word_1_114' title='bbox 685 891 865 932; x_wconf 83' lang='lat' dir='ltr'>scripturae</span> <span class='ocrx_word' id='word_1_115' title='bbox 893 892 1012 923; x_wconf 89' lang='lat' dir='ltr'>habere</span> <span class='ocrx_word' id='word_1_116' title='bbox 1043 901 1112 923; x_wconf 92' lang='lat' dir='ltr'>non</span> <span class='ocrx_word' id='word_1_117' title='bbox 1136 899 1276 924; x_wconf 91' lang='lat' dir='ltr'>renuant</span> 
     </span>
     <span class='ocr_line' id='line_1_14' title="bbox 183 935 1276 978; baseline -0.002 -8"><span class='ocrx_word' id='word_1_118' title='bbox 183 938 398 975; x_wconf 90' lang='lat' dir='ltr'>intellectum,</span> <span class='ocrx_word' id='word_1_119' title='bbox 414 937 496 969; x_wconf 90' lang='lat' dir='ltr'>dum</span> <span class='ocrx_word' id='word_1_120' title='bbox 511 937 686 969; x_wconf 86' lang='lat' dir='ltr'>advertunt</span> <span class='ocrx_word' id='word_1_121' title='bbox 708 936 801 978; x_wconf 90' lang='lat' dir='ltr'>quod</span> <span class='ocrx_word' id='word_1_122' title='bbox 817 935 918 969; x_wconf 88' lang='lat' dir='ltr'>fidem</span> <span class='ocrx_word' id='word_1_123' title='bbox 933 943 1080 968; x_wconf 89' lang='lat' dir='ltr'>nostram</span> <span class='ocrx_word' id='word_1_124' title='bbox 1095 938 1276 968; x_wconf 88' lang='lat' dir='ltr'>rationibus</span> 
     </span>
     <span class='ocr_line' id='line_1_15' title="bbox 183 981 1275 1025; baseline -0.002 -10"><span class='ocrx_word' id='word_1_125' title='bbox 183 992 255 1016; x_wconf 89' lang='lat' dir='ltr'>non</span> <span class='ocrx_word' id='word_1_126' title='bbox 275 988 416 1025; x_wconf 76' lang='lat' dir='ltr'>possunt</span> <span class='ocrx_word' id='word_1_127' title='bbox 437 983 634 1024; x_wconf 83' lang='lat' dir='ltr'>impugnare</span> <span class='ocrx_word' id='word_1_128' title='bbox 657 983 779 1023; x_wconf 90' lang='lat' dir='ltr'>quibus</span> <span class='ocrx_word' id='word_1_129' title='bbox 802 987 971 1024; x_wconf 86' lang='lat' dir='ltr'>nequeant</span> <span class='ocrx_word' id='word_1_130' title='bbox 984 981 1174 1014; x_wconf 78' lang='lat' dir='ltr'>defensores</span> <span class='ocrx_word' id='word_1_131' title='bbox 1199 981 1275 1014; x_wconf 86' lang='lat' dir='ltr'>fidei</span> 
     </span>
     <span class='ocr_line' id='line_1_16' title="bbox 180 1027 1276 1069; baseline -0.002 -8"><span class='ocrx_word' id='word_1_132' title='bbox 180 1029 366 1061; x_wconf 75' lang='lat' dir='ltr'>rationibus</span> <span class='ocrx_word' id='word_1_133' title='bbox 388 1027 599 1069; x_wconf 85' lang='lat' dir='ltr'>respondere.</span> <span class='ocrx_word' id='word_1_134' title='bbox 625 1027 722 1060; x_wconf 84' lang='lat' dir='ltr'>Unde</span> <span class='ocrx_word' id='word_1_135' title='bbox 739 1036 818 1059; x_wconf 87' lang='lat' dir='ltr'>cum</span> <span class='ocrx_word' id='word_1_136' title='bbox 833 1027 1038 1069; x_wconf 89' lang='lat' dir='ltr'>praedictum</span> <span class='ocrx_word' id='word_1_137' title='bbox 1061 1027 1182 1059; x_wconf 90' lang='lat' dir='ltr'>librum</span> <span class='ocrx_word' id='word_1_138' title='bbox 1198 1029 1276 1059; x_wconf 90' lang='lat' dir='ltr'>scri-</span> 
     </span>
     <span class='ocr_line' id='line_1_17' title="bbox 180 1072 1275 1115; baseline -0.002 -9"><span class='ocrx_word' id='word_1_139' title='bbox 180 1075 285 1111; x_wconf 76' lang='lat' dir='ltr'>beret,</span> <span class='ocrx_word' id='word_1_140' title='bbox 309 1072 498 1115; x_wconf 76' lang='lat' dir='ltr'>frequenter</span> <span class='ocrx_word' id='word_1_141' title='bbox 514 1073 602 1104; x_wconf 88' lang='lat' dir='ltr'>visus</span> <span class='ocrx_word' id='word_1_142' title='bbox 626 1079 676 1104; x_wconf 78' lang='lat' dir='ltr'>est</span> <span class='ocrx_word' id='word_1_143' title='bbox 698 1073 792 1114; x_wconf 89' lang='lat' dir='ltr'>quasi</span> <span class='ocrx_word' id='word_1_144' title='bbox 811 1072 959 1105; x_wconf 83' lang='lat' dir='ltr'>totaliter</span> <span class='ocrx_word' id='word_1_145' title='bbox 982 1083 1001 1104; x_wconf 84' lang='lat' dir='ltr'>a</span> <span class='ocrx_word' id='word_1_146' title='bbox 1024 1073 1174 1104; x_wconf 85' lang='lat' dir='ltr'>sensibus</span> <span class='ocrx_word' id='word_1_147' title='bbox 1197 1073 1275 1104; x_wconf 90' lang='lat' dir='ltr'>alie-</span> 
     </span>
     <span class='ocr_line' id='line_1_18' title="bbox 180 1117 1272 1160; baseline -0.002 -9"><span class='ocrx_word' id='word_1_148' title='bbox 180 1129 256 1157; x_wconf 77' lang='lat' dir='ltr'>nus,</span> <span class='ocrx_word' id='word_1_149' title='bbox 272 1119 345 1160; x_wconf 72' lang='lat' dir='ltr'>vqui</span> <span class='ocrx_word' id='word_1_150' title='bbox 375 1117 495 1150; x_wconf 82' lang='lat' dir='ltr'>divinis</span> <span class='ocrx_word' id='word_1_151' title='bbox 523 1118 780 1150; x_wconf 76' lang='lat' dir='ltr'>revelationibus</span> <span class='ocrx_word' id='word_1_152' title='bbox 812 1127 943 1160; x_wconf 78' lang='lat' dir='ltr'>semper</span> <span class='ocrx_word' id='word_1_153' title='bbox 973 1124 1041 1149; x_wconf 90' lang='lat' dir='ltr'>erat</span> <span class='ocrx_word' id='word_1_154' title='bbox 1070 1119 1216 1150; x_wconf 88' lang='lat' dir='ltr'>intentus</span> <span class='ocrx_word' id='word_1_155' title='bbox 1243 1131 1272 1149; x_wconf 85' lang='lat'>›.</span> 
     </span>
     <span class='ocr_line' id='line_1_19' title="bbox 185 1162 721 1207; baseline -0.004 -11"><span class='ocrx_word' id='word_1_156' title='bbox 185 1163 283 1207; x_wconf 71' lang='lat' dir='ltr'>(Acta</span> <span class='ocrx_word' id='word_1_157' title='bbox 305 1163 365 1195; x_wconf 86' lang='lat' dir='ltr'>SS.</span> <span class='ocrx_word' id='word_1_158' title='bbox 389 1163 447 1195; x_wconf 89' lang='lat' dir='ltr'>ubi</span> <span class='ocrx_word' id='word_1_159' title='bbox 470 1172 544 1204; x_wconf 89' lang='lat' dir='ltr'>sup.</span> <span class='ocrx_word' id='word_1_160' title='bbox 568 1172 602 1204; x_wconf 91' lang='lat' dir='ltr'>p.</span> <span class='ocrx_word' id='word_1_161' title='bbox 628 1162 721 1206; x_wconf 86' lang='lat'>665).</span> 
     </span>
     <span class='ocr_line' id='line_1_20' title="bbox 181 1207 1274 1250; baseline 0.001 -11"><span class='ocrx_word' id='word_1_162' title='bbox 181 1224 183 1227; x_wconf 86' lang='lat'>.</span> <span class='ocrx_word' id='word_1_163' title='bbox 202 1226 218 1239; x_wconf 78' lang='lat'>¹1</span> <span class='ocrx_word' id='word_1_164' title='bbox 228 1207 424 1241; x_wconf 66' lang='lat' dir='ltr'>Bernartius</span> <span class='ocrx_word' id='word_1_165' title='bbox 447 1207 613 1240; x_wconf 88' lang='lat' dir='ltr'>Guidonis</span> <span class='ocrx_word' id='word_1_166' title='bbox 630 1209 713 1240; x_wconf 87' lang='lat' dir='ltr'>haec</span> <span class='ocrx_word' id='word_1_167' title='bbox 736 1209 835 1240; x_wconf 84' lang='lat' dir='ltr'>habet</span> <span class='ocrx_word' id='word_1_168' title='bbox 849 1209 884 1240; x_wconf 91' lang='lat' dir='ltr'>in</span> <span class='ocrx_word' id='word_1_169' title='bbox 899 1208 1045 1250; x_wconf 84' lang='lat' dir='ltr'>capitulo</span> <span class='ocrx_word' id='word_1_170' title='bbox 1061 1208 1102 1240; x_wconf 84' lang='lat' dir='ltr'>de</span> <span class='ocrx_word' id='word_1_171' title='bbox 1125 1208 1274 1240; x_wconf 87' lang='lat' dir='ltr'>Numero</span> 
     </span>
     <span class='ocr_line' id='line_1_21' title="bbox 179 1253 1274 1294; baseline -0.001 -8"><span class='ocrx_word' id='word_1_172' title='bbox 179 1253 435 1286; x_wconf 55' lang='lat' dir='ltr'>ammaus</span> <span class='ocrx_word' id='word_1_173' title='bbox 458 1253 622 1286; x_wconf 80' lang='lat' dir='ltr'>librorum</span> <span class='ocrx_word' id='word_1_174' title='bbox 645 1259 678 1285; x_wconf 88' lang='lat' dir='ltr'>et</span> <span class='ocrx_word' id='word_1_175' title='bbox 700 1259 903 1286; x_wconf 75' lang='lat' dir='ltr'>tractatuum</span> <span class='ocrx_word' id='word_1_176' title='bbox 919 1253 953 1285; x_wconf 93' lang='lat' dir='ltr'>S.</span> <span class='ocrx_word' id='word_1_177' title='bbox 978 1253 1134 1290; x_wconf 68' lang='lat' dir='ltr'>nomae,</span> <span class='ocrx_word' id='word_1_178' title='bbox 1151 1262 1211 1294; x_wconf 90' lang='lat' dir='ltr'>per</span> <span class='ocrx_word' id='word_1_179' title='bbox 1233 1253 1274 1286; x_wconf 90' lang='lat' dir='ltr'>cl.</span> 
     </span>
     <span class='ocr_line' id='line_1_22' title="bbox 175 1297 1275 1341; baseline -0.002 -9"><span class='ocrx_word' id='word_1_180' title='bbox 175 1299 312 1338; x_wconf 68' lang='lat' dir='ltr'>Patrem</span> <span class='ocrx_word' id='word_1_181' title='bbox 326 1297 686 1341; x_wconf 62' lang='lat' dir='ltr'>PettJunMandonnet</span> <span class='ocrx_word' id='word_1_182' title='bbox 701 1299 910 1341; x_wconf 87' lang='lat' dir='ltr'>impressum,</span> <span class='ocrx_word' id='word_1_183' title='bbox 926 1299 995 1330; x_wconf 86' lang='lat' dir='ltr'>Des</span> <span class='ocrx_word' id='word_1_184' title='bbox 1008 1298 1122 1331; x_wconf 80' lang='lat' dir='ltr'>Ecrits</span> <span class='ocrx_word' id='word_1_185' title='bbox 1137 1298 1275 1331; x_wconf 72' lang='lat' dir='ltr'>authen-</span> 
     </span>
     <span class='ocr_line' id='line_1_23' title="bbox 173 1342 1273 1388; baseline -0.001 -11"><span class='ocrx_word' id='word_1_186' title='bbox 173 1342 352 1388; x_wconf 56' lang='lat' dir='ltr'>Wde</span> <span class='ocrx_word' id='word_1_187' title='bbox 372 1344 408 1376; x_wconf 90' lang='lat' dir='ltr'>S.</span> <span class='ocrx_word' id='word_1_188' title='bbox 437 1343 581 1376; x_wconf 76' lang='lat' dir='ltr'>Thomas</span> <span class='ocrx_word' id='word_1_189' title='bbox 602 1342 757 1386; x_wconf 76' lang='lat' dir='ltr'>d&#39;Aquin,</span> <span class='ocrx_word' id='word_1_190' title='bbox 781 1344 868 1376; x_wconf 90' lang='lat' dir='ltr'>Frib.</span> <span class='ocrx_word' id='word_1_191' title='bbox 896 1343 1048 1387; x_wconf 82' lang='lat' dir='ltr'>(Suisse),</span> <span class='ocrx_word' id='word_1_192' title='bbox 1075 1351 1174 1386; x_wconf 81' lang='grc'><strong>1910,</strong></span> <span class='ocrx_word' id='word_1_193' title='bbox 1189 1347 1226 1375; x_wconf 81' lang='lat' dir='ltr'>n⁰</span> <span class='ocrx_word' id='word_1_194' title='bbox 1240 1353 1273 1384; x_wconf 86' lang='lat'>4.</span> 
     </span>
     <span class='ocr_line' id='line_1_24' title="bbox 174 1388 1274 1432; baseline 0.002 -13"><span class='ocrx_word' id='word_1_195' title='bbox 174 1389 356 1432; x_wconf 46' lang='lat' dir='ltr'>-eisn&#39;ipsit</span> <span class='ocrx_word' id='word_1_196' title='bbox 370 1390 471 1422; x_wconf 84' lang='lat' dir='ltr'>etiam</span> <span class='ocrx_word' id='word_1_197' title='bbox 485 1389 608 1422; x_wconf 87' lang='lat' dir='ltr'>librum</span> <span class='ocrx_word' id='word_1_198' title='bbox 622 1390 682 1431; x_wconf 92' lang='lat' dir='ltr'>qui</span> <span class='ocrx_word' id='word_1_199' title='bbox 697 1389 881 1422; x_wconf 83' lang='lat' dir='ltr'>intitulatur</span> <span class='ocrx_word' id='word_1_200' title='bbox 897 1389 1035 1422; x_wconf 87' lang='lat' dir='ltr'>Summa</span> <span class='ocrx_word' id='word_1_201' title='bbox 1051 1395 1166 1422; x_wconf 87' lang='lat' dir='ltr'>contra</span> <span class='ocrx_word' id='word_1_202' title='bbox 1182 1388 1274 1421; x_wconf 92' lang='lat' dir='ltr'>Gen-</span> 
     </span>
     <span class='ocr_line' id='line_1_25' title="bbox 175 1433 1274 1478; baseline -0.002 -10"><span class='ocrx_word' id='word_1_203' title='bbox 175 1434 384 1478; x_wconf 55' lang='lat' dir='ltr'>Q—*quem</span> <span class='ocrx_word' id='word_1_204' title='bbox 405 1439 551 1476; x_wconf 87' lang='lat' dir='ltr'>quatuor</span> <span class='ocrx_word' id='word_1_205' title='bbox 565 1434 655 1467; x_wconf 90' lang='lat' dir='ltr'>libris</span> <span class='ocrx_word' id='word_1_206' title='bbox 675 1434 830 1467; x_wconf 82' lang='lat' dir='ltr'>distinxit.</span> <span class='ocrx_word' id='word_1_207' title='bbox 854 1435 915 1467; x_wconf 89' lang='lat' dir='ltr'>Est</span> <span class='ocrx_word' id='word_1_208' title='bbox 932 1440 1044 1466; x_wconf 86' lang='lat' dir='ltr'>autem</span> <span class='ocrx_word' id='word_1_209' title='bbox 1062 1434 1148 1477; x_wconf 86' lang='lat' dir='ltr'>stylo</span> <span class='ocrx_word' id='word_1_210' title='bbox 1172 1433 1274 1466; x_wconf 89' lang='lat' dir='ltr'>diser-</span> 
     </span>
     <span class='ocr_line' id='line_1_26' title="bbox 180 1479 1274 1523; baseline -0.001 -10"><span class='ocrx_word' id='word_1_211' title='bbox 180 1481 485 1523; x_wconf 57' lang='lat' dir='ltr'>mutationum</span> <span class='ocrx_word' id='word_1_212' title='bbox 499 1480 646 1512; x_wconf 79' lang='lat' dir='ltr'>novitate</span> <span class='ocrx_word' id='word_1_213' title='bbox 662 1486 695 1511; x_wconf 88' lang='lat' dir='ltr'>et</span> <span class='ocrx_word' id='word_1_214' title='bbox 717 1480 896 1512; x_wconf 81' lang='lat' dir='ltr'>subtilitate</span> <span class='ocrx_word' id='word_1_215' title='bbox 917 1479 1133 1522; x_wconf 78' lang='lat' dir='ltr'>profundum.</span> <span class='ocrx_word' id='word_1_216' title='bbox 1150 1479 1188 1512; x_wconf 86' lang='lat' dir='ltr'>ln</span> <span class='ocrx_word' id='word_1_217' title='bbox 1204 1489 1274 1521; x_wconf 89' lang='lat' dir='ltr'>quo</span> 
     </span>
     <span class='ocr_line' id='line_1_27' title="bbox 171 1525 1274 1568; baseline -0.003 -9"><span class='ocrx_word' id='word_1_218' title='bbox 171 1525 359 1568; x_wconf 61' lang='lat' dir='ltr'>praecipue</span> <span class='ocrx_word' id='word_1_219' title='bbox 372 1534 486 1568; x_wconf 83' lang='lat' dir='ltr'>opere,</span> <span class='ocrx_word' id='word_1_220' title='bbox 501 1534 581 1557; x_wconf 89' lang='lat' dir='ltr'>cum</span> <span class='ocrx_word' id='word_1_221' title='bbox 602 1525 713 1567; x_wconf 85' lang='lat' dir='ltr'>ipsum</span> <span class='ocrx_word' id='word_1_222' title='bbox 729 1526 895 1563; x_wconf 83' lang='lat' dir='ltr'>scriberet,</span> <span class='ocrx_word' id='word_1_223' title='bbox 911 1525 1102 1567; x_wconf 72' lang='lat' dir='ltr'>stequenter</span> <span class='ocrx_word' id='word_1_224' title='bbox 1120 1526 1274 1557; x_wconf 89' lang='lat' dir='ltr'>inventus</span> 
     </span>
     <span class='ocr_line' id='line_1_28' title="bbox 172 1570 1273 1605; baseline -0.003 0"><span class='ocrx_word' id='word_1_225' title='bbox 172 1575 236 1604; x_wconf 58' lang='grc' dir='ltr'>ια</span> <span class='ocrx_word' id='word_1_226' title='bbox 247 1579 274 1605; x_wconf 72' lang='lat' dir='ltr'>n</span> <span class='ocrx_word' id='word_1_227' title='bbox 292 1571 444 1604; x_wconf 64' lang='lat' dir='ltr'>mnibus</span> <span class='ocrx_word' id='word_1_228' title='bbox 467 1571 682 1604; x_wconf 82' lang='lat' dir='ltr'>exterioribus</span> <span class='ocrx_word' id='word_1_229' title='bbox 696 1571 743 1602; x_wconf 81' lang='lat' dir='ltr'>sic</span> <span class='ocrx_word' id='word_1_230' title='bbox 759 1571 939 1604; x_wconf 85' lang='lat' dir='ltr'>abstractus</span> <span class='ocrx_word' id='word_1_231' title='bbox 957 1577 995 1603; x_wconf 89' lang='lat' dir='ltr'>ut</span> <span class='ocrx_word' id='word_1_232' title='bbox 1010 1570 1174 1603; x_wconf 87' lang='lat' dir='ltr'>videretur</span> <span class='ocrx_word' id='word_1_233' title='bbox 1188 1576 1273 1602; x_wconf 87' lang='lat' dir='ltr'>tota·</span> 
     </span>
     <span class='ocr_line' id='line_1_29' title="bbox 172 1615 1274 1658; baseline -0.002 -9"><span class='ocrx_word' id='word_1_234' title='bbox 172 1616 254 1658; x_wconf 59' lang='lat' dir='ltr'>-ffl</span> <span class='ocrx_word' id='word_1_235' title='bbox 267 1615 387 1649; x_wconf 73' lang='lat' dir='ltr'>divinia</span> <span class='ocrx_word' id='word_1_236' title='bbox 401 1617 558 1649; x_wconf 83' lang='lat' dir='ltr'>intentus.</span> <span class='ocrx_word' id='word_1_237' title='bbox 574 1615 652 1648; x_wconf 90' lang='lat' dir='ltr'>Non</span> <span class='ocrx_word' id='word_1_238' title='bbox 669 1621 781 1648; x_wconf 88' lang='lat' dir='ltr'>autem</span> <span class='ocrx_word' id='word_1_239' title='bbox 803 1616 982 1648; x_wconf 83' lang='lat' dir='ltr'>absurdum</span> <span class='ocrx_word' id='word_1_240' title='bbox 1004 1616 1103 1648; x_wconf 88' lang='lat' dir='ltr'>alicui</span> <span class='ocrx_word' id='word_1_241' title='bbox 1125 1615 1274 1648; x_wconf 84' lang='lat' dir='ltr'>videatur</span> 
     </span>
     <span class='ocr_line' id='line_1_30' title="bbox 170 1660 1272 1704; baseline -0.002 -9"><span class='ocrx_word' id='word_1_242' title='bbox 170 1660 276 1704; x_wconf 26' lang='grc' dir='ltr'>πρὸ</span> <span class='ocrx_word' id='word_1_243' title='bbox 296 1660 462 1704; x_wconf 65' lang='lat' dir='ltr'>praefatus</span> <span class='ocrx_word' id='word_1_244' title='bbox 485 1661 614 1694; x_wconf 86' lang='lat' dir='ltr'>Doctor</span> <span class='ocrx_word' id='word_1_245' title='bbox 637 1666 703 1692; x_wconf 86' lang='lat' dir='ltr'>tarn</span> <span class='ocrx_word' id='word_1_246' title='bbox 731 1661 766 1693; x_wconf 88' lang='lat' dir='ltr'>in</span> <span class='ocrx_word' id='word_1_247' title='bbox 793 1662 922 1703; x_wconf 88' lang='lat' dir='ltr'>scriptis</span> <span class='ocrx_word' id='word_1_248' title='bbox 949 1662 1017 1694; x_wconf 84' lang='lat' dir='ltr'>suis</span> <span class='ocrx_word' id='word_1_249' title='bbox 1044 1671 1146 1703; x_wconf 87' lang='lat' dir='ltr'>quam</span> <span class='ocrx_word' id='word_1_250' title='bbox 1173 1661 1272 1694; x_wconf 88' lang='lat' dir='ltr'>etiam</span> 
     </span>
     <span class='ocr_line' id='line_1_31' title="bbox 182 1706 1274 1749; baseline -0.002 -10"><span class='ocrx_word' id='word_1_251' title='bbox 182 1707 189 1715; x_wconf 87' lang='lat'>’</span> <span class='ocrx_word' id='word_1_252' title='bbox 231 1727 234 1730; x_wconf 84' lang='lat'><strong>·</strong></span> <span class='ocrx_word' id='word_1_253' title='bbox 412 1707 553 1748; x_wconf 82' lang='lat' dir='ltr'>saepius,</span> <span class='ocrx_word' id='word_1_254' title='bbox 576 1706 635 1738; x_wconf 90' lang='lat' dir='ltr'>ubi</span> <span class='ocrx_word' id='word_1_255' title='bbox 665 1707 822 1739; x_wconf 83' lang='lat' dir='ltr'>convenit</span> <span class='ocrx_word' id='word_1_256' title='bbox 852 1706 894 1738; x_wconf 91' lang='lat' dir='ltr'>ad</span> <span class='ocrx_word' id='word_1_257' title='bbox 916 1707 1138 1749; x_wconf 77' lang='lat' dir='ltr'>propositum,</span> <span class='ocrx_word' id='word_1_258' title='bbox 1163 1711 1274 1739; x_wconf 75' lang='lat' dir='ltr'>utatur</span> 
     </span>
     <span class='ocr_line' id='line_1_32' title="bbox 130 1749 1273 1794; baseline -0.003 -8"><span class='ocrx_word' id='word_1_259' title='bbox 130 1749 135 1756; x_wconf 92' lang='lat'>&#39;</span> <span class='ocrx_word' id='word_1_260' title='bbox 168 1752 325 1786; x_wconf 58' lang='lat' dir='ltr'>ms</span> <span class='ocrx_word' id='word_1_261' title='bbox 345 1751 568 1785; x_wconf 65' lang='grc' dir='ltr'><strong>0000111011οω</strong></span> <span class='ocrx_word' id='word_1_262' title='bbox 590 1757 624 1784; x_wconf 86' lang='grc'>01</span> <span class='ocrx_word' id='word_1_263' title='bbox 645 1751 799 1784; x_wconf 87' lang='lat' dir='ltr'>humanis</span> <span class='ocrx_word' id='word_1_264' title='bbox 816 1752 1096 1794; x_wconf 87' lang='lat' dir='ltr'>philosophorum</span> <span class='ocrx_word' id='word_1_265' title='bbox 1111 1757 1146 1784; x_wconf 87' lang='lat' dir='ltr'>et</span> <span class='ocrx_word' id='word_1_266' title='bbox 1167 1751 1273 1784; x_wconf 85' lang='lat' dir='ltr'>ethni-</span> 
     </span>
     <span class='ocr_line' id='line_1_33' title="bbox 180 1796 1272 1835; baseline -0.001 -5"><span class='ocrx_word' id='word_1_267' title='bbox 180 1803 309 1835; x_wconf 75' lang='lat' dir='ltr'>corum,</span> <span class='ocrx_word' id='word_1_268' title='bbox 324 1806 403 1829; x_wconf 88' lang='lat' dir='ltr'>cum</span> <span class='ocrx_word' id='word_1_269' title='bbox 426 1798 468 1829; x_wconf 90' lang='lat' dir='ltr'>ab</span> <span class='ocrx_word' id='word_1_270' title='bbox 483 1796 604 1829; x_wconf 89' lang='lat' dir='ltr'>eodem</span> <span class='ocrx_word' id='word_1_271' title='bbox 625 1797 796 1830; x_wconf 87' lang='lat' dir='ltr'>intellectu</span> <span class='ocrx_word' id='word_1_272' title='bbox 820 1797 934 1829; x_wconf 88' lang='lat' dir='ltr'>divino</span> <span class='ocrx_word' id='word_1_273' title='bbox 957 1798 1105 1830; x_wconf 84' lang='lat' dir='ltr'>subiecta</span> <span class='ocrx_word' id='word_1_274' title='bbox 1119 1797 1272 1829; x_wconf 89' lang='lat' dir='ltr'>omnium</span> 
     </span>
     <span class='ocr_line' id='line_1_34' title="bbox 153 1842 1274 1885; baseline -0.004 -8"><span class='ocrx_word' id='word_1_275' title='bbox 153 1852 164 1883; x_wconf 68' lang='lat' dir='ltr'><em>j</em></span> <span class='ocrx_word' id='word_1_276' title='bbox 179 1842 391 1881; x_wconf 58' lang='lat' dir='ltr'>omnm</span> <span class='ocrx_word' id='word_1_277' title='bbox 416 1842 581 1885; x_wconf 78' lang='lat' dir='ltr'>prodeant</span> <span class='ocrx_word' id='word_1_278' title='bbox 607 1852 627 1874; x_wconf 84' lang='lat' dir='ltr'>a</span> <span class='ocrx_word' id='word_1_279' title='bbox 657 1852 727 1884; x_wconf 89' lang='lat' dir='ltr'>quo</span> <span class='ocrx_word' id='word_1_280' title='bbox 754 1842 885 1875; x_wconf 88' lang='lat' dir='ltr'>divinae</span> <span class='ocrx_word' id='word_1_281' title='bbox 913 1843 1092 1884; x_wconf 80' lang='lat' dir='ltr'>sapientiae</span> <span class='ocrx_word' id='word_1_282' title='bbox 1123 1843 1274 1875; x_wconf 87' lang='lat' dir='ltr'>veritates</span> 
     </span>
     <span class='ocr_line' id='line_1_35' title="bbox 168 1887 1271 1926; baseline -0.003 -4"><span class='ocrx_word' id='word_1_283' title='bbox 168 1893 345 1926; x_wconf 60' lang='lat' dir='ltr'>—m</span> <span class='ocrx_word' id='word_1_284' title='bbox 357 1887 415 1920; x_wconf 83' lang='lat' dir='ltr'>cui</span> <span class='ocrx_word' id='word_1_285' title='bbox 425 1897 544 1920; x_wconf 83' lang='lat' dir='ltr'>omnes</span> <span class='ocrx_word' id='word_1_286' title='bbox 557 1888 715 1920; x_wconf 84' lang='lat' dir='ltr'>scientiae</span> <span class='ocrx_word' id='word_1_287' title='bbox 729 1888 802 1920; x_wconf 89' lang='lat' dir='ltr'>iure</span> <span class='ocrx_word' id='word_1_288' title='bbox 817 1888 1026 1920; x_wconf 84' lang='lat' dir='ltr'>subserviunt</span> <span class='ocrx_word' id='word_1_289' title='bbox 1041 1894 1079 1920; x_wconf 89' lang='lat' dir='ltr'>ut</span> <span class='ocrx_word' id='word_1_290' title='bbox 1090 1887 1228 1920; x_wconf 89' lang='lat' dir='ltr'>ancillae</span> <span class='ocrx_word' id='word_1_291' title='bbox 1242 1901 1271 1919; x_wconf 69' lang='grc' dir='ltr'><strong>ι.</strong></span> 
     </span>
     <span class='ocr_line' id='line_1_36' title="bbox 166 1931 1272 1972; baseline -0.002 -6"><span class='ocrx_word' id='word_1_292' title='bbox 166 1931 273 1967; x_wconf 55' lang='grc' dir='ltr'>ψιλὴ</span> <span class='ocrx_word' id='word_1_293' title='bbox 284 1931 498 1967; x_wconf 68' lang='lat' dir='ltr'>cla-mulatio</span> <span class='ocrx_word' id='word_1_294' title='bbox 521 1933 749 1966; x_wconf 87' lang='lat' dir='ltr'>Universitatis</span> <span class='ocrx_word' id='word_1_295' title='bbox 772 1933 972 1972; x_wconf 82' lang='lat' dir='ltr'>Parisiensis,</span> <span class='ocrx_word' id='word_1_296' title='bbox 988 1944 1008 1966; x_wconf 89' lang='lat' dir='ltr'>a</span> <span class='ocrx_word' id='word_1_297' title='bbox 1023 1933 1076 1965; x_wconf 91' lang='lat' dir='ltr'>cll.</span> <span class='ocrx_word' id='word_1_298' title='bbox 1094 1931 1223 1965; x_wconf 86' lang='lat' dir='ltr'>Denifle</span> <span class='ocrx_word' id='word_1_299' title='bbox 1239 1938 1272 1964; x_wconf 90' lang='lat' dir='ltr'>et</span> 
     </span>
     <span class='ocr_line' id='line_1_37' title="bbox 165 1977 1271 2020; baseline -0.002 -8"><span class='ocrx_word' id='word_1_300' title='bbox 165 1977 354 2014; x_wconf 60' lang='lat' dir='ltr'>m</span> <span class='ocrx_word' id='word_1_301' title='bbox 376 1977 479 2016; x_wconf 87' lang='lat' dir='ltr'>edito,</span> <span class='ocrx_word' id='word_1_302' title='bbox 500 1978 572 2011; x_wconf 88' lang='lat' dir='ltr'>duo</span> <span class='ocrx_word' id='word_1_303' title='bbox 596 1977 725 2011; x_wconf 87' lang='lat' dir='ltr'>elenchi</span> <span class='ocrx_word' id='word_1_304' title='bbox 754 1979 918 2011; x_wconf 82' lang='lat' dir='ltr'>habentur</span> <span class='ocrx_word' id='word_1_305' title='bbox 941 1979 1103 2011; x_wconf 89' lang='lat' dir='ltr'>librorum</span> <span class='ocrx_word' id='word_1_306' title='bbox 1126 1987 1271 2020; x_wconf 89' lang='lat' dir='ltr'>quorum</span> 
     </span>
     <span class='ocr_line' id='line_1_38' title="bbox 176 2022 1272 2066; baseline -0.002 -9"><span class='ocrx_word' id='word_1_307' title='bbox 176 2023 323 2065; x_wconf 56' lang='lat' dir='ltr'>usuum</span> <span class='ocrx_word' id='word_1_308' title='bbox 345 2024 388 2056; x_wconf 87' lang='lat' dir='ltr'>ab</span> <span class='ocrx_word' id='word_1_309' title='bbox 410 2023 483 2066; x_wconf 85' lang='lat' dir='ltr'>ipsa</span> <span class='ocrx_word' id='word_1_310' title='bbox 500 2023 721 2057; x_wconf 80' lang='lat' dir='ltr'>Universitate</span> <span class='ocrx_word' id='word_1_311' title='bbox 744 2030 889 2056; x_wconf 84' lang='lat' dir='ltr'>taxatum</span> <span class='ocrx_word' id='word_1_312' title='bbox 913 2030 972 2062; x_wconf 86' lang='lat' dir='ltr'>est,</span> <span class='ocrx_word' id='word_1_313' title='bbox 1000 2038 1014 2052; x_wconf 66' lang='grc' dir='ltr'><em>α</em></span> <span class='ocrx_word' id='word_1_314' title='bbox 1034 2023 1127 2066; x_wconf 89' lang='lat' dir='ltr'>quod</span> <span class='ocrx_word' id='word_1_315' title='bbox 1151 2022 1272 2056; x_wconf 87' lang='lat' dir='ltr'>debent</span> 
     </span>
     <span class='ocr_line' id='line_1_39' title="bbox 177 2068 1270 2111; baseline -0.003 -8"><span class='ocrx_word' id='word_1_316' title='bbox 177 2068 446 2106; x_wconf 56' lang='lat' dir='ltr'>mattharii</span> <span class='ocrx_word' id='word_1_317' title='bbox 471 2078 534 2111; x_wconf 85' lang='lat' dir='ltr'>pro</span> <span class='ocrx_word' id='word_1_318' title='bbox 565 2069 746 2111; x_wconf 86' lang='lat' dir='ltr'>exemplari</span> <span class='ocrx_word' id='word_1_319' title='bbox 773 2069 989 2101; x_wconf 89' lang='lat' dir='ltr'>commodato</span> <span class='ocrx_word' id='word_1_320' title='bbox 1018 2069 1223 2101; x_wconf 80' lang='lat' dir='ltr'>scholaribus</span> <span class='ocrx_word' id='word_1_321' title='bbox 1241 2081 1270 2100; x_wconf 70' lang='grc' dir='ltr'><strong>ι.</strong></span> 
     </span>
     <span class='ocr_line' id='line_1_40' title="bbox 178 2113 1271 2156; baseline -0.001 -9"><span class='ocrx_word' id='word_1_322' title='bbox 178 2113 308 2149; x_wconf 61' lang='lat' dir='ltr'>min</span> <span class='ocrx_word' id='word_1_323' title='bbox 323 2115 416 2149; x_wconf 76' lang='lat' dir='ltr'>‚inter</span> <span class='ocrx_word' id='word_1_324' title='bbox 437 2124 544 2147; x_wconf 82' lang='lat' dir='ltr'>annos</span> <span class='ocrx_word' id='word_1_325' title='bbox 564 2115 646 2156; x_wconf 79' lang='grc'><strong>1275</strong></span> <span class='ocrx_word' id='word_1_326' title='bbox 673 2120 706 2146; x_wconf 92' lang='grc'>01</span> <span class='ocrx_word' id='word_1_327' title='bbox 726 2114 812 2156; x_wconf 73' lang='grc'><strong>1284</strong></span> <span class='ocrx_word' id='word_1_328' title='bbox 836 2114 941 2147; x_wconf 83' lang='lat' dir='ltr'>factus</span> <span class='ocrx_word' id='word_1_329' title='bbox 965 2120 1023 2147; x_wconf 86' lang='lat' dir='ltr'>est.</span> <span class='ocrx_word' id='word_1_330' title='bbox 1048 2114 1106 2152; x_wconf 88' lang='lat' dir='ltr'>lbi,</span> <span class='ocrx_word' id='word_1_331' title='bbox 1130 2114 1193 2146; x_wconf 89' lang='lat' dir='ltr'>sub</span> <span class='ocrx_word' id='word_1_332' title='bbox 1216 2124 1271 2146; x_wconf 88' lang='lat' dir='ltr'>ru-</span> 
     </span>
    </p>
   </div>
   <div class='ocr_carea' id='block_1_2' title="bbox 2374 306 2419 332">
    <p class='ocr_par' dir='ltr' id='par_1_2' title="bbox 2374 306 2419 332">
     <span class='ocr_line' id='line_1_41' title="bbox 2374 306 2419 332; baseline 0 -1"><span class='ocrx_word' id='word_1_333' title='bbox 2374 306 2419 332; x_wconf 80' lang='lat' dir='ltr'>vu</span> 
     </span>
    </p>
   </div>
   <div class='ocr_carea' id='block_1_3' title="bbox 1328 361 2416 1652">
    <p class='ocr_par' dir='ltr' id='par_1_3' title="bbox 1332 361 2416 640">
     <span class='ocr_line' id='line_1_42' title="bbox 1332 361 2416 414; baseline 0.015 -24"><span class='ocrx_word' id='word_1_334' title='bbox 1332 361 1429 398; x_wconf 89' lang='lat' dir='ltr'>brica,</span> <span class='ocrx_word' id='word_1_335' title='bbox 1447 361 1542 393; x_wconf 84' lang='lat' dir='ltr'>Haec</span> <span class='ocrx_word' id='word_1_336' title='bbox 1564 370 1642 394; x_wconf 82' lang='lat' dir='ltr'>sunt</span> <span class='ocrx_word' id='word_1_337' title='bbox 1655 366 1778 406; x_wconf 83' lang='lat' dir='ltr'>scripta</span> <span class='ocrx_word' id='word_1_338' title='bbox 1785 368 1913 408; x_wconf 84' lang='lat' dir='ltr'>fratris</span> <span class='ocrx_word' id='word_1_339' title='bbox 1933 370 2077 402; x_wconf 82' lang='lat' dir='ltr'>Thomae</span> <span class='ocrx_word' id='word_1_340' title='bbox 2092 371 2132 402; x_wconf 85' lang='lat' dir='ltr'>de</span> <span class='ocrx_word' id='word_1_341' title='bbox 2147 373 2289 414; x_wconf 82' lang='lat' dir='ltr'>Aquino,</span> <span class='ocrx_word' id='word_1_342' title='bbox 2306 380 2416 406; x_wconf 85' lang='lat' dir='ltr'>nostra</span> 
     </span>
     <span class='ocr_line' id='line_1_43' title="bbox 1333 405 2414 451; baseline 0.016 -16"><span class='ocrx_word' id='word_1_343' title='bbox 1333 405 1470 436; x_wconf 90' lang='lat' dir='ltr'>Summa</span> <span class='ocrx_word' id='word_1_344' title='bbox 1501 408 1546 437; x_wconf 92' lang='lat' dir='ltr'>sic</span> <span class='ocrx_word' id='word_1_345' title='bbox 1577 409 1752 441; x_wconf 86' lang='lat' dir='ltr'>indicatur:</span> <span class='ocrx_word' id='word_1_346' title='bbox 1785 425 1799 438; x_wconf 82' lang='lat'>‹</span> <span class='ocrx_word' id='word_1_347' title='bbox 1820 412 1955 444; x_wconf 89' lang='lat' dir='ltr'>Summa</span> <span class='ocrx_word' id='word_1_348' title='bbox 1985 414 2090 446; x_wconf 86' lang='lat' dir='ltr'>fratris</span> <span class='ocrx_word' id='word_1_349' title='bbox 2119 416 2270 449; x_wconf 87' lang='lat' dir='ltr'>Thomae</span> <span class='ocrx_word' id='word_1_350' title='bbox 2301 426 2414 451; x_wconf 88' lang='lat' dir='ltr'>contra</span> 
     </span>
     <span class='ocr_line' id='line_1_44' title="bbox 1333 449 2415 496; baseline 0.016 -17"><span class='ocrx_word' id='word_1_351' title='bbox 1333 449 1490 487; x_wconf 87' lang='lat' dir='ltr'>Gentiles,</span> <span class='ocrx_word' id='word_1_352' title='bbox 1516 454 1663 484; x_wconf 90' lang='lat' dir='ltr'>continet</span> <span class='ocrx_word' id='word_1_353' title='bbox 1679 465 1742 485; x_wconf 78' lang='lat' dir='ltr'>Lvn</span> <span class='ocrx_word' id='word_1_354' title='bbox 1758 458 1870 495; x_wconf 79' lang='lat' dir='ltr'>petias,</span> <span class='ocrx_word' id='word_1_355' title='bbox 1888 468 1922 488; x_wconf 88' lang='grc'>111</span> <span class='ocrx_word' id='word_1_356' title='bbox 1945 459 2005 490; x_wconf 89' lang='lat' dir='ltr'>sol.</span> <span class='ocrx_word' id='word_1_357' title='bbox 2027 473 2053 491; x_wconf 87' lang='lat'>›.</span> <span class='ocrx_word' id='word_1_358' title='bbox 2072 460 2243 494; x_wconf 87' lang='lat' dir='ltr'>Secundus</span> <span class='ocrx_word' id='word_1_359' title='bbox 2259 463 2415 496; x_wconf 90' lang='lat' dir='ltr'>elenchus</span> 
     </span>
     <span class='ocr_line' id='line_1_45' title="bbox 1333 496 2414 546; baseline 0.017 -22"><span class='ocrx_word' id='word_1_360' title='bbox 1333 500 1380 545; x_wconf 78' lang='lat' dir='ltr'>est</span> <span class='ocrx_word' id='word_1_361' title='bbox 1406 496 1447 526; x_wconf 87' lang='lat'>26</span> <span class='ocrx_word' id='word_1_362' title='bbox 1472 496 1550 527; x_wconf 86' lang='lat' dir='ltr'>Feb.</span> <span class='ocrx_word' id='word_1_363' title='bbox 1574 498 1656 529; x_wconf 82' lang='lat'>1303</span> <span class='ocrx_word' id='word_1_364' title='bbox 1677 499 1805 540; x_wconf 85' lang='lat'>(1304).</span> <span class='ocrx_word' id='word_1_365' title='bbox 1832 502 1893 532; x_wconf 87' lang='lat' dir='ltr'>Hic</span> <span class='ocrx_word' id='word_1_366' title='bbox 1919 504 2001 534; x_wconf 91' lang='lat' dir='ltr'>inter</span> <span class='ocrx_word' id='word_1_367' title='bbox 2017 505 2078 536; x_wconf 87' lang='lat' dir='ltr'>alia</span> <span class='ocrx_word' id='word_1_368' title='bbox 2094 515 2195 546; x_wconf 91' lang='lat' dir='ltr'>opera</span> <span class='ocrx_word' id='word_1_369' title='bbox 2214 507 2246 539; x_wconf 94' lang='lat' dir='ltr'>S.</span> <span class='ocrx_word' id='word_1_370' title='bbox 2265 508 2414 541; x_wconf 85' lang='lat' dir='ltr'>Thomae</span> 
     </span>
     <span class='ocr_line' id='line_1_46' title="bbox 1332 545 2415 585; baseline 0.017 -17"><span class='ocrx_word' id='word_1_371' title='bbox 1332 548 1378 569; x_wconf 87' lang='grc'>510</span> <span class='ocrx_word' id='word_1_372' title='bbox 1394 545 1544 571; x_wconf 90' lang='lat' dir='ltr'>nostrum</span> <span class='ocrx_word' id='word_1_373' title='bbox 1560 550 1720 574; x_wconf 88' lang='lat' dir='ltr'>recenset:</span> <span class='ocrx_word' id='word_1_374' title='bbox 1738 558 1751 571; x_wconf 87' lang='lat'>‹</span> <span class='ocrx_word' id='word_1_375' title='bbox 1768 545 1849 576; x_wconf 87' lang='lat' dir='ltr'>Item</span> <span class='ocrx_word' id='word_1_376' title='bbox 1862 547 1896 577; x_wconf 88' lang='lat' dir='ltr'>in</span> <span class='ocrx_word' id='word_1_377' title='bbox 1909 548 2043 579; x_wconf 88' lang='lat' dir='ltr'>Summa</span> <span class='ocrx_word' id='word_1_378' title='bbox 2060 557 2172 582; x_wconf 88' lang='lat' dir='ltr'>contra</span> <span class='ocrx_word' id='word_1_379' title='bbox 2189 552 2336 585; x_wconf 82' lang='lat' dir='ltr'>Gentiles</span> <span class='ocrx_word' id='word_1_380' title='bbox 2351 565 2415 585; x_wconf 85' lang='lat' dir='ltr'>1.v11</span> 
     </span>
     <span class='ocr_line' id='line_1_47' title="bbox 1332 584 2322 640; baseline 0.017 -27"><span class='ocrx_word' id='word_1_381' title='bbox 1332 584 1451 623; x_wconf 78' lang='lat' dir='ltr'>peciaS,</span> <span class='ocrx_word' id='word_1_382' title='bbox 1468 595 1564 616; x_wconf 63' lang='lat' dir='ltr'>nam.</span> <span class='ocrx_word' id='word_1_383' title='bbox 1590 586 1664 618; x_wconf 89' lang='lat' dir='ltr'>den.</span> <span class='ocrx_word' id='word_1_384' title='bbox 1685 601 1699 615; x_wconf 78' lang='lat'><strong>›</strong></span> <span class='ocrx_word' id='word_1_385' title='bbox 1730 589 1893 630; x_wconf 66' lang='lat' dir='ltr'>(Chat-tul.</span> <span class='ocrx_word' id='word_1_386' title='bbox 1922 592 1932 622; x_wconf 92' lang='lat'>1</span> <span class='ocrx_word' id='word_1_387' title='bbox 1957 602 1989 622; x_wconf 92' lang='lat' dir='ltr'>n.</span> <span class='ocrx_word' id='word_1_388' title='bbox 2017 594 2095 630; x_wconf 85' lang='lat' dir='ltr'>53o;</span> <span class='ocrx_word' id='word_1_389' title='bbox 2122 596 2147 626; x_wconf 91' lang='lat'>11</span> <span class='ocrx_word' id='word_1_390' title='bbox 2173 607 2205 627; x_wconf 88' lang='lat' dir='ltr'>n.</span> <span class='ocrx_word' id='word_1_391' title='bbox 2231 598 2322 640; x_wconf 88' lang='lat'>642).</span> 
     </span>
    </p>

    <p class='ocr_par' dir='ltr' id='par_1_4' title="bbox 1330 629 2413 895">
     <span class='ocr_line' id='line_1_48' title="bbox 1352 629 2413 684; baseline 0.017 -26"><span class='ocrx_word' id='word_1_392' title='bbox 1352 673 1358 678; x_wconf 95' lang='lat'>.</span> <span class='ocrx_word' id='word_1_393' title='bbox 1389 629 1424 659; x_wconf 89' lang='lat' dir='ltr'>ln</span> <span class='ocrx_word' id='word_1_394' title='bbox 1449 630 1599 682; x_wconf 65' lang='lat' dir='ltr'>catalogo</span> <span class='ocrx_word' id='word_1_395' title='bbox 1624 633 1721 663; x_wconf 90' lang='lat' dir='ltr'>etiam</span> <span class='ocrx_word' id='word_1_396' title='bbox 1746 644 1885 674; x_wconf 91' lang='lat' dir='ltr'>operum</span> <span class='ocrx_word' id='word_1_397' title='bbox 1909 636 1941 667; x_wconf 87' lang='lat' dir='ltr'>S.</span> <span class='ocrx_word' id='word_1_398' title='bbox 1967 637 2127 676; x_wconf 61' lang='lat' dir='ltr'>l&#39;homae,</span> <span class='ocrx_word' id='word_1_399' title='bbox 2148 643 2298 674; x_wconf 89' lang='lat' dir='ltr'>omnium</span> <span class='ocrx_word' id='word_1_400' title='bbox 2322 654 2413 684; x_wconf 87' lang='lat' dir='ltr'>prae-</span> 
     </span>
     <span class='ocr_line' id='line_1_49' title="bbox 1331 681 2412 723; baseline 0.016 -20"><span class='ocrx_word' id='word_1_401' title='bbox 1331 682 1442 723; x_wconf 68' lang='lat' dir='ltr'>cipuo,</span> <span class='ocrx_word' id='word_1_402' title='bbox 1467 684 1525 714; x_wconf 82' lang='lat' dir='ltr'>qui</span> <span class='ocrx_word' id='word_1_403' title='bbox 1549 683 1772 716; x_wconf 87' lang='lat' dir='ltr'>praesentatus</span> <span class='ocrx_word' id='word_1_404' title='bbox 1789 681 1885 710; x_wconf 90' lang='lat' dir='ltr'>est-in</span> <span class='ocrx_word' id='word_1_405' title='bbox 1910 690 2065 721; x_wconf 89' lang='lat' dir='ltr'>processu</span> <span class='ocrx_word' id='word_1_406' title='bbox 2090 694 2167 716; x_wconf 86' lang='lat' dir='ltr'>suae</span> <span class='ocrx_word' id='word_1_407' title='bbox 2192 689 2412 720; x_wconf 86' lang='lat' dir='ltr'>canonizatio-</span> 
     </span>
     <span class='ocr_line' id='line_1_50' title="bbox 1330 721 2413 771; baseline 0.017 -24"><span class='ocrx_word' id='word_1_408' title='bbox 1330 726 1391 754; x_wconf 85' lang='lat' dir='ltr'>ms,</span> <span class='ocrx_word' id='word_1_409' title='bbox 1415 729 1503 750; x_wconf 88' lang='lat' dir='ltr'>anno</span> <span class='ocrx_word' id='word_1_410' title='bbox 1530 721 1624 761; x_wconf 81' lang='lat'>¹3¹9›</span> <span class='ocrx_word' id='word_1_411' title='bbox 1648 731 1665 751; x_wconf 92' lang='grc'><strong>3</strong></span> <span class='ocrx_word' id='word_1_412' title='bbox 1688 722 1943 756; x_wconf 89' lang='lat' dir='ltr'>Bartholomaeo</span> <span class='ocrx_word' id='word_1_413' title='bbox 1968 727 2008 758; x_wconf 92' lang='lat' dir='ltr'>de</span> <span class='ocrx_word' id='word_1_414' title='bbox 2025 727 2150 768; x_wconf 83' lang='lat' dir='ltr'>Capua,</span> <span class='ocrx_word' id='word_1_415' title='bbox 2174 730 2358 771; x_wconf 87' lang='lat' dir='ltr'>Logotheta</span> <span class='ocrx_word' id='word_1_416' title='bbox 2381 740 2413 765; x_wconf 87' lang='lat' dir='ltr'>et</span> 
     </span>
     <span class='ocr_line' id='line_1_51' title="bbox 1331 761 2411 817; baseline 0.017 -25"><span class='ocrx_word' id='word_1_417' title='bbox 1331 761 1561 795; x_wconf 87' lang='lat' dir='ltr'>Protonotario</span> <span class='ocrx_word' id='word_1_418' title='bbox 1579 767 1668 806; x_wconf 84' lang='lat' dir='ltr'>regni</span> <span class='ocrx_word' id='word_1_419' title='bbox 1686 767 1823 805; x_wconf 87' lang='lat' dir='ltr'>Siciliae,</span> <span class='ocrx_word' id='word_1_420' title='bbox 1841 771 1975 809; x_wconf 90' lang='lat' dir='ltr'>ponitur</span> <span class='ocrx_word' id='word_1_421' title='bbox 2003 773 2086 803; x_wconf 91' lang='lat' dir='ltr'>inter</span> <span class='ocrx_word' id='word_1_422' title='bbox 2109 783 2209 814; x_wconf 89' lang='lat' dir='ltr'>opera</span> <span class='ocrx_word' id='word_1_423' title='bbox 2235 789 2249 803; x_wconf 65' lang='grc' dir='ltr'><em>α</em></span> <span class='ocrx_word' id='word_1_424' title='bbox 2270 786 2411 817; x_wconf 89' lang='lat' dir='ltr'>quorum</span> 
     </span>
     <span class='ocr_line' id='line_1_52' title="bbox 1330 810 2412 862; baseline 0.016 -25"><span class='ocrx_word' id='word_1_425' title='bbox 1330 810 1626 859; x_wconf 34' lang='lat' dir='ltr'>sunt-exemplaria</span> <span class='ocrx_word' id='word_1_426' title='bbox 1650 811 1790 843; x_wconf 88' lang='lat' dir='ltr'>Parisius</span> <span class='ocrx_word' id='word_1_427' title='bbox 1809 827 1837 850; x_wconf 67' lang='grc' dir='ltr'>ι,</span> <span class='ocrx_word' id='word_1_428' title='bbox 1859 828 1871 840; x_wconf 79' lang='lat'><strong>‹</strong></span> <span class='ocrx_word' id='word_1_429' title='bbox 1893 814 1987 855; x_wconf 90' lang='lat' dir='ltr'>Opus</span> <span class='ocrx_word' id='word_1_430' title='bbox 2004 824 2118 848; x_wconf 88' lang='lat' dir='ltr'>contra</span> <span class='ocrx_word' id='word_1_431' title='bbox 2141 818 2297 858; x_wconf 87' lang='lat' dir='ltr'>Gentiles,</span> <span class='ocrx_word' id='word_1_432' title='bbox 2322 824 2412 862; x_wconf 90' lang='lat' dir='ltr'>quod</span> 
     </span>
     <span class='ocr_line' id='line_1_53' title="bbox 1331 856 1815 895; baseline 0.01 -13"><span class='ocrx_word' id='word_1_433' title='bbox 1331 858 1478 884; x_wconf 87' lang='grc' dir='ltr'><strong>001111ηο1</strong></span> <span class='ocrx_word' id='word_1_434' title='bbox 1502 861 1645 895; x_wconf 90' lang='lat' dir='ltr'>quatuor</span> <span class='ocrx_word' id='word_1_435' title='bbox 1669 856 1768 887; x_wconf 90' lang='lat' dir='ltr'>libros</span> <span class='ocrx_word' id='word_1_436' title='bbox 1787 870 1815 888; x_wconf 82' lang='lat'>».</span> 
     </span>
    </p>

    <p class='ocr_par' dir='ltr' id='par_1_5' title="bbox 1330 898 2413 1299">
     <span class='ocr_line' id='line_1_54' title="bbox 1386 898 2412 947; baseline 0.015 -19"><span class='ocrx_word' id='word_1_437' title='bbox 1386 898 1638 939; x_wconf 88' lang='lat' dir='ltr'>Antiquioribus</span> <span class='ocrx_word' id='word_1_438' title='bbox 1662 903 1963 935; x_wconf 87' lang='lat' dir='ltr'>nomenclatoribus</span> <span class='ocrx_word' id='word_1_439' title='bbox 1991 905 2189 947; x_wconf 85' lang='lat' dir='ltr'>adiungendi</span> <span class='ocrx_word' id='word_1_440' title='bbox 2212 916 2287 940; x_wconf 87' lang='lat' dir='ltr'>sunt</span> <span class='ocrx_word' id='word_1_441' title='bbox 2313 911 2412 943; x_wconf 91' lang='lat' dir='ltr'>Nico-</span> 
     </span>
     <span class='ocr_line' id='line_1_55' title="bbox 1331 941 2411 988; baseline 0.015 -16"><span class='ocrx_word' id='word_1_442' title='bbox 1331 941 1401 973; x_wconf 91' lang='lat' dir='ltr'>laus</span> <span class='ocrx_word' id='word_1_443' title='bbox 1414 943 1444 973; x_wconf 91' lang='lat' dir='ltr'><strong>T</strong></span> <span class='ocrx_word' id='word_1_444' title='bbox 1446 943 1527 974; x_wconf 89' lang='lat' dir='ltr'>rivet</span> <span class='ocrx_word' id='word_1_445' title='bbox 1540 951 1572 975; x_wconf 89' lang='lat' dir='ltr'>et</span> <span class='ocrx_word' id='word_1_446' title='bbox 1590 945 1728 977; x_wconf 87' lang='lat' dir='ltr'>loannes</span> <span class='ocrx_word' id='word_1_447' title='bbox 1741 946 1918 979; x_wconf 86' lang='lat' dir='ltr'>Columna.</span> <span class='ocrx_word' id='word_1_448' title='bbox 1936 949 2074 988; x_wconf 88' lang='lat' dir='ltr'>Primus,</span> <span class='ocrx_word' id='word_1_449' title='bbox 2089 952 2173 983; x_wconf 88' lang='lat' dir='ltr'>circa</span> <span class='ocrx_word' id='word_1_450' title='bbox 2188 963 2311 986; x_wconf 90' lang='lat' dir='ltr'>annum</span> <span class='ocrx_word' id='word_1_451' title='bbox 2330 957 2411 988; x_wconf 80' lang='lat'>1258</span> 
     </span>
     <span class='ocr_line' id='line_1_56' title="bbox 1331 989 2412 1032; baseline 0.014 -15"><span class='ocrx_word' id='word_1_452' title='bbox 1331 993 1438 1024; x_wconf 83' lang='lat' dir='ltr'>natus,</span> <span class='ocrx_word' id='word_1_453' title='bbox 1462 989 1638 1020; x_wconf 89' lang='lat' dir='ltr'>elenchum</span> <span class='ocrx_word' id='word_1_454' title='bbox 1662 1001 1803 1032; x_wconf 88' lang='lat' dir='ltr'>operum</span> <span class='ocrx_word' id='word_1_455' title='bbox 1827 992 1859 1024; x_wconf 89' lang='lat' dir='ltr'>S.</span> <span class='ocrx_word' id='word_1_456' title='bbox 1885 993 2036 1026; x_wconf 89' lang='lat' dir='ltr'>Thomae</span> <span class='ocrx_word' id='word_1_457' title='bbox 2066 997 2132 1027; x_wconf 83' lang='lat' dir='ltr'>suis</span> <span class='ocrx_word' id='word_1_458' title='bbox 2159 998 2340 1031; x_wconf 88' lang='lat' dir='ltr'>Annalibus</span> <span class='ocrx_word' id='word_1_459' title='bbox 2363 1002 2412 1032; x_wconf 92' lang='lat' dir='ltr'>in—</span> 
     </span>
     <span class='ocr_line' id='line_1_57' title="bbox 1330 1033 2410 1077; baseline 0.014 -15"><span class='ocrx_word' id='word_1_460' title='bbox 1330 1033 1440 1069; x_wconf 88' lang='lat' dir='ltr'>seruit,</span> <span class='ocrx_word' id='word_1_461' title='bbox 1469 1034 1518 1064; x_wconf 88' lang='lat' dir='ltr'>his</span> <span class='ocrx_word' id='word_1_462' title='bbox 1543 1036 1647 1066; x_wconf 88' lang='lat' dir='ltr'>verbis</span> <span class='ocrx_word' id='word_1_463' title='bbox 1677 1036 1717 1067; x_wconf 91' lang='lat' dir='ltr'>de</span> <span class='ocrx_word' id='word_1_464' title='bbox 1746 1043 1857 1069; x_wconf 82' lang='lat' dir='ltr'>nostra</span> <span class='ocrx_word' id='word_1_465' title='bbox 1889 1037 2024 1070; x_wconf 90' lang='lat' dir='ltr'>Summa</span> <span class='ocrx_word' id='word_1_466' title='bbox 2048 1042 2250 1074; x_wconf 89' lang='lat' dir='ltr'>mentionem</span> <span class='ocrx_word' id='word_1_467' title='bbox 2274 1044 2410 1077; x_wconf 87' lang='lat' dir='ltr'>faciens:</span> 
     </span>
     <span class='ocr_line' id='line_1_58' title="bbox 1334 1077 2412 1130; baseline 0.014 -23"><span class='ocrx_word' id='word_1_468' title='bbox 1334 1090 1348 1103; x_wconf 85' lang='lat'>‹</span> <span class='ocrx_word' id='word_1_469' title='bbox 1369 1077 1450 1108; x_wconf 85' lang='lat' dir='ltr'>Item</span> <span class='ocrx_word' id='word_1_470' title='bbox 1474 1086 1588 1110; x_wconf 84' lang='lat' dir='ltr'>contra</span> <span class='ocrx_word' id='word_1_471' title='bbox 1613 1079 1760 1112; x_wconf 87' lang='lat' dir='ltr'>Gentiles</span> <span class='ocrx_word' id='word_1_472' title='bbox 1776 1088 1918 1123; x_wconf 86' lang='lat' dir='ltr'>quatuor</span> <span class='ocrx_word' id='word_1_473' title='bbox 1933 1084 2033 1116; x_wconf 90' lang='lat' dir='ltr'>libros</span> <span class='ocrx_word' id='word_1_474' title='bbox 2054 1087 2181 1127; x_wconf 87' lang='lat' dir='ltr'>scripsit</span> <span class='ocrx_word' id='word_1_475' title='bbox 2199 1101 2227 1119; x_wconf 81' lang='lat'>».</span> <span class='ocrx_word' id='word_1_476' title='bbox 2255 1088 2412 1130; x_wconf 83' lang='lat' dir='ltr'>(Annales</span> 
     </span>
     <span class='ocr_line' id='line_1_59' title="bbox 1330 1123 2413 1169; baseline 0.013 -16"><span class='ocrx_word' id='word_1_477' title='bbox 1330 1131 1390 1153; x_wconf 82' lang='lat' dir='ltr'>sex</span> <span class='ocrx_word' id='word_1_478' title='bbox 1406 1123 1534 1165; x_wconf 78' lang='lat' dir='ltr'>Regum</span> <span class='ocrx_word' id='word_1_479' title='bbox 1552 1126 1705 1167; x_wconf 79' lang='lat' dir='ltr'>Angliae,</span> <span class='ocrx_word' id='word_1_480' title='bbox 1724 1126 1833 1160; x_wconf 84' lang='lat' dir='ltr'>Oxon.</span> <span class='ocrx_word' id='word_1_481' title='bbox 1856 1127 1966 1169; x_wconf 88' lang='grc'><strong>1719).</strong></span> <span class='ocrx_word' id='word_1_482' title='bbox 1983 1130 2083 1167; x_wconf 88' lang='lat' dir='ltr'>Alter,</span> <span class='ocrx_word' id='word_1_483' title='bbox 2104 1131 2136 1164; x_wconf 86' lang='lat' dir='ltr'>S.</span> <span class='ocrx_word' id='word_1_484' title='bbox 2153 1132 2302 1165; x_wconf 86' lang='lat' dir='ltr'>Thomae</span> <span class='ocrx_word' id='word_1_485' title='bbox 2319 1145 2413 1167; x_wconf 89' lang='lat' dir='ltr'>coae-</span> 
     </span>
     <span class='ocr_line' id='line_1_60' title="bbox 1330 1168 2413 1213; baseline 0.014 -16"><span class='ocrx_word' id='word_1_486' title='bbox 1330 1177 1390 1198; x_wconf 90' lang='lat' dir='ltr'>vus</span> <span class='ocrx_word' id='word_1_487' title='bbox 1413 1168 1465 1200; x_wconf 90' lang='lat' dir='ltr'>vel</span> <span class='ocrx_word' id='word_1_488' title='bbox 1489 1178 1620 1210; x_wconf 86' lang='lat' dir='ltr'>suppar,</span> <span class='ocrx_word' id='word_1_489' title='bbox 1649 1172 1683 1202; x_wconf 90' lang='lat' dir='ltr'>in</span> <span class='ocrx_word' id='word_1_490' title='bbox 1711 1172 1811 1203; x_wconf 83' lang='lat' dir='ltr'>Libro</span> <span class='ocrx_word' id='word_1_491' title='bbox 1839 1172 1880 1203; x_wconf 85' lang='lat' dir='ltr'>de</span> <span class='ocrx_word' id='word_1_492' title='bbox 1913 1174 1997 1205; x_wconf 81' lang='lat' dir='ltr'>Viris</span> <span class='ocrx_word' id='word_1_493' title='bbox 2023 1175 2215 1213; x_wconf 79' lang='lat' dir='ltr'>illustribus,</span> <span class='ocrx_word' id='word_1_494' title='bbox 2243 1189 2413 1212; x_wconf 85' lang='lat' dir='ltr'>recensens</span> 
     </span>
     <span class='ocr_line' id='line_1_61' title="bbox 1331 1217 2412 1261; baseline 0.014 -18"><span class='ocrx_word' id='word_1_495' title='bbox 1331 1222 1431 1254; x_wconf 90' lang='lat' dir='ltr'>opera</span> <span class='ocrx_word' id='word_1_496' title='bbox 1462 1227 1476 1240; x_wconf 80' lang='lat'><strong>‹</strong></span> <span class='ocrx_word' id='word_1_497' title='bbox 1497 1223 1582 1255; x_wconf 91' lang='lat' dir='ltr'>quae</span> <span class='ocrx_word' id='word_1_498' title='bbox 1611 1217 1739 1257; x_wconf 86' lang='lat' dir='ltr'>scripsit</span> <span class='ocrx_word' id='word_1_499' title='bbox 1766 1218 1817 1248; x_wconf 89' lang='lat' dir='ltr'>hic</span> <span class='ocrx_word' id='word_1_500' title='bbox 1844 1219 2108 1260; x_wconf 88' lang='lat' dir='ltr'>incomparabilis</span> <span class='ocrx_word' id='word_1_501' title='bbox 2135 1222 2261 1254; x_wconf 91' lang='lat' dir='ltr'>Doctor</span> <span class='ocrx_word' id='word_1_502' title='bbox 2280 1238 2307 1261; x_wconf 82' lang='lat'>»,</span> <span class='ocrx_word' id='word_1_503' title='bbox 2336 1225 2412 1257; x_wconf 90' lang='lat' dir='ltr'>dicit</span> 
     </span>
     <span class='ocr_line' id='line_1_62' title="bbox 1331 1257 2108 1299; baseline 0.014 -11"><span class='ocrx_word' id='word_1_504' title='bbox 1331 1257 1423 1299; x_wconf 93' lang='lat' dir='ltr'>quod</span> <span class='ocrx_word' id='word_1_505' title='bbox 1445 1271 1459 1286; x_wconf 68' lang='grc' dir='ltr'><em>α</em></span> <span class='ocrx_word' id='word_1_506' title='bbox 1480 1258 1651 1291; x_wconf 88' lang='lat' dir='ltr'>Summam</span> <span class='ocrx_word' id='word_1_507' title='bbox 1676 1267 1789 1292; x_wconf 88' lang='lat' dir='ltr'>contra</span> <span class='ocrx_word' id='word_1_508' title='bbox 1814 1262 1960 1295; x_wconf 89' lang='lat' dir='ltr'>Gentiles</span> <span class='ocrx_word' id='word_1_509' title='bbox 1985 1263 2061 1296; x_wconf 90' lang='lat' dir='ltr'>fecit</span> <span class='ocrx_word' id='word_1_510' title='bbox 2079 1278 2108 1299; x_wconf 80' lang='lat'>›.</span> 
     </span>
    </p>

    <p class='ocr_par' dir='ltr' id='par_1_6' title="bbox 1328 1303 2411 1580">
     <span class='ocr_line' id='line_1_63' title="bbox 1386 1303 2411 1349; baseline 0.012 -14"><span class='ocrx_word' id='word_1_511' title='bbox 1386 1303 1511 1336; x_wconf 90' lang='lat' dir='ltr'>Seriem</span> <span class='ocrx_word' id='word_1_512' title='bbox 1535 1306 1799 1338; x_wconf 86' lang='lat' dir='ltr'>testimoniorum</span> <span class='ocrx_word' id='word_1_513' title='bbox 1817 1309 2120 1349; x_wconf 86' lang='lat' dir='ltr'>antiquissimorum</span> <span class='ocrx_word' id='word_1_514' title='bbox 2137 1313 2318 1346; x_wconf 88' lang='lat' dir='ltr'>claudimus</span> <span class='ocrx_word' id='word_1_515' title='bbox 2334 1325 2411 1347; x_wconf 88' lang='lat' dir='ltr'>cum</span> 
     </span>
     <span class='ocr_line' id='line_1_64' title="bbox 1333 1348 2411 1397; baseline 0.012 -18"><span class='ocrx_word' id='word_1_516' title='bbox 1333 1348 1461 1380; x_wconf 81' lang='lat' dir='ltr'>Tabula</span> <span class='ocrx_word' id='word_1_517' title='bbox 1476 1350 1676 1391; x_wconf 82' lang='lat' dir='ltr'>scriptorum</span> <span class='ocrx_word' id='word_1_518' title='bbox 1697 1351 1833 1383; x_wconf 80' lang='lat' dir='ltr'>Ordinis</span> <span class='ocrx_word' id='word_1_519' title='bbox 1844 1354 2126 1397; x_wconf 85' lang='lat' dir='ltr'>Praedicatorum,</span> <span class='ocrx_word' id='word_1_520' title='bbox 2139 1357 2204 1389; x_wconf 88' lang='lat' dir='ltr'>fine</span> <span class='ocrx_word' id='word_1_521' title='bbox 2220 1360 2340 1391; x_wconf 90' lang='lat' dir='ltr'>saeculi</span> <span class='ocrx_word' id='word_1_522' title='bbox 2357 1371 2411 1392; x_wconf 85' lang='lat' dir='ltr'>x111</span> 
     </span>
     <span class='ocr_line' id='line_1_65' title="bbox 1329 1393 2411 1441; baseline 0.012 -17"><span class='ocrx_word' id='word_1_523' title='bbox 1329 1393 1381 1424; x_wconf 85' lang='lat' dir='ltr'>vel</span> <span class='ocrx_word' id='word_1_524' title='bbox 1405 1394 1499 1426; x_wconf 92' lang='lat' dir='ltr'>initio</span> <span class='ocrx_word' id='word_1_525' title='bbox 1523 1397 1689 1437; x_wconf 89' lang='lat' dir='ltr'>sequentis</span> <span class='ocrx_word' id='word_1_526' title='bbox 1708 1397 1846 1435; x_wconf 84' lang='lat' dir='ltr'>redacta,</span> <span class='ocrx_word' id='word_1_527' title='bbox 1867 1409 1967 1439; x_wconf 90' lang='lat' dir='ltr'>quam</span> <span class='ocrx_word' id='word_1_528' title='bbox 1991 1401 2215 1441; x_wconf 87' lang='lat' dir='ltr'>praelaudatus</span> <span class='ocrx_word' id='word_1_529' title='bbox 2239 1404 2331 1436; x_wconf 88' lang='lat' dir='ltr'>Pater</span> <span class='ocrx_word' id='word_1_530' title='bbox 2347 1405 2411 1437; x_wconf 91' lang='lat' dir='ltr'>De-</span> 
     </span>
     <span class='ocr_line' id='line_1_66' title="bbox 1328 1437 2408 1491; baseline 0.011 -21"><span class='ocrx_word' id='word_1_531' title='bbox 1328 1437 1406 1470; x_wconf 88' lang='lat' dir='ltr'>nifle</span> <span class='ocrx_word' id='word_1_532' title='bbox 1424 1439 1525 1472; x_wconf 88' lang='lat' dir='ltr'>edidit</span> <span class='ocrx_word' id='word_1_533' title='bbox 1541 1451 1579 1472; x_wconf 83' lang='lat' dir='ltr'>ex</span> <span class='ocrx_word' id='word_1_534' title='bbox 1593 1443 1816 1484; x_wconf 86' lang='lat' dir='ltr'>manuscripto</span> <span class='ocrx_word' id='word_1_535' title='bbox 1833 1444 1990 1476; x_wconf 85' lang='lat' dir='ltr'>Abbatiae</span> <span class='ocrx_word' id='word_1_536' title='bbox 2008 1445 2047 1476; x_wconf 90' lang='lat' dir='ltr'>de</span> <span class='ocrx_word' id='word_1_537' title='bbox 2064 1446 2179 1484; x_wconf 86' lang='lat' dir='ltr'>Stams,</span> <span class='ocrx_word' id='word_1_538' title='bbox 2196 1449 2251 1479; x_wconf 92' lang='lat' dir='ltr'>ubi</span> <span class='ocrx_word' id='word_1_539' title='bbox 2263 1459 2353 1485; x_wconf 86' lang='lat' dir='ltr'>num.</span> <span class='ocrx_word' id='word_1_540' title='bbox 2367 1452 2408 1491; x_wconf 85' lang='lat'>75</span> 
     </span>
     <span class='ocr_line' id='line_1_67' title="bbox 1328 1483 2411 1528; baseline 0.011 -13"><span class='ocrx_word' id='word_1_541' title='bbox 1328 1483 1447 1525; x_wconf 86' lang='lat' dir='ltr'>legitur</span> <span class='ocrx_word' id='word_1_542' title='bbox 1469 1486 1553 1517; x_wconf 90' lang='lat' dir='ltr'>inter</span> <span class='ocrx_word' id='word_1_543' title='bbox 1576 1488 1695 1528; x_wconf 88' lang='lat' dir='ltr'>scripta</span> <span class='ocrx_word' id='word_1_544' title='bbox 1718 1487 1751 1519; x_wconf 91' lang='lat' dir='ltr'>S.</span> <span class='ocrx_word' id='word_1_545' title='bbox 1775 1488 1943 1520; x_wconf 89' lang='lat' dir='ltr'>Thomae:</span> <span class='ocrx_word' id='word_1_546' title='bbox 1973 1490 2083 1522; x_wconf 83' lang='lat' dir='ltr'>«Item</span> <span class='ocrx_word' id='word_1_547' title='bbox 2107 1492 2275 1525; x_wconf 89' lang='lat' dir='ltr'>Summam</span> <span class='ocrx_word' id='word_1_548' title='bbox 2300 1502 2411 1527; x_wconf 84' lang='lat' dir='ltr'>contra</span> 
     </span>
     <span class='ocr_line' id='line_1_68' title="bbox 1329 1528 2279 1580; baseline 0.011 -20"><span class='ocrx_word' id='word_1_549' title='bbox 1329 1528 1476 1561; x_wconf 89' lang='lat' dir='ltr'>Gentiles</span> <span class='ocrx_word' id='word_1_550' title='bbox 1493 1544 1521 1563; x_wconf 83' lang='lat'>·.</span> <span class='ocrx_word' id='word_1_551' title='bbox 1545 1531 1612 1563; x_wconf 71' lang='lat' dir='ltr'>Via.</span> <span class='ocrx_word' id='word_1_552' title='bbox 1628 1533 1664 1564; x_wconf 89' lang='lat' dir='ltr'>P.</span> <span class='ocrx_word' id='word_1_553' title='bbox 1686 1533 1903 1571; x_wconf 86' lang='lat' dir='ltr'>Mandonnet,</span> <span class='ocrx_word' id='word_1_554' title='bbox 1921 1545 1973 1576; x_wconf 85' lang='lat' dir='ltr'>op.</span> <span class='ocrx_word' id='word_1_555' title='bbox 1990 1536 2054 1572; x_wconf 75' lang='lat' dir='ltr'>cit„</span> <span class='ocrx_word' id='word_1_556' title='bbox 2074 1547 2109 1578; x_wconf 82' lang='lat' dir='ltr'>p.</span> <span class='ocrx_word' id='word_1_557' title='bbox 2127 1536 2170 1578; x_wconf 85' lang='lat'>87</span> <span class='ocrx_word' id='word_1_558' title='bbox 2184 1547 2252 1580; x_wconf 83' lang='lat' dir='ltr'>sqq.</span> <span class='ocrx_word' id='word_1_559' title='bbox 2272 1545 2279 1561; x_wconf 92' lang='lat'><strong>¹</strong></span> 
     </span>
    </p>

    <p class='ocr_par' dir='ltr' id='par_1_7' title="bbox 1328 1575 2412 1652">
     <span class='ocr_line' id='line_1_69' title="bbox 1384 1575 2412 1652; baseline 0.01 -46"><span class='ocrx_word' id='word_1_560' title='bbox 1384 1575 1482 1652; x_wconf 59' lang='lat' dir='ltr'>Niunc</span> <span class='ocrx_word' id='word_1_561' title='bbox 1505 1576 1546 1608; x_wconf 91' lang='lat' dir='ltr'>ad</span> <span class='ocrx_word' id='word_1_562' title='bbox 1570 1577 1738 1610; x_wconf 88' lang='lat' dir='ltr'>historiam</span> <span class='ocrx_word' id='word_1_563' title='bbox 1763 1585 1794 1610; x_wconf 91' lang='lat' dir='ltr'>et</span> <span class='ocrx_word' id='word_1_564' title='bbox 1815 1579 2068 1621; x_wconf 87' lang='lat' dir='ltr'>descriptionem</span> <span class='ocrx_word' id='word_1_565' title='bbox 2084 1582 2287 1625; x_wconf 81' lang='lat' dir='ltr'>Autographi</span> <span class='ocrx_word' id='word_1_566' title='bbox 2311 1590 2412 1616; x_wconf 88' lang='lat' dir='ltr'>trans-</span> 
     </span>
     <span class='ocr_line' id='line_1_70' title="bbox 1328 1629 1486 1652; baseline 0.006 -1"><span class='ocrx_word' id='word_1_567' title='bbox 1328 1629 1394 1652; x_wconf 90' lang='lat' dir='ltr'>eun</span> <span class='ocrx_word' id='word_1_568' title='bbox 1419 1630 1486 1652; x_wconf 91' lang='lat' dir='ltr'>um.</span> 
     </span>
    </p>
   </div>
   <div class='ocr_carea' id='block_1_4' title="bbox 1325 1756 2414 2157">
    <p class='ocr_par' dir='ltr' id='par_1_8' title="bbox 1325 1756 2414 2157">
     <span class='ocr_line' id='line_1_71' title="bbox 1383 1756 2409 1800; baseline 0.009 -16"><span class='ocrx_word' id='word_1_569' title='bbox 1383 1756 1393 1776; x_wconf 85' lang='lat'><strong>¹</strong></span> <span class='ocrx_word' id='word_1_570' title='bbox 1413 1758 1503 1785; x_wconf 82' lang='lat' dir='ltr'>Codex</span> <span class='ocrx_word' id='word_1_571' title='bbox 1523 1759 1687 1791; x_wconf 71' lang='lat' dir='ltr'>Huiuensis,</span> <span class='ocrx_word' id='word_1_572' title='bbox 1699 1768 1792 1786; x_wconf 89' lang='lat' dir='ltr'>recens</span> <span class='ocrx_word' id='word_1_573' title='bbox 1805 1761 1881 1796; x_wconf 82' lang='lat' dir='ltr'>(infra</span> <span class='ocrx_word' id='word_1_574' title='bbox 1895 1771 1921 1796; x_wconf 89' lang='lat' dir='ltr'>p.</span> <span class='ocrx_word' id='word_1_575' title='bbox 1935 1771 1975 1788; x_wconf 80' lang='lat' dir='ltr'>xiv</span> <span class='ocrx_word' id='word_1_576' title='bbox 1983 1762 2025 1798; x_wconf 81' lang='lat' dir='ltr'>b);</span> <span class='ocrx_word' id='word_1_577' title='bbox 2044 1764 2088 1789; x_wconf 86' lang='lat' dir='ltr'>lsti</span> <span class='ocrx_word' id='word_1_578' title='bbox 2103 1770 2165 1790; x_wconf 88' lang='lat' dir='ltr'>sunt</span> <span class='ocrx_word' id='word_1_579' title='bbox 2180 1765 2236 1791; x_wconf 85' lang='lat' dir='ltr'>libri</span> <span class='ocrx_word' id='word_1_580' title='bbox 2255 1774 2324 1800; x_wconf 83' lang='lat' dir='ltr'>quos</span> <span class='ocrx_word' id='word_1_581' title='bbox 2338 1775 2409 1793; x_wconf 88' lang='lat' dir='ltr'>com-</span> 
     </span>
     <span class='ocr_line' id='line_1_72' title="bbox 1327 1794 2410 1835; baseline 0.009 -16"><span class='ocrx_word' id='word_1_582' title='bbox 1327 1795 1419 1829; x_wconf 82' lang='lat' dir='ltr'>posuit</span> <span class='ocrx_word' id='word_1_583' title='bbox 1437 1794 1537 1821; x_wconf 89' lang='lat' dir='ltr'>Doctor</span> <span class='ocrx_word' id='word_1_584' title='bbox 1553 1801 1662 1822; x_wconf 76' lang='lat' dir='ltr'>sanctus</span> <span class='ocrx_word' id='word_1_585' title='bbox 1686 1796 1805 1823; x_wconf 85' lang='lat' dir='ltr'>Thomas</span> <span class='ocrx_word' id='word_1_586' title='bbox 1829 1798 1862 1823; x_wconf 90' lang='lat' dir='ltr'>de</span> <span class='ocrx_word' id='word_1_587' title='bbox 1887 1799 1992 1832; x_wconf 79' lang='lat' dir='ltr'>Aquino</span> <span class='ocrx_word' id='word_1_588' title='bbox 2011 1800 2110 1826; x_wconf 87' lang='lat' dir='ltr'>ordinis</span> <span class='ocrx_word' id='word_1_589' title='bbox 2135 1801 2244 1827; x_wconf 80' lang='lat' dir='ltr'>fratrum</span> <span class='ocrx_word' id='word_1_590' title='bbox 2267 1803 2410 1835; x_wconf 86' lang='lat' dir='ltr'>predicato—</span> 
     </span>
     <span class='ocr_line' id='line_1_73' title="bbox 1327 1831 2409 1867; baseline 0.008 -11"><span class='ocrx_word' id='word_1_591' title='bbox 1327 1838 1388 1857; x_wconf 86' lang='lat' dir='ltr'>rum</span> <span class='ocrx_word' id='word_1_592' title='bbox 1407 1848 1452 1857; x_wconf 90' lang='lat'>...</span> <span class='ocrx_word' id='word_1_593' title='bbox 1471 1831 1546 1865; x_wconf 76' lang='lat' dir='ltr'>(post</span> <span class='ocrx_word' id='word_1_594' title='bbox 1564 1832 1642 1858; x_wconf 76' lang='lat' dir='ltr'>Sum.</span> <span class='ocrx_word' id='word_1_595' title='bbox 1668 1831 1757 1859; x_wconf 72' lang='grc'><strong>771001.</strong></span> <span class='ocrx_word' id='word_1_596' title='bbox 1775 1836 1803 1859; x_wconf 82' lang='lat' dir='ltr'>et</span> <span class='ocrx_word' id='word_1_597' title='bbox 1822 1834 1910 1867; x_wconf 83' lang='lat' dir='ltr'>Sent.)</span> <span class='ocrx_word' id='word_1_598' title='bbox 1932 1836 2042 1861; x_wconf 87' lang='lat' dir='ltr'>Summa</span> <span class='ocrx_word' id='word_1_599' title='bbox 2061 1842 2151 1863; x_wconf 89' lang='lat' dir='ltr'>contra</span> <span class='ocrx_word' id='word_1_600' title='bbox 2170 1837 2287 1864; x_wconf 78' lang='lat' dir='ltr'>Gentiles</span> <span class='ocrx_word' id='word_1_601' title='bbox 2309 1838 2409 1865; x_wconf 84' lang='lat' dir='ltr'>haberis</span> 
     </span>
     <span class='ocr_line' id='line_1_74' title="bbox 1327 1867 2410 1906; baseline 0.008 -14"><span class='ocrx_word' id='word_1_602' title='bbox 1327 1867 1409 1893; x_wconf 79' lang='lat' dir='ltr'>libros</span> <span class='ocrx_word' id='word_1_603' title='bbox 1422 1874 1441 1900; x_wconf 83' lang='lat'>4</span> <span class='ocrx_word' id='word_1_604' title='bbox 1459 1872 1486 1893; x_wconf 85' lang='lat' dir='ltr'>et</span> <span class='ocrx_word' id='word_1_605' title='bbox 1504 1868 1629 1902; x_wconf 85' lang='lat' dir='ltr'>capittula</span> <span class='ocrx_word' id='word_1_606' title='bbox 1647 1869 1699 1902; x_wconf 80' lang='lat'>⁴73</span> <span class='ocrx_word' id='word_1_607' title='bbox 1719 1868 1810 1902; x_wconf 82' lang='lat' dir='ltr'>(error</span> <span class='ocrx_word' id='word_1_608' title='bbox 1824 1878 1879 1903; x_wconf 81' lang='lat' dir='ltr'>pro</span> <span class='ocrx_word' id='word_1_609' title='bbox 1897 1870 1973 1906; x_wconf 80' lang='lat'>463).</span> <span class='ocrx_word' id='word_1_610' title='bbox 1990 1886 2011 1891; x_wconf 89' lang='lat'><em>-</em></span> <span class='ocrx_word' id='word_1_611' title='bbox 2029 1872 2093 1898; x_wconf 87' lang='lat' dir='ltr'>ltem</span> <span class='ocrx_word' id='word_1_612' title='bbox 2106 1873 2200 1899; x_wconf 76' lang='lat' dir='ltr'>Mati-iti</span> <span class='ocrx_word' id='word_1_613' title='bbox 2212 1874 2318 1900; x_wconf 78' lang='lat' dir='ltr'>Archiv.</span> <span class='ocrx_word' id='word_1_614' title='bbox 2330 1876 2410 1901; x_wconf 87' lang='lat' dir='ltr'>Acad.</span> 
     </span>
     <span class='ocr_line' id='line_1_75' title="bbox 1328 1903 2410 1936; baseline 0.007 -8"><span class='ocrx_word' id='word_1_615' title='bbox 1328 1904 1428 1929; x_wconf 77' lang='lat' dir='ltr'>Histor-</span> <span class='ocrx_word' id='word_1_616' title='bbox 1448 1903 1557 1930; x_wconf 78' lang='lat' dir='ltr'>Nacion.</span> <span class='ocrx_word' id='word_1_617' title='bbox 1575 1905 1607 1930; x_wconf 87' lang='lat' dir='ltr'>N.</span> <span class='ocrx_word' id='word_1_618' title='bbox 1626 1904 1670 1935; x_wconf 80' lang='grc'>80,</span> <span class='ocrx_word' id='word_1_619' title='bbox 1690 1913 1758 1931; x_wconf 78' lang='lat' dir='ltr'>saec.</span> <span class='ocrx_word' id='word_1_620' title='bbox 1777 1911 1834 1932; x_wconf 80' lang='lat' dir='ltr'>xiv:</span> <span class='ocrx_word' id='word_1_621' title='bbox 1855 1907 1882 1932; x_wconf 90' lang='lat' dir='ltr'>ln</span> <span class='ocrx_word' id='word_1_622' title='bbox 1901 1909 2008 1934; x_wconf 84' lang='lat' dir='ltr'>nomine</span> <span class='ocrx_word' id='word_1_623' title='bbox 2021 1908 2116 1934; x_wconf 83' lang='lat' dir='ltr'>Christi</span> <span class='ocrx_word' id='word_1_624' title='bbox 2129 1917 2216 1935; x_wconf 89' lang='lat' dir='ltr'>amen.</span> <span class='ocrx_word' id='word_1_625' title='bbox 2229 1910 2308 1936; x_wconf 84' lang='lat' dir='ltr'>Liber</span> <span class='ocrx_word' id='word_1_626' title='bbox 2325 1911 2410 1936; x_wconf 86' lang='lat' dir='ltr'>fratris</span> 
     </span>
     <span class='ocr_line' id='line_1_76' title="bbox 1327 1939 2411 1980; baseline 0.006 -14"><span class='ocrx_word' id='word_1_627' title='bbox 1327 1939 1428 1966; x_wconf 79' lang='lat' dir='ltr'>Nicolai</span> <span class='ocrx_word' id='word_1_628' title='bbox 1441 1940 1475 1966; x_wconf 88' lang='lat' dir='ltr'>de</span> <span class='ocrx_word' id='word_1_629' title='bbox 1484 1941 1582 1966; x_wconf 79' lang='lat' dir='ltr'>Andria</span> <span class='ocrx_word' id='word_1_630' title='bbox 1595 1940 1724 1976; x_wconf 77' lang='lat' dir='ltr'>iec10(ris)</span> <span class='ocrx_word' id='word_1_631' title='bbox 1736 1943 1835 1968; x_wconf 82' lang='lat' dir='ltr'>ordinis</span> <span class='ocrx_word' id='word_1_632' title='bbox 1850 1943 1958 1969; x_wconf 80' lang='lat' dir='ltr'>fratmm</span> <span class='ocrx_word' id='word_1_633' title='bbox 1971 1944 2158 1971; x_wconf 88' lang='lat' dir='ltr'>heremitarum</span> <span class='ocrx_word' id='word_1_634' title='bbox 2169 1946 2250 1971; x_wconf 86' lang='lat' dir='ltr'>sancti</span> <span class='ocrx_word' id='word_1_635' title='bbox 2263 1947 2411 1980; x_wconf 78' lang='lat' dir='ltr'>Augustini.</span> 
     </span>
     <span class='ocr_line' id='line_1_77' title="bbox 1326 1976 2409 2015; baseline 0.006 -13"><span class='ocrx_word' id='word_1_636' title='bbox 1326 1976 1367 2002; x_wconf 89' lang='lat' dir='ltr'>De</span> <span class='ocrx_word' id='word_1_637' title='bbox 1378 1983 1493 2002; x_wconf 85' lang='lat' dir='ltr'>numero</span> <span class='ocrx_word' id='word_1_638' title='bbox 1511 1982 1538 2002; x_wconf 90' lang='lat' dir='ltr'>et</span> <span class='ocrx_word' id='word_1_639' title='bbox 1555 1978 1706 2003; x_wconf 81' lang='lat' dir='ltr'>nominibus</span> <span class='ocrx_word' id='word_1_640' title='bbox 1727 1978 1853 2004; x_wconf 89' lang='lat' dir='ltr'>librorum</span> <span class='ocrx_word' id='word_1_641' title='bbox 1873 1986 1899 2005; x_wconf 85' lang='lat' dir='ltr'>et</span> <span class='ocrx_word' id='word_1_642' title='bbox 1917 1985 2075 2007; x_wconf 82' lang='lat' dir='ltr'>tractatuum</span> <span class='ocrx_word' id='word_1_643' title='bbox 2094 1989 2163 2015; x_wconf 92' lang='lat' dir='ltr'>quos</span> <span class='ocrx_word' id='word_1_644' title='bbox 2183 1983 2298 2008; x_wconf 85' lang='lat' dir='ltr'>condidit</span> <span class='ocrx_word' id='word_1_645' title='bbox 2317 1983 2409 2008; x_wconf 84' lang='lat' dir='ltr'>beatus</span> 
     </span>
     <span class='ocr_line' id='line_1_78' title="bbox 1326 2012 2410 2050; baseline 0.007 -13"><span class='ocrx_word' id='word_1_646' title='bbox 1326 2012 1432 2038; x_wconf 83' lang='lat' dir='ltr'>thomas</span> <span class='ocrx_word' id='word_1_647' title='bbox 1451 2013 1484 2038; x_wconf 91' lang='lat' dir='ltr'>de</span> <span class='ocrx_word' id='word_1_648' title='bbox 1504 2013 1601 2047; x_wconf 85' lang='lat' dir='ltr'>aquino</span> <span class='ocrx_word' id='word_1_649' title='bbox 1619 2014 1718 2040; x_wconf 81' lang='lat' dir='ltr'>ordinis</span> <span class='ocrx_word' id='word_1_650' title='bbox 1737 2014 1846 2040; x_wconf 78' lang='lat' dir='ltr'>fratrum</span> <span class='ocrx_word' id='word_1_651' title='bbox 1860 2016 2053 2049; x_wconf 87' lang='lat' dir='ltr'>predicatorum</span> <span class='ocrx_word' id='word_1_652' title='bbox 2065 2037 2071 2043; x_wconf 86' lang='lat'>.</span> <span class='ocrx_word' id='word_1_653' title='bbox 2082 2034 2090 2043; x_wconf 91' lang='lat'>.</span> <span class='ocrx_word' id='word_1_654' title='bbox 2100 2036 2107 2043; x_wconf 99' lang='lat'>.</span> <span class='ocrx_word' id='word_1_655' title='bbox 2120 2018 2192 2050; x_wconf 80' lang='lat' dir='ltr'>(post</span> <span class='ocrx_word' id='word_1_656' title='bbox 2206 2018 2282 2044; x_wconf 85' lang='lat' dir='ltr'>Sent.</span> <span class='ocrx_word' id='word_1_657' title='bbox 2295 2022 2322 2044; x_wconf 81' lang='lat' dir='ltr'>et</span> <span class='ocrx_word' id='word_1_658' title='bbox 2334 2019 2410 2044; x_wconf 85' lang='lat' dir='ltr'>Sum.</span> 
     </span>
     <span class='ocr_line' id='line_1_79' title="bbox 1330 2047 2414 2086; baseline 0.006 -12"><span class='ocrx_word' id='word_1_659' title='bbox 1330 2047 1434 2083; x_wconf 65' lang='lat' dir='ltr'>ficol.)</span> <span class='ocrx_word' id='word_1_660' title='bbox 1452 2056 1587 2075; x_wconf 81' lang='lat' dir='ltr'>summam</span> <span class='ocrx_word' id='word_1_661' title='bbox 1607 2055 1697 2075; x_wconf 82' lang='lat' dir='ltr'>contra</span> <span class='ocrx_word' id='word_1_662' title='bbox 1715 2051 1826 2083; x_wconf 82' lang='lat' dir='ltr'>gentiles</span> <span class='ocrx_word' id='word_1_663' title='bbox 1842 2069 1849 2077; x_wconf 95' lang='lat'>.</span> <span class='ocrx_word' id='word_1_664' title='bbox 1862 2069 1869 2076; x_wconf 93' lang='lat'>.</span> <span class='ocrx_word' id='word_1_665' title='bbox 1881 2070 1888 2077; x_wconf 93' lang='lat'>.</span> <span class='ocrx_word' id='word_1_666' title='bbox 1901 2052 1928 2077; x_wconf 85' lang='lat' dir='ltr'>in</span> <span class='ocrx_word' id='word_1_667' title='bbox 1942 2053 2007 2086; x_wconf 83' lang='lat' dir='ltr'>fine,</span> <span class='ocrx_word' id='word_1_668' title='bbox 2027 2058 2152 2079; x_wconf 85' lang='lat' dir='ltr'>tractatus</span> <span class='ocrx_word' id='word_1_669' title='bbox 2171 2054 2204 2080; x_wconf 86' lang='lat' dir='ltr'>de</span> <span class='ocrx_word' id='word_1_670' title='bbox 2222 2054 2282 2080; x_wconf 84' lang='lat' dir='ltr'>fato.</span> <span class='ocrx_word' id='word_1_671' title='bbox 2300 2055 2414 2080; x_wconf 79' lang='lat' dir='ltr'>Summa</span> 
     </span>
     <span class='ocr_line' id='line_1_80' title="bbox 1325 2083 2411 2124; baseline 0.005 -13"><span class='ocrx_word' id='word_1_672' title='bbox 1325 2085 1447 2111; x_wconf 87' lang='lat' dir='ltr'>omnium</span> <span class='ocrx_word' id='word_1_673' title='bbox 1467 2083 1503 2112; x_wconf 90' lang='lat' dir='ltr'>C.</span> <span class='ocrx_word' id='word_1_674' title='bbox 1521 2093 1577 2111; x_wconf 81' lang='lat' dir='ltr'>xxx.</span> <span class='ocrx_word' id='word_1_675' title='bbox 1597 2086 1766 2117; x_wconf 72' lang='lat' dir='ltr'>(charactere</span> <span class='ocrx_word' id='word_1_676' title='bbox 1785 2087 1885 2113; x_wconf 77' lang='lat' dir='ltr'>minori</span> <span class='ocrx_word' id='word_1_677' title='bbox 1884 2090 1917 2120; x_wconf 88' lang='lat'>).·</span> <span class='ocrx_word' id='word_1_678' title='bbox 1935 2096 2040 2122; x_wconf 90' lang='lat' dir='ltr'>semper</span> <span class='ocrx_word' id='word_1_679' title='bbox 2058 2097 2150 2115; x_wconf 87' lang='lat' dir='ltr'>secum</span> <span class='ocrx_word' id='word_1_680' title='bbox 2168 2089 2282 2116; x_wconf 87' lang='lat' dir='ltr'>habebat</span> <span class='ocrx_word' id='word_1_681' title='bbox 2297 2095 2411 2124; x_wconf 88' lang='lat' dir='ltr'>quatuor</span> 
     </span>
     <span class='ocr_line' id='line_1_81' title="bbox 1326 2121 1906 2157; baseline 0.003 -10"><span class='ocrx_word' id='word_1_682' title='bbox 1326 2121 1470 2156; x_wconf 72' lang='lat' dir='ltr'>mipmres</span> <span class='ocrx_word' id='word_1_683' title='bbox 1490 2127 1516 2148; x_wconf 89' lang='lat' dir='ltr'>et</span> <span class='ocrx_word' id='word_1_684' title='bbox 1535 2123 1560 2147; x_wconf 91' lang='lat' dir='ltr'>in</span> <span class='ocrx_word' id='word_1_685' title='bbox 1580 2122 1666 2148; x_wconf 89' lang='lat' dir='ltr'>dubiis</span> <span class='ocrx_word' id='word_1_686' title='bbox 1685 2131 1792 2157; x_wconf 88' lang='lat' dir='ltr'>semper</span> <span class='ocrx_word' id='word_1_687' title='bbox 1806 2124 1906 2150; x_wconf 82' lang='lat' dir='ltr'>orabat.</span> 
     </span>
    </p>
   </div>
   <div class='ocr_carea' id='block_1_5' title="bbox 1271 2210 1325 2245">
    <p class='ocr_par' dir='ltr' id='par_1_9' title="bbox 1271 2210 1325 2245">
     <span class='ocr_line' id='line_1_82' title="bbox 1271 2210 1325 2245; baseline 0.019 -1"><span class='ocrx_word' id='word_1_688' title='bbox 1271 2210 1325 2245; x_wconf 88' lang='lat'>2⁰.</span> 
     </span>
    </p>
   </div>
   <div class='ocr_carea' id='block_1_6' title="bbox 184 2286 1290 2375">
    <p class='ocr_par' dir='ltr' id='par_1_10' title="bbox 184 2286 1290 2375">
     <span class='ocr_line' id='line_1_83' title="bbox 184 2286 1290 2375; baseline 0.004 -49"><span class='ocrx_word' id='word_1_689' title='bbox 184 2322 185 2325; x_wconf 71' lang='grc'><strong>,</strong></span> <span class='ocrx_word' id='word_1_690' title='bbox 203 2323 207 2327; x_wconf 86' lang='grc'><strong>.</strong></span> <span class='ocrx_word' id='word_1_691' title='bbox 221 2318 247 2375; x_wconf 35' lang='lat'>4.</span> <span class='ocrx_word' id='word_1_692' title='bbox 369 2289 457 2332; x_wconf 89' lang='lat' dir='ltr'>DE</span> <span class='ocrx_word' id='word_1_693' title='bbox 490 2287 928 2332; x_wconf 87' lang='lat' dir='ltr'>AUTOGRAPHO</span> <span class='ocrx_word' id='word_1_694' title='bbox 963 2286 1290 2334; x_wconf 86' lang='lat' dir='ltr'>VATICANO</span> 
     </span>
    </p>
   </div>
   <div class='ocr_carea' id='block_1_7' title="bbox 166 2384 1272 3742">
    <p class='ocr_par' dir='ltr' id='par_1_11' title="bbox 166 2384 1272 2701">
     <span class='ocr_line' id='line_1_84' title="bbox 166 2384 1272 2426; baseline 0 -8"><span class='ocrx_word' id='word_1_695' title='bbox 166 2400 185 2414; x_wconf 63' lang='grc' dir='ltr'>ε-</span> <span class='ocrx_word' id='word_1_696' title='bbox 216 2418 221 2423; x_wconf 86' lang='grc'><strong>,</strong></span> <span class='ocrx_word' id='word_1_697' title='bbox 334 2403 341 2407; x_wconf 53' lang='grc'><strong>«</strong></span> <span class='ocrx_word' id='word_1_698' title='bbox 354 2387 534 2419; x_wconf 85' lang='lat' dir='ltr'>Vaticanus</span> <span class='ocrx_word' id='word_1_699' title='bbox 556 2386 695 2419; x_wconf 86' lang='lat' dir='ltr'>Latinus</span> <span class='ocrx_word' id='word_1_700' title='bbox 718 2385 808 2426; x_wconf 86' lang='lat'>9850</span> <span class='ocrx_word' id='word_1_701' title='bbox 836 2386 986 2418; x_wconf 88' lang='lat' dir='ltr'>continet</span> <span class='ocrx_word' id='word_1_702' title='bbox 1008 2384 1190 2426; x_wconf 85' lang='lat' dir='ltr'>fragmenta</span> <span class='ocrx_word' id='word_1_703' title='bbox 1212 2395 1272 2426; x_wconf 77' lang='lat' dir='ltr'>au-</span> 
     </span>
     <span class='ocr_line' id='line_1_85' title="bbox 167 2397 1269 2475; baseline -0.002 -10"><span class='ocrx_word' id='word_1_704' title='bbox 167 2397 245 2467; x_wconf 79' lang='lat' dir='ltr'>C</span> <span class='ocrx_word' id='word_1_705' title='bbox 220 2432 406 2475; x_wconf 75' lang='lat' dir='ltr'>‘tographa</span> <span class='ocrx_word' id='word_1_706' title='bbox 432 2431 532 2464; x_wconf 88' lang='lat' dir='ltr'>trium</span> <span class='ocrx_word' id='word_1_707' title='bbox 567 2440 709 2473; x_wconf 86' lang='lat' dir='ltr'>operum</span> <span class='ocrx_word' id='word_1_708' title='bbox 741 2430 852 2463; x_wconf 87' lang='lat' dir='ltr'>Sancti</span> <span class='ocrx_word' id='word_1_709' title='bbox 883 2430 1036 2463; x_wconf 87' lang='lat' dir='ltr'>Thomae</span> <span class='ocrx_word' id='word_1_710' title='bbox 1074 2431 1269 2472; x_wconf 85' lang='lat' dir='ltr'>Aquinatis:</span> 
     </span>
     <span class='ocr_line' id='line_1_86' title="bbox 177 2475 1272 2518; baseline -0.003 -6"><span class='ocrx_word' id='word_1_711' title='bbox 177 2478 338 2512; x_wconf 58' lang='lat' dir='ltr'>&amp;nm-e</span> <span class='ocrx_word' id='word_1_712' title='bbox 352 2476 480 2510; x_wconf 88' lang='lat' dir='ltr'>Contra</span> <span class='ocrx_word' id='word_1_713' title='bbox 495 2476 659 2515; x_wconf 86' lang='lat' dir='ltr'>Gentiles;</span> <span class='ocrx_word' id='word_1_714' title='bbox 675 2476 886 2508; x_wconf 87' lang='lat' dir='ltr'>Postillarum</span> <span class='ocrx_word' id='word_1_715' title='bbox 901 2485 1002 2518; x_wconf 88' lang='lat' dir='ltr'>super</span> <span class='ocrx_word' id='word_1_716' title='bbox 1016 2475 1150 2515; x_wconf 83' lang='lat' dir='ltr'>1saiam;</span> <span class='ocrx_word' id='word_1_717' title='bbox 1167 2475 1272 2509; x_wconf 91' lang='lat' dir='ltr'>Com-</span> 
     </span>
     <span class='ocr_line' id='line_1_87' title="bbox 167 2521 1271 2565; baseline -0.003 -8"><span class='ocrx_word' id='word_1_718' title='bbox 167 2524 331 2565; x_wconf 60' lang='lat' dir='ltr'>-nantarii</span> <span class='ocrx_word' id='word_1_719' title='bbox 350 2531 454 2565; x_wconf 85' lang='lat' dir='ltr'>super</span> <span class='ocrx_word' id='word_1_720' title='bbox 472 2521 633 2554; x_wconf 85' lang='lat' dir='ltr'>Boetium</span> <span class='ocrx_word' id='word_1_721' title='bbox 661 2522 703 2553; x_wconf 89' lang='lat' dir='ltr'>de</span> <span class='ocrx_word' id='word_1_722' title='bbox 730 2521 903 2554; x_wconf 78' lang='lat' dir='ltr'>Trinitate.</span> <span class='ocrx_word' id='word_1_723' title='bbox 933 2521 1040 2555; x_wconf 84' lang='lat' dir='ltr'>Simul</span> <span class='ocrx_word' id='word_1_724' title='bbox 1063 2522 1271 2554; x_wconf 85' lang='lat' dir='ltr'>constituunt</span> 
     </span>
     <span class='ocr_line' id='line_1_88' title="bbox 175 2567 1271 2609; baseline -0.003 -6"><span class='ocrx_word' id='word_1_725' title='bbox 175 2568 343 2604; x_wconf 51' lang='lat' dir='ltr'>mein</span> <span class='ocrx_word' id='word_1_726' title='bbox 358 2568 534 2601; x_wconf 65' lang='lat' dir='ltr'>§asciculos</span> <span class='ocrx_word' id='word_1_727' title='bbox 549 2567 832 2604; x_wconf 87' lang='lat' dir='ltr'>membranaceos,</span> <span class='ocrx_word' id='word_1_728' title='bbox 849 2567 970 2609; x_wconf 87' lang='lat' dir='ltr'>quibus</span> <span class='ocrx_word' id='word_1_729' title='bbox 986 2567 1200 2609; x_wconf 84' lang='lat' dir='ltr'>coniungitur</span> <span class='ocrx_word' id='word_1_730' title='bbox 1214 2577 1271 2600; x_wconf 88' lang='lat' dir='ltr'>ve·</span> 
     </span>
     <span class='ocr_line' id='line_1_89' title="bbox 176 2612 1271 2656; baseline -0.004 -7"><span class='ocrx_word' id='word_1_731' title='bbox 176 2620 303 2649; x_wconf 65' lang='lat' dir='ltr'>tutum</span> <span class='ocrx_word' id='word_1_732' title='bbox 326 2613 475 2656; x_wconf 83' lang='lat' dir='ltr'>diploma</span> <span class='ocrx_word' id='word_1_733' title='bbox 497 2613 592 2655; x_wconf 84' lang='lat' dir='ltr'>quod</span> <span class='ocrx_word' id='word_1_734' title='bbox 609 2618 769 2655; x_wconf 85' lang='lat' dir='ltr'>tanquam</span> <span class='ocrx_word' id='word_1_735' title='bbox 783 2613 996 2644; x_wconf 87' lang='lat' dir='ltr'>involucrum</span> <span class='ocrx_word' id='word_1_736' title='bbox 1011 2612 1093 2644; x_wconf 88' lang='lat' dir='ltr'>olim</span> <span class='ocrx_word' id='word_1_737' title='bbox 1116 2613 1271 2645; x_wconf 86' lang='lat' dir='ltr'>inservie-</span> 
     </span>
     <span class='ocr_line' id='line_1_90' title="bbox 177 2658 773 2701; baseline -0.007 -7"><span class='ocrx_word' id='word_1_738' title='bbox 177 2661 243 2701; x_wconf 53' lang='grc' dir='ltr'>δὴ,</span> <span class='ocrx_word' id='word_1_739' title='bbox 266 2660 323 2693; x_wconf 83' lang='lat' dir='ltr'>cui</span> <span class='ocrx_word' id='word_1_740' title='bbox 345 2658 493 2692; x_wconf 76' lang='lat' dir='ltr'>fasciculi</span> <span class='ocrx_word' id='word_1_741' title='bbox 515 2659 648 2691; x_wconf 88' lang='lat' dir='ltr'>consuti</span> <span class='ocrx_word' id='word_1_742' title='bbox 671 2665 773 2690; x_wconf 86' lang='lat' dir='ltr'>erant.</span> 
     </span>
    </p>

    <p class='ocr_par' dir='ltr' id='par_1_12' title="bbox 171 2703 1270 3742">
     <span class='ocr_line' id='line_1_91' title="bbox 181 2703 1269 2747; baseline -0.004 -8"><span class='ocrx_word' id='word_1_743' title='bbox 181 2722 190 2737; x_wconf 66' lang='lat' dir='ltr'><em>z</em></span> <span class='ocrx_word' id='word_1_744' title='bbox 214 2705 347 2747; x_wconf 43' lang='lat' dir='ltr'>*Usque</span> <span class='ocrx_word' id='word_1_745' title='bbox 362 2704 404 2737; x_wconf 78' lang='lat' dir='ltr'>ad</span> <span class='ocrx_word' id='word_1_746' title='bbox 419 2713 545 2737; x_wconf 83' lang='lat' dir='ltr'>annum</span> <span class='ocrx_word' id='word_1_747' title='bbox 564 2704 652 2746; x_wconf 87' lang='grc'><strong>1354</strong></span> <span class='ocrx_word' id='word_1_748' title='bbox 670 2704 948 2736; x_wconf 86' lang='lat' dir='ltr'>conservabantur</span> <span class='ocrx_word' id='word_1_749' title='bbox 963 2703 1168 2745; x_wconf 85' lang='lat' dir='ltr'>autographa</span> <span class='ocrx_word' id='word_1_750' title='bbox 1183 2703 1269 2735; x_wconf 87' lang='lat' dir='ltr'>Nea-</span> 
     </span>
     <span class='ocr_line' id='line_1_92' title="bbox 176 2747 1269 2794; baseline -0.005 -9"><span class='ocrx_word' id='word_1_751' title='bbox 176 2750 248 2794; x_wconf 67' lang='lat' dir='ltr'>poli</span> <span class='ocrx_word' id='word_1_752' title='bbox 261 2751 297 2784; x_wconf 86' lang='lat' dir='ltr'>in</span> <span class='ocrx_word' id='word_1_753' title='bbox 320 2755 490 2783; x_wconf 83' lang='lat' dir='ltr'>conventu</span> <span class='ocrx_word' id='word_1_754' title='bbox 512 2749 664 2782; x_wconf 86' lang='lat' dir='ltr'>Fratrum</span> <span class='ocrx_word' id='word_1_755' title='bbox 686 2748 963 2785; x_wconf 84' lang='lat' dir='ltr'>Praedicatorum.</span> <span class='ocrx_word' id='word_1_756' title='bbox 986 2747 1045 2780; x_wconf 86' lang='lat' dir='ltr'>ulo</span> <span class='ocrx_word' id='word_1_757' title='bbox 1061 2757 1150 2780; x_wconf 91' lang='lat' dir='ltr'>anno</span> <span class='ocrx_word' id='word_1_758' title='bbox 1167 2754 1269 2780; x_wconf 89' lang='lat' dir='ltr'>trans-</span> 
     </span>
     <span class='ocr_line' id='line_1_93' title="bbox 175 2793 1270 2838; baseline -0.004 -9"><span class='ocrx_word' id='word_1_759' title='bbox 175 2801 307 2838; x_wconf 75' lang='lat' dir='ltr'>portata</span> <span class='ocrx_word' id='word_1_760' title='bbox 321 2801 398 2828; x_wconf 88' lang='lat' dir='ltr'>sunt</span> <span class='ocrx_word' id='word_1_761' title='bbox 412 2795 627 2836; x_wconf 88' lang='lat' dir='ltr'>Bergomum,</span> <span class='ocrx_word' id='word_1_762' title='bbox 644 2794 702 2827; x_wconf 85' lang='lat' dir='ltr'>ubi</span> <span class='ocrx_word' id='word_1_763' title='bbox 718 2800 911 2826; x_wconf 87' lang='lat' dir='ltr'>manserunt</span> <span class='ocrx_word' id='word_1_764' title='bbox 927 2803 1034 2835; x_wconf 88' lang='lat' dir='ltr'>usque</span> <span class='ocrx_word' id='word_1_765' title='bbox 1050 2793 1092 2828; x_wconf 81' lang='lat' dir='ltr'>ad</span> <span class='ocrx_word' id='word_1_766' title='bbox 1107 2794 1270 2826; x_wconf 83' lang='lat' dir='ltr'>tumultus</span> 
     </span>
     <span class='ocr_line' id='line_1_94' title="bbox 177 2839 1268 2881; baseline -0.004 -6"><span class='ocrx_word' id='word_1_767' title='bbox 177 2841 298 2875; x_wconf 80' lang='lat' dir='ltr'>decimi</span> <span class='ocrx_word' id='word_1_768' title='bbox 319 2841 429 2875; x_wconf 79' lang='lat' dir='ltr'>octavi</span> <span class='ocrx_word' id='word_1_769' title='bbox 452 2840 575 2873; x_wconf 85' lang='lat' dir='ltr'>sacculi</span> <span class='ocrx_word' id='word_1_770' title='bbox 599 2841 760 2880; x_wconf 80' lang='lat' dir='ltr'>exeuntis,</span> <span class='ocrx_word' id='word_1_771' title='bbox 782 2841 928 2881; x_wconf 89' lang='lat' dir='ltr'>primum</span> <span class='ocrx_word' id='word_1_772' title='bbox 952 2839 986 2870; x_wconf 93' lang='lat' dir='ltr'>in</span> <span class='ocrx_word' id='word_1_773' title='bbox 1010 2845 1178 2871; x_wconf 87' lang='lat' dir='ltr'>conventu</span> <span class='ocrx_word' id='word_1_774' title='bbox 1198 2839 1268 2871; x_wconf 92' lang='lat' dir='ltr'>Do-</span> 
     </span>
     <span class='ocr_line' id='line_1_95' title="bbox 176 2884 1269 2927; baseline -0.005 -6"><span class='ocrx_word' id='word_1_775' title='bbox 176 2887 346 2921; x_wconf 75' lang='lat' dir='ltr'>minicano</span> <span class='ocrx_word' id='word_1_776' title='bbox 362 2886 398 2921; x_wconf 86' lang='lat' dir='ltr'>S.</span> <span class='ocrx_word' id='word_1_777' title='bbox 421 2886 590 2927; x_wconf 82' lang='lat' dir='ltr'>Stephani,</span> <span class='ocrx_word' id='word_1_778' title='bbox 607 2891 640 2917; x_wconf 91' lang='lat' dir='ltr'>et</span> <span class='ocrx_word' id='word_1_779' title='bbox 662 2892 739 2926; x_wconf 89' lang='lat' dir='ltr'>post</span> <span class='ocrx_word' id='word_1_780' title='bbox 762 2885 834 2917; x_wconf 89' lang='lat' dir='ltr'>eius</span> <span class='ocrx_word' id='word_1_781' title='bbox 857 2884 1116 2916; x_wconf 87' lang='lat' dir='ltr'>destructionem</span> <span class='ocrx_word' id='word_1_782' title='bbox 1135 2885 1171 2916; x_wconf 90' lang='lat' dir='ltr'>in</span> <span class='ocrx_word' id='word_1_783' title='bbox 1188 2894 1269 2916; x_wconf 89' lang='lat' dir='ltr'>con-</span> 
     </span>
     <span class='ocr_line' id='line_1_96' title="bbox 175 2929 1268 2971; baseline -0.004 -6"><span class='ocrx_word' id='word_1_784' title='bbox 175 2937 279 2967; x_wconf 63' lang='lat' dir='ltr'>mtu</span> <span class='ocrx_word' id='word_1_785' title='bbox 293 2931 328 2965; x_wconf 86' lang='lat' dir='ltr'>S.</span> <span class='ocrx_word' id='word_1_786' title='bbox 343 2931 591 2964; x_wconf 73' lang='lat' dir='ltr'>Bai-tholomaei</span> <span class='ocrx_word' id='word_1_787' title='bbox 610 2930 759 2966; x_wconf 85' lang='lat' dir='ltr'>eiusdem</span> <span class='ocrx_word' id='word_1_788' title='bbox 775 2930 919 2962; x_wconf 85' lang='lat' dir='ltr'>Ordinis.</span> <span class='ocrx_word' id='word_1_789' title='bbox 936 2930 1089 2971; x_wconf 90' lang='lat' dir='ltr'>Expulsis</span> <span class='ocrx_word' id='word_1_790' title='bbox 1106 2929 1268 2968; x_wconf 81' lang='lat' dir='ltr'>fratribus,</span> 
     </span>
     <span class='ocr_line' id='line_1_97' title="bbox 175 2975 1268 3018; baseline -0.005 -6"><span class='ocrx_word' id='word_1_791' title='bbox 175 2978 298 3013; x_wconf 73' lang='lat' dir='ltr'>salvata</span> <span class='ocrx_word' id='word_1_792' title='bbox 319 2982 398 3008; x_wconf 86' lang='lat' dir='ltr'>sunt</span> <span class='ocrx_word' id='word_1_793' title='bbox 420 2987 480 3018; x_wconf 87' lang='lat' dir='ltr'>per</span> <span class='ocrx_word' id='word_1_794' title='bbox 503 2975 671 3018; x_wconf 88' lang='lat' dir='ltr'>quendam</span> <span class='ocrx_word' id='word_1_795' title='bbox 696 2976 827 3008; x_wconf 85' lang='lat' dir='ltr'>fratrem</span> <span class='ocrx_word' id='word_1_796' title='bbox 850 2975 1060 3013; x_wconf 87' lang='lat' dir='ltr'>Riccardum,</span> <span class='ocrx_word' id='word_1_797' title='bbox 1084 2977 1143 3017; x_wconf 86' lang='lat' dir='ltr'>qui</span> <span class='ocrx_word' id='word_1_798' title='bbox 1166 2985 1268 3017; x_wconf 89' lang='lat' dir='ltr'>penes</span> 
     </span>
     <span class='ocr_line' id='line_1_98' title="bbox 175 3020 1268 3065; baseline -0.005 -9"><span class='ocrx_word' id='word_1_799' title='bbox 175 3032 212 3056; x_wconf 77' lang='grc'>00</span> <span class='ocrx_word' id='word_1_800' title='bbox 225 3023 298 3065; x_wconf 81' lang='lat' dir='ltr'>ipsa</span> <span class='ocrx_word' id='word_1_801' title='bbox 316 3022 459 3055; x_wconf 81' lang='lat' dir='ltr'>tenebat.</span> <span class='ocrx_word' id='word_1_802' title='bbox 483 3021 536 3055; x_wconf 88' lang='lat' dir='ltr'>Eo</span> <span class='ocrx_word' id='word_1_803' title='bbox 558 3028 704 3059; x_wconf 86' lang='lat' dir='ltr'>mortuo,</span> <span class='ocrx_word' id='word_1_804' title='bbox 728 3028 793 3053; x_wconf 87' lang='lat' dir='ltr'>tres</span> <span class='ocrx_word' id='word_1_805' title='bbox 816 3027 956 3062; x_wconf 89' lang='lat' dir='ltr'>nepotes</span> <span class='ocrx_word' id='word_1_806' title='bbox 981 3021 1032 3052; x_wconf 90' lang='lat' dir='ltr'>sui</span> <span class='ocrx_word' id='word_1_807' title='bbox 1050 3021 1205 3053; x_wconf 89' lang='lat' dir='ltr'>haeredes</span> <span class='ocrx_word' id='word_1_808' title='bbox 1221 3020 1268 3051; x_wconf 88' lang='lat' dir='ltr'>fa-</span> 
     </span>
     <span class='ocr_line' id='line_1_99' title="bbox 176 3066 1266 3108; baseline -0.002 -9"><span class='ocrx_word' id='word_1_809' title='bbox 176 3068 318 3100; x_wconf 83' lang='lat' dir='ltr'>sciculos</span> <span class='ocrx_word' id='word_1_810' title='bbox 342 3068 383 3098; x_wconf 87' lang='lat' dir='ltr'>ab</span> <span class='ocrx_word' id='word_1_811' title='bbox 405 3067 581 3099; x_wconf 89' lang='lat' dir='ltr'>involucro</span> <span class='ocrx_word' id='word_1_812' title='bbox 609 3067 796 3099; x_wconf 89' lang='lat' dir='ltr'>dissuerunt</span> <span class='ocrx_word' id='word_1_813' title='bbox 819 3073 852 3098; x_wconf 90' lang='lat' dir='ltr'>et</span> <span class='ocrx_word' id='word_1_814' title='bbox 878 3066 962 3098; x_wconf 89' lang='lat' dir='ltr'>inter</span> <span class='ocrx_word' id='word_1_815' title='bbox 985 3076 1020 3098; x_wconf 92' lang='lat' dir='ltr'>se</span> <span class='ocrx_word' id='word_1_816' title='bbox 1047 3067 1156 3108; x_wconf 89' lang='lat' dir='ltr'>partiti</span> <span class='ocrx_word' id='word_1_817' title='bbox 1180 3072 1266 3097; x_wconf 86' lang='lat' dir='ltr'>sunt.</span> 
     </span>
     <span class='ocr_line' id='line_1_100' title="bbox 174 3111 1267 3154; baseline -0.004 -8"><span class='ocrx_word' id='word_1_818' title='bbox 174 3113 296 3153; x_wconf 79' lang='lat' dir='ltr'>Postea</span> <span class='ocrx_word' id='word_1_819' title='bbox 317 3113 439 3145; x_wconf 88' lang='lat' dir='ltr'>iterum</span> <span class='ocrx_word' id='word_1_820' title='bbox 453 3113 549 3151; x_wconf 90' lang='lat' dir='ltr'>uniti,</span> <span class='ocrx_word' id='word_1_821' title='bbox 572 3113 748 3154; x_wconf 86' lang='lat' dir='ltr'>pignorati,</span> <span class='ocrx_word' id='word_1_822' title='bbox 763 3111 897 3144; x_wconf 87' lang='lat' dir='ltr'>tandem</span> <span class='ocrx_word' id='word_1_823' title='bbox 921 3121 1010 3143; x_wconf 86' lang='lat' dir='ltr'>anno</span> <span class='ocrx_word' id='word_1_824' title='bbox 1034 3111 1119 3152; x_wconf 86' lang='grc'><strong>1819</strong></span> <span class='ocrx_word' id='word_1_825' title='bbox 1143 3111 1267 3142; x_wconf 83' lang='lat' dir='ltr'>venditi</span> 
     </span>
     <span class='ocr_line' id='line_1_101' title="bbox 175 3156 1267 3199; baseline -0.004 -8"><span class='ocrx_word' id='word_1_826' title='bbox 175 3164 263 3197; x_wconf 80' lang='lat' dir='ltr'>sunt,</span> <span class='ocrx_word' id='word_1_827' title='bbox 275 3164 406 3190; x_wconf 86' lang='lat' dir='ltr'>emente</span> <span class='ocrx_word' id='word_1_828' title='bbox 423 3158 512 3196; x_wconf 87' lang='lat' dir='ltr'>claro</span> <span class='ocrx_word' id='word_1_829' title='bbox 527 3157 761 3190; x_wconf 87' lang='lat' dir='ltr'>iurisconsulto</span> <span class='ocrx_word' id='word_1_830' title='bbox 774 3157 913 3199; x_wconf 84' lang='lat' dir='ltr'>Aloysio</span> <span class='ocrx_word' id='word_1_831' title='bbox 922 3156 1106 3194; x_wconf 15' lang='lat' dir='ltr'>,Fautonim</span> <span class='ocrx_word' id='word_1_832' title='bbox 1120 3156 1160 3188; x_wconf 88' lang='lat' dir='ltr'>ad</span> <span class='ocrx_word' id='word_1_833' title='bbox 1173 3157 1267 3188; x_wconf 90' lang='lat' dir='ltr'>cuius</span> 
     </span>
     <span class='ocr_line' id='line_1_102' title="bbox 175 3203 1266 3245; baseline -0.004 -9"><span class='ocrx_word' id='word_1_834' title='bbox 175 3210 329 3241; x_wconf 86' lang='lat' dir='ltr'>mortem,</span> <span class='ocrx_word' id='word_1_835' title='bbox 350 3213 440 3235; x_wconf 89' lang='lat' dir='ltr'>anno</span> <span class='ocrx_word' id='word_1_836' title='bbox 460 3203 547 3245; x_wconf 89' lang='grc'><strong>1874</strong></span> <span class='ocrx_word' id='word_1_837' title='bbox 564 3203 616 3234; x_wconf 85' lang='lat' dir='ltr'>vel</span> <span class='ocrx_word' id='word_1_838' title='bbox 635 3203 733 3244; x_wconf 86' lang='grc'><strong>1875,</strong></span> <span class='ocrx_word' id='word_1_839' title='bbox 748 3203 870 3235; x_wconf 88' lang='lat' dir='ltr'>iterum</span> <span class='ocrx_word' id='word_1_840' title='bbox 885 3203 1018 3234; x_wconf 88' lang='lat' dir='ltr'>venales</span> <span class='ocrx_word' id='word_1_841' title='bbox 1033 3212 1052 3233; x_wconf 89' lang='lat' dir='ltr'>a</span> <span class='ocrx_word' id='word_1_842' title='bbox 1072 3203 1142 3233; x_wconf 83' lang='lat' dir='ltr'>suis</span> <span class='ocrx_word' id='word_1_843' title='bbox 1154 3203 1266 3232; x_wconf 90' lang='lat' dir='ltr'>haere-</span> 
     </span>
     <span class='ocr_line' id='line_1_103' title="bbox 175 3247 1266 3291; baseline -0.004 -10"><span class='ocrx_word' id='word_1_844' title='bbox 175 3249 271 3282; x_wconf 86' lang='lat' dir='ltr'>dibus</span> <span class='ocrx_word' id='word_1_845' title='bbox 288 3249 519 3281; x_wconf 78' lang='lat' dir='ltr'>offerebantur.</span> <span class='ocrx_word' id='word_1_846' title='bbox 536 3249 726 3291; x_wconf 87' lang='lat' dir='ltr'>Episcopus</span> <span class='ocrx_word' id='word_1_847' title='bbox 744 3248 988 3290; x_wconf 88' lang='lat' dir='ltr'>Bergomensis,</span> <span class='ocrx_word' id='word_1_848' title='bbox 1004 3257 1082 3279; x_wconf 89' lang='lat' dir='ltr'>cum</span> <span class='ocrx_word' id='word_1_849' title='bbox 1099 3257 1161 3278; x_wconf 88' lang='lat' dir='ltr'>suo</span> <span class='ocrx_word' id='word_1_850' title='bbox 1178 3247 1266 3278; x_wconf 91' lang='lat' dir='ltr'>clero</span> 
     </span>
     <span class='ocr_line' id='line_1_104' title="bbox 173 3291 1266 3337; baseline -0.005 -10"><span class='ocrx_word' id='word_1_851' title='bbox 173 3300 208 3328; x_wconf 89' lang='lat' dir='ltr'>et</span> <span class='ocrx_word' id='word_1_852' title='bbox 230 3294 372 3337; x_wconf 83' lang='lat' dir='ltr'>populo,</span> <span class='ocrx_word' id='word_1_853' title='bbox 396 3294 525 3327; x_wconf 89' lang='lat' dir='ltr'>collatis</span> <span class='ocrx_word' id='word_1_854' title='bbox 548 3293 701 3326; x_wconf 91' lang='lat' dir='ltr'>subsidiis</span> <span class='ocrx_word' id='word_1_855' title='bbox 724 3294 949 3335; x_wconf 88' lang='lat' dir='ltr'>acquisierunt</span> <span class='ocrx_word' id='word_1_856' title='bbox 972 3302 1041 3330; x_wconf 91' lang='lat' dir='ltr'>eos,</span> <span class='ocrx_word' id='word_1_857' title='bbox 1066 3298 1099 3323; x_wconf 91' lang='lat' dir='ltr'>et</span> <span class='ocrx_word' id='word_1_858' title='bbox 1126 3291 1266 3323; x_wconf 89' lang='lat' dir='ltr'>Summo</span> 
     </span>
     <span class='ocr_line' id='line_1_105' title="bbox 174 3337 1265 3377; baseline -0.005 -5"><span class='ocrx_word' id='word_1_859' title='bbox 174 3339 328 3372; x_wconf 87' lang='lat' dir='ltr'>Pontifici</span> <span class='ocrx_word' id='word_1_860' title='bbox 350 3340 411 3372; x_wconf 89' lang='lat' dir='ltr'>Pio</span> <span class='ocrx_word' id='word_1_861' title='bbox 428 3339 473 3372; x_wconf 81' lang='lat' dir='ltr'>lx</span> <span class='ocrx_word' id='word_1_862' title='bbox 491 3339 584 3371; x_wconf 89' lang='lat' dir='ltr'>dono</span> <span class='ocrx_word' id='word_1_863' title='bbox 605 3339 807 3376; x_wconf 82' lang='lat' dir='ltr'>obtulerunt,</span> <span class='ocrx_word' id='word_1_864' title='bbox 830 3348 945 3370; x_wconf 89' lang='lat' dir='ltr'>mense</span> <span class='ocrx_word' id='word_1_865' title='bbox 969 3338 1145 3370; x_wconf 84' lang='lat' dir='ltr'>Decembri</span> <span class='ocrx_word' id='word_1_866' title='bbox 1170 3337 1265 3377; x_wconf 81' lang='lat'>1876,</span> 
     </span>
     <span class='ocr_line' id='line_1_106' title="bbox 175 3382 1266 3427; baseline -0.004 -11"><span class='ocrx_word' id='word_1_867' title='bbox 175 3386 234 3427; x_wconf 90' lang='lat' dir='ltr'>qui</span> <span class='ocrx_word' id='word_1_868' title='bbox 258 3395 316 3416; x_wconf 89' lang='lat' dir='ltr'>eos</span> <span class='ocrx_word' id='word_1_869' title='bbox 342 3386 377 3416; x_wconf 91' lang='lat' dir='ltr'>in</span> <span class='ocrx_word' id='word_1_870' title='bbox 401 3385 607 3416; x_wconf 88' lang='lat' dir='ltr'>Bibliotheca</span> <span class='ocrx_word' id='word_1_871' title='bbox 630 3384 788 3416; x_wconf 86' lang='lat' dir='ltr'>Vaticana</span> <span class='ocrx_word' id='word_1_872' title='bbox 814 3384 897 3425; x_wconf 92' lang='lat' dir='ltr'>poni</span> <span class='ocrx_word' id='word_1_873' title='bbox 919 3384 1022 3414; x_wconf 90' lang='lat' dir='ltr'>iussit.</span> <span class='ocrx_word' id='word_1_874' title='bbox 1048 3382 1085 3413; x_wconf 93' lang='lat' dir='ltr'>ln</span> <span class='ocrx_word' id='word_1_875' title='bbox 1108 3382 1266 3413; x_wconf 90' lang='lat' dir='ltr'>volumen</span> 
     </span>
     <span class='ocr_line' id='line_1_107' title="bbox 174 3427 1266 3472; baseline -0.005 -10"><span class='ocrx_word' id='word_1_876' title='bbox 174 3431 216 3463; x_wconf 89' lang='lat' dir='ltr'>de</span> <span class='ocrx_word' id='word_1_877' title='bbox 240 3440 309 3472; x_wconf 92' lang='lat' dir='ltr'>quo</span> <span class='ocrx_word' id='word_1_878' title='bbox 333 3439 433 3472; x_wconf 89' lang='lat' dir='ltr'>supra</span> <span class='ocrx_word' id='word_1_879' title='bbox 456 3429 623 3471; x_wconf 87' lang='lat' dir='ltr'>compacti</span> <span class='ocrx_word' id='word_1_880' title='bbox 647 3435 734 3467; x_wconf 89' lang='lat' dir='ltr'>sunt,</span> <span class='ocrx_word' id='word_1_881' title='bbox 758 3429 921 3461; x_wconf 83' lang='lat' dir='ltr'>adiunctis</span> <span class='ocrx_word' id='word_1_882' title='bbox 946 3429 1095 3459; x_wconf 88' lang='lat' dir='ltr'>oratione</span> <span class='ocrx_word' id='word_1_883' title='bbox 1123 3427 1266 3467; x_wconf 86' lang='lat' dir='ltr'>quaein</span> 
     </span>
     <span class='ocr_line' id='line_1_108' title="bbox 174 3471 1265 3512; baseline -0.006 -4"><span class='ocrx_word' id='word_1_884' title='bbox 174 3481 250 3508; x_wconf 90' lang='lat' dir='ltr'>actu</span> <span class='ocrx_word' id='word_1_885' title='bbox 273 3475 451 3507; x_wconf 89' lang='lat' dir='ltr'>oblationis</span> <span class='ocrx_word' id='word_1_886' title='bbox 478 3485 591 3507; x_wconf 88' lang='lat' dir='ltr'>coram</span> <span class='ocrx_word' id='word_1_887' title='bbox 613 3474 775 3508; x_wconf 89' lang='lat' dir='ltr'>Pontifice</span> <span class='ocrx_word' id='word_1_888' title='bbox 802 3475 887 3506; x_wconf 86' lang='lat' dir='ltr'>lecta</span> <span class='ocrx_word' id='word_1_889' title='bbox 914 3479 972 3510; x_wconf 87' lang='lat' dir='ltr'>est,</span> <span class='ocrx_word' id='word_1_890' title='bbox 1001 3479 1032 3504; x_wconf 89' lang='lat' dir='ltr'>et</span> <span class='ocrx_word' id='word_1_891' title='bbox 1055 3472 1153 3512; x_wconf 90' lang='lat' dir='ltr'>copia</span> <span class='ocrx_word' id='word_1_892' title='bbox 1180 3471 1265 3502; x_wconf 90' lang='lat' dir='ltr'>litte-</span> 
     </span>
     <span class='ocr_line' id='line_1_109' title="bbox 173 3515 1264 3562; baseline -0.005 -10"><span class='ocrx_word' id='word_1_893' title='bbox 173 3531 284 3553; x_wconf 85' lang='lat' dir='ltr'>rarum</span> <span class='ocrx_word' id='word_1_894' title='bbox 307 3521 429 3562; x_wconf 87' lang='lat' dir='ltr'>quibus</span> <span class='ocrx_word' id='word_1_895' title='bbox 460 3521 532 3561; x_wconf 90' lang='lat' dir='ltr'>ipse</span> <span class='ocrx_word' id='word_1_896' title='bbox 561 3525 672 3562; x_wconf 86' lang='lat' dir='ltr'>g1·atos</span> <span class='ocrx_word' id='word_1_897' title='bbox 698 3521 750 3552; x_wconf 90' lang='lat' dir='ltr'>sui</span> <span class='ocrx_word' id='word_1_898' title='bbox 781 3520 883 3551; x_wconf 91' lang='lat' dir='ltr'>animi</span> <span class='ocrx_word' id='word_1_899' title='bbox 915 3527 1030 3549; x_wconf 89' lang='lat' dir='ltr'>sensus</span> <span class='ocrx_word' id='word_1_900' title='bbox 1060 3515 1264 3557; x_wconf 88' lang='lat' dir='ltr'>significavit.</span> 
     </span>
     <span class='ocr_line' id='line_1_110' title="bbox 174 3561 1264 3607; baseline -0.004 -10"><span class='ocrx_word' id='word_1_901' title='bbox 174 3566 374 3607; x_wconf 82' lang='lat' dir='ltr'>Adiungitur</span> <span class='ocrx_word' id='word_1_902' title='bbox 397 3566 496 3597; x_wconf 81' lang='lat' dir='ltr'>etiam</span> <span class='ocrx_word' id='word_1_903' title='bbox 520 3565 762 3598; x_wconf 89' lang='lat' dir='ltr'>documentum</span> <span class='ocrx_word' id='word_1_904' title='bbox 779 3575 848 3606; x_wconf 92' lang='lat' dir='ltr'>quo</span> <span class='ocrx_word' id='word_1_905' title='bbox 868 3564 964 3595; x_wconf 88' lang='lat' dir='ltr'>frater</span> <span class='ocrx_word' id='word_1_906' title='bbox 980 3562 1155 3593; x_wconf 90' lang='lat' dir='ltr'>Ioachinus</span> <span class='ocrx_word' id='word_1_907' title='bbox 1179 3561 1264 3593; x_wconf 91' lang='lat' dir='ltr'>Tur-</span> 
     </span>
     <span class='ocr_line' id='line_1_111' title="bbox 171 3606 1264 3652; baseline -0.005 -10"><span class='ocrx_word' id='word_1_908' title='bbox 171 3611 294 3648; x_wconf 88' lang='lat' dir='ltr'>rianus,</span> <span class='ocrx_word' id='word_1_909' title='bbox 334 3611 488 3652; x_wconf 84' lang='lat' dir='ltr'>Magister</span> <span class='ocrx_word' id='word_1_910' title='bbox 522 3610 693 3643; x_wconf 88' lang='lat' dir='ltr'>Generalis</span> <span class='ocrx_word' id='word_1_911' title='bbox 728 3610 860 3641; x_wconf 90' lang='lat' dir='ltr'>Ordinis</span> <span class='ocrx_word' id='word_1_912' title='bbox 895 3607 1175 3643; x_wconf 67' lang='lat' dir='ltr'>Praedicator-um,</span> <span class='ocrx_word' id='word_1_913' title='bbox 1211 3606 1264 3637; x_wconf 89' lang='lat' dir='ltr'>die</span> 
     </span>
     <span class='ocr_line' id='line_1_112' title="bbox 179 3651 1263 3697; baseline -0.005 -11"><span class='ocrx_word' id='word_1_914' title='bbox 179 3665 218 3687; x_wconf 91' lang='grc'>10</span> <span class='ocrx_word' id='word_1_915' title='bbox 241 3656 444 3697; x_wconf 82' lang='lat' dir='ltr'>Septembris</span> <span class='ocrx_word' id='word_1_916' title='bbox 466 3666 556 3688; x_wconf 89' lang='lat' dir='ltr'>anno</span> <span class='ocrx_word' id='word_1_917' title='bbox 584 3664 681 3696; x_wconf 80' lang='lat'>1490,</span> <span class='ocrx_word' id='word_1_918' title='bbox 706 3656 767 3686; x_wconf 91' lang='lat' dir='ltr'>sub</span> <span class='ocrx_word' id='word_1_919' title='bbox 791 3659 969 3695; x_wconf 89' lang='lat' dir='ltr'>praecepto</span> <span class='ocrx_word' id='word_1_920' title='bbox 994 3651 1123 3682; x_wconf 89' lang='lat' dir='ltr'>formali</span> <span class='ocrx_word' id='word_1_921' title='bbox 1151 3652 1263 3692; x_wconf 89' lang='lat' dir='ltr'>prohi-</span> 
     </span>
     <span class='ocr_line' id='line_1_113' title="bbox 172 3697 1147 3742; baseline -0.008 -9"><span class='ocrx_word' id='word_1_922' title='bbox 172 3702 244 3733; x_wconf 88' lang='lat' dir='ltr'>buit</span> <span class='ocrx_word' id='word_1_923' title='bbox 267 3697 309 3733; x_wconf 88' lang='lat' dir='ltr'>ne</span> <span class='ocrx_word' id='word_1_924' title='bbox 333 3701 443 3742; x_wconf 87' lang='lat' dir='ltr'>aliqua</span> <span class='ocrx_word' id='word_1_925' title='bbox 466 3702 576 3742; x_wconf 89' lang='lat' dir='ltr'>portio</span> <span class='ocrx_word' id='word_1_926' title='bbox 601 3700 883 3741; x_wconf 88' lang='lat' dir='ltr'>autographorum</span> <span class='ocrx_word' id='word_1_927' title='bbox 907 3697 1147 3728; x_wconf 85' lang='lat' dir='ltr'>distraheretur.</span> 
     </span>
    </p>
   </div>
   <div class='ocr_carea' id='block_1_8' title="bbox 1325 2288 2220 2333">
    <p class='ocr_par' dir='ltr' id='par_1_13' title="bbox 1325 2288 2220 2333">
     <span class='ocr_line' id='line_1_114' title="bbox 1325 2288 2220 2333; baseline 0.001 -2"><span class='ocrx_word' id='word_1_928' title='bbox 1325 2288 1592 2332; x_wconf 88' lang='lat' dir='ltr'>SUMMAE</span> <span class='ocrx_word' id='word_1_929' title='bbox 1626 2289 1882 2332; x_wconf 87' lang='lat' dir='ltr'>CONTRA</span> <span class='ocrx_word' id='word_1_930' title='bbox 1917 2290 2220 2333; x_wconf 86' lang='lat' dir='ltr'>GENTILES</span> 
     </span>
    </p>
   </div>
   <div class='ocr_carea' id='block_1_9' title="bbox 1323 2387 2409 2881">
    <p class='ocr_par' dir='ltr' id='par_1_14' title="bbox 1323 2387 2409 2881">
     <span class='ocr_line' id='line_1_115' title="bbox 1382 2387 2409 2430; baseline 0.002 -11"><span class='ocrx_word' id='word_1_931' title='bbox 1382 2387 1475 2419; x_wconf 90' lang='lat' dir='ltr'>Folia</span> <span class='ocrx_word' id='word_1_932' title='bbox 1501 2387 1625 2419; x_wconf 92' lang='lat' dir='ltr'>codicis</span> <span class='ocrx_word' id='word_1_933' title='bbox 1650 2388 1796 2419; x_wconf 87' lang='lat' dir='ltr'>Vaticani</span> <span class='ocrx_word' id='word_1_934' title='bbox 1823 2397 1963 2419; x_wconf 87' lang='lat' dir='ltr'>numero</span> <span class='ocrx_word' id='word_1_935' title='bbox 1991 2394 2067 2419; x_wconf 89' lang='lat' dir='ltr'>sunt</span> <span class='ocrx_word' id='word_1_936' title='bbox 2094 2394 2226 2420; x_wconf 89' lang='lat' dir='ltr'>centum</span> <span class='ocrx_word' id='word_1_937' title='bbox 2254 2395 2286 2420; x_wconf 89' lang='lat' dir='ltr'>et</span> <span class='ocrx_word' id='word_1_938' title='bbox 2313 2390 2409 2430; x_wconf 89' lang='lat' dir='ltr'>quin-</span> 
     </span>
     <span class='ocr_line' id='line_1_116' title="bbox 1327 2431 2408 2475; baseline 0.002 -11"><span class='ocrx_word' id='word_1_939' title='bbox 1327 2431 1451 2464; x_wconf 87' lang='lat' dir='ltr'>decim:</span> <span class='ocrx_word' id='word_1_940' title='bbox 1477 2442 1622 2474; x_wconf 88' lang='lat' dir='ltr'>quorum</span> <span class='ocrx_word' id='word_1_941' title='bbox 1646 2434 1790 2474; x_wconf 88' lang='lat' dir='ltr'>primum</span> <span class='ocrx_word' id='word_1_942' title='bbox 1807 2439 1839 2464; x_wconf 92' lang='lat' dir='ltr'>et</span> <span class='ocrx_word' id='word_1_943' title='bbox 1864 2433 2016 2464; x_wconf 90' lang='lat' dir='ltr'>ultimum</span> <span class='ocrx_word' id='word_1_944' title='bbox 2032 2439 2107 2464; x_wconf 90' lang='lat' dir='ltr'>sunt</span> <span class='ocrx_word' id='word_1_945' title='bbox 2124 2433 2207 2465; x_wconf 89' lang='lat' dir='ltr'>duae</span> <span class='ocrx_word' id='word_1_946' title='bbox 2231 2439 2336 2475; x_wconf 89' lang='lat' dir='ltr'>partes</span> <span class='ocrx_word' id='word_1_947' title='bbox 2359 2435 2408 2466; x_wconf 88' lang='lat' dir='ltr'>in-</span> 
     </span>
     <span class='ocr_line' id='line_1_117' title="bbox 1326 2478 2407 2520; baseline 0.001 -11"><span class='ocrx_word' id='word_1_948' title='bbox 1326 2478 1471 2516; x_wconf 88' lang='lat' dir='ltr'>volucri;</span> <span class='ocrx_word' id='word_1_949' title='bbox 1497 2478 1681 2510; x_wconf 91' lang='lat' dir='ltr'>secundum</span> <span class='ocrx_word' id='word_1_950' title='bbox 1706 2484 1738 2510; x_wconf 88' lang='lat' dir='ltr'>et</span> <span class='ocrx_word' id='word_1_951' title='bbox 1764 2479 1933 2520; x_wconf 89' lang='lat' dir='ltr'>sequentia</span> <span class='ocrx_word' id='word_1_952' title='bbox 1961 2488 2067 2519; x_wconf 90' lang='lat' dir='ltr'>usque</span> <span class='ocrx_word' id='word_1_953' title='bbox 2096 2479 2138 2510; x_wconf 91' lang='lat' dir='ltr'>ad</span> <span class='ocrx_word' id='word_1_954' title='bbox 2167 2480 2407 2520; x_wconf 87' lang='lat' dir='ltr'>octogesimum</span> 
     </span>
     <span class='ocr_line' id='line_1_118' title="bbox 1325 2523 2407 2564; baseline 0 -9"><span class='ocrx_word' id='word_1_955' title='bbox 1325 2533 1456 2555; x_wconf 90' lang='lat' dir='ltr'>nonum</span> <span class='ocrx_word' id='word_1_956' title='bbox 1475 2524 1633 2555; x_wconf 89' lang='lat' dir='ltr'>inclusive</span> <span class='ocrx_word' id='word_1_957' title='bbox 1650 2523 1829 2564; x_wconf 83' lang='lat' dir='ltr'>fragmenta</span> <span class='ocrx_word' id='word_1_958' title='bbox 1845 2523 2001 2555; x_wconf 88' lang='lat' dir='ltr'>Summae</span> <span class='ocrx_word' id='word_1_959' title='bbox 2018 2523 2142 2555; x_wconf 89' lang='lat' dir='ltr'>Contra</span> <span class='ocrx_word' id='word_1_960' title='bbox 2158 2523 2304 2556; x_wconf 89' lang='lat' dir='ltr'>Gentiles</span> <span class='ocrx_word' id='word_1_961' title='bbox 2319 2525 2407 2555; x_wconf 90' lang='lat' dir='ltr'>exhi-</span> 
     </span>
     <span class='ocr_line' id='line_1_119' title="bbox 1326 2568 2406 2610; baseline 0 -10"><span class='ocrx_word' id='word_1_962' title='bbox 1326 2569 1420 2606; x_wconf 84' lang='lat' dir='ltr'>bent;</span> <span class='ocrx_word' id='word_1_963' title='bbox 1451 2570 1705 2610; x_wconf 88' lang='lat' dir='ltr'>nonagesimum</span> <span class='ocrx_word' id='word_1_964' title='bbox 1736 2579 1813 2600; x_wconf 88' lang='lat' dir='ltr'>cum</span> <span class='ocrx_word' id='word_1_965' title='bbox 1846 2569 1960 2600; x_wconf 89' lang='lat' dir='ltr'>ceteris</span> <span class='ocrx_word' id='word_1_966' title='bbox 1992 2579 2096 2610; x_wconf 88' lang='lat' dir='ltr'>usque</span> <span class='ocrx_word' id='word_1_967' title='bbox 2121 2568 2161 2600; x_wconf 89' lang='lat' dir='ltr'>ad</span> <span class='ocrx_word' id='word_1_968' title='bbox 2192 2570 2406 2601; x_wconf 89' lang='lat' dir='ltr'>centesimum</span> 
     </span>
     <span class='ocr_line' id='line_1_120' title="bbox 1325 2613 2404 2655; baseline 0 -10"><span class='ocrx_word' id='word_1_969' title='bbox 1325 2613 1493 2646; x_wconf 87' lang='lat' dir='ltr'>decimum</span> <span class='ocrx_word' id='word_1_970' title='bbox 1522 2619 1686 2655; x_wconf 89' lang='lat' dir='ltr'>quartum,</span> <span class='ocrx_word' id='word_1_971' title='bbox 1718 2615 1953 2645; x_wconf 85' lang='lat' dir='ltr'>commentaria</span> <span class='ocrx_word' id='word_1_972' title='bbox 1982 2615 2015 2645; x_wconf 89' lang='lat' dir='ltr'>in</span> <span class='ocrx_word' id='word_1_973' title='bbox 2046 2614 2160 2645; x_wconf 80' lang='lat' dir='ltr'>isaiam</span> <span class='ocrx_word' id='word_1_974' title='bbox 2187 2621 2219 2646; x_wconf 90' lang='lat' dir='ltr'>et</span> <span class='ocrx_word' id='word_1_975' title='bbox 2241 2615 2404 2646; x_wconf 89' lang='lat' dir='ltr'>Boetium.</span> 
     </span>
     <span class='ocr_line' id='line_1_121' title="bbox 1325 2658 2405 2700; baseline -0.001 -9"><span class='ocrx_word' id='word_1_976' title='bbox 1325 2659 1518 2691; x_wconf 86' lang='lat' dir='ltr'>Notandum</span> <span class='ocrx_word' id='word_1_977' title='bbox 1533 2666 1642 2691; x_wconf 88' lang='lat' dir='ltr'>tamen</span> <span class='ocrx_word' id='word_1_978' title='bbox 1661 2659 1753 2700; x_wconf 89' lang='lat' dir='ltr'>quod</span> <span class='ocrx_word' id='word_1_979' title='bbox 1769 2658 1848 2690; x_wconf 87' lang='lat' dir='ltr'>folia</span> <span class='ocrx_word' id='word_1_980' title='bbox 1862 2669 1918 2699; x_wconf 90' lang='lat'>40,</span> <span class='ocrx_word' id='word_1_981' title='bbox 1941 2667 1979 2699; x_wconf 87' lang='grc'>41</span> <span class='ocrx_word' id='word_1_982' title='bbox 2002 2665 2034 2690; x_wconf 88' lang='grc'>01</span> <span class='ocrx_word' id='word_1_983' title='bbox 2056 2667 2118 2699; x_wconf 82' lang='grc'>104</span> <span class='ocrx_word' id='word_1_984' title='bbox 2133 2669 2203 2691; x_wconf 88' lang='lat' dir='ltr'>non</span> <span class='ocrx_word' id='word_1_985' title='bbox 2218 2665 2293 2691; x_wconf 91' lang='lat' dir='ltr'>sunt</span> <span class='ocrx_word' id='word_1_986' title='bbox 2313 2666 2405 2691; x_wconf 92' lang='lat' dir='ltr'>auto-</span> 
     </span>
     <span class='ocr_line' id='line_1_122' title="bbox 1324 2703 2405 2746; baseline -0.001 -10"><span class='ocrx_word' id='word_1_987' title='bbox 1324 2705 1457 2746; x_wconf 86' lang='lat' dir='ltr'>grapha,</span> <span class='ocrx_word' id='word_1_988' title='bbox 1487 2704 1544 2736; x_wconf 89' lang='lat' dir='ltr'>sed</span> <span class='ocrx_word' id='word_1_989' title='bbox 1573 2710 1650 2735; x_wconf 88' lang='lat' dir='ltr'>sunt</span> <span class='ocrx_word' id='word_1_990' title='bbox 1677 2705 1794 2745; x_wconf 88' lang='lat' dir='ltr'>copiae</span> <span class='ocrx_word' id='word_1_991' title='bbox 1826 2703 2015 2744; x_wconf 87' lang='lat' dir='ltr'>diplomatis</span> <span class='ocrx_word' id='word_1_992' title='bbox 2038 2705 2203 2735; x_wconf 82' lang='lat' dir='ltr'>existentis</span> <span class='ocrx_word' id='word_1_993' title='bbox 2226 2704 2405 2739; x_wconf 87' lang='lat' dir='ltr'>Mediolani</span> 
     </span>
     <span class='ocr_line' id='line_1_123' title="bbox 1323 2749 2405 2790; baseline -0.001 -9"><span class='ocrx_word' id='word_1_994' title='bbox 1323 2751 1358 2781; x_wconf 91' lang='lat' dir='ltr'>in</span> <span class='ocrx_word' id='word_1_995' title='bbox 1373 2750 1579 2781; x_wconf 88' lang='lat' dir='ltr'>Bibliotheca</span> <span class='ocrx_word' id='word_1_996' title='bbox 1594 2750 1820 2786; x_wconf 77' lang='lat' dir='ltr'>Ambrosiam,</span> <span class='ocrx_word' id='word_1_997' title='bbox 1835 2755 1867 2780; x_wconf 90' lang='lat' dir='ltr'>et</span> <span class='ocrx_word' id='word_1_998' title='bbox 1882 2749 2007 2780; x_wconf 90' lang='lat' dir='ltr'>dimidii</span> <span class='ocrx_word' id='word_1_999' title='bbox 2023 2749 2211 2790; x_wconf 89' lang='lat' dir='ltr'>diplomatis</span> <span class='ocrx_word' id='word_1_1000' title='bbox 2224 2750 2405 2780; x_wconf 83' lang='lat' dir='ltr'>conservati</span> 
     </span>
     <span class='ocr_line' id='line_1_124' title="bbox 1324 2793 2404 2834; baseline -0.001 -8"><span class='ocrx_word' id='word_1_1001' title='bbox 1324 2795 1451 2826; x_wconf 86' lang='lat' dir='ltr'>Rornae</span> <span class='ocrx_word' id='word_1_1002' title='bbox 1479 2796 1512 2826; x_wconf 93' lang='lat' dir='ltr'>in</span> <span class='ocrx_word' id='word_1_1003' title='bbox 1541 2795 1744 2826; x_wconf 89' lang='lat' dir='ltr'>Bibliotheca</span> <span class='ocrx_word' id='word_1_1004' title='bbox 1774 2793 1994 2825; x_wconf 87' lang='lat' dir='ltr'>Casanatensi.</span> <span class='ocrx_word' id='word_1_1005' title='bbox 2027 2794 2187 2825; x_wconf 88' lang='lat' dir='ltr'>Fasciculi</span> <span class='ocrx_word' id='word_1_1006' title='bbox 2216 2794 2404 2834; x_wconf 83' lang='lat' dir='ltr'>coalescunt</span> 
     </span>
     <span class='ocr_line' id='line_1_125' title="bbox 1323 2838 2403 2881; baseline -0.002 -9"><span class='ocrx_word' id='word_1_1007' title='bbox 1323 2850 1362 2872; x_wconf 86' lang='lat' dir='ltr'>ex</span> <span class='ocrx_word' id='word_1_1008' title='bbox 1386 2840 1621 2881; x_wconf 89' lang='lat' dir='ltr'>diplomatibus</span> <span class='ocrx_word' id='word_1_1009' title='bbox 1646 2849 1788 2880; x_wconf 89' lang='lat' dir='ltr'>quorum</span> <span class='ocrx_word' id='word_1_1010' title='bbox 1813 2839 1959 2880; x_wconf 89' lang='lat' dir='ltr'>singulae</span> <span class='ocrx_word' id='word_1_1011' title='bbox 1975 2839 2114 2879; x_wconf 87' lang='lat' dir='ltr'>paginae</span> <span class='ocrx_word' id='word_1_1012' title='bbox 2130 2838 2210 2870; x_wconf 90' lang='lat' dir='ltr'>duas</span> <span class='ocrx_word' id='word_1_1013' title='bbox 2233 2839 2403 2870; x_wconf 89' lang='lat' dir='ltr'>columnas</span> 
     </span>
    </p>
   </div>
   <div class='ocr_carea' id='block_1_10' title="bbox 1310 2886 2433 3735">
    <p class='ocr_par' dir='ltr' id='par_1_15' title="bbox 1323 2886 1455 2917">
     <span class='ocr_line' id='line_1_126' title="bbox 1323 2886 1455 2917; baseline -0.008 0"><span class='ocrx_word' id='word_1_1014' title='bbox 1323 2886 1455 2917; x_wconf 89' lang='lat' dir='ltr'>habent.</span> 
     </span>
    </p>

    <p class='ocr_par' dir='ltr' id='par_1_16' title="bbox 1323 2927 2403 3062">
     <span class='ocr_line' id='line_1_127' title="bbox 1379 2927 2403 2970; baseline -0.002 -8"><span class='ocrx_word' id='word_1_1015' title='bbox 1379 2931 1544 2962; x_wconf 88' lang='lat' dir='ltr'>Numerus</span> <span class='ocrx_word' id='word_1_1016' title='bbox 1567 2929 1786 2970; x_wconf 90' lang='lat' dir='ltr'>diplomatum</span> <span class='ocrx_word' id='word_1_1017' title='bbox 1814 2930 1846 2959; x_wconf 89' lang='lat' dir='ltr'>in</span> <span class='ocrx_word' id='word_1_1018' title='bbox 1879 2937 2086 2969; x_wconf 90' lang='lat' dir='ltr'>unoquoque</span> <span class='ocrx_word' id='word_1_1019' title='bbox 2117 2927 2272 2959; x_wconf 90' lang='lat' dir='ltr'>fasciculo</span> <span class='ocrx_word' id='word_1_1020' title='bbox 2297 2930 2403 2960; x_wconf 86' lang='lat' dir='ltr'>statim</span> 
     </span>
     <span class='ocr_line' id='line_1_128' title="bbox 1324 2972 2403 3017; baseline -0.002 -11"><span class='ocrx_word' id='word_1_1021' title='bbox 1324 2976 1455 3017; x_wconf 86' lang='lat' dir='ltr'>patebit.</span> <span class='ocrx_word' id='word_1_1022' title='bbox 1488 2975 1679 3006; x_wconf 89' lang='lat' dir='ltr'>Numeratio</span> <span class='ocrx_word' id='word_1_1023' title='bbox 1710 2974 1891 3005; x_wconf 88' lang='lat' dir='ltr'>successiva</span> <span class='ocrx_word' id='word_1_1024' title='bbox 1922 2972 2009 3004; x_wconf 86' lang='lat' dir='ltr'>foliis</span> <span class='ocrx_word' id='word_1_1025' title='bbox 2036 2974 2184 3014; x_wconf 85' lang='lat' dir='ltr'>apposita</span> <span class='ocrx_word' id='word_1_1026' title='bbox 2212 2979 2260 3004; x_wconf 89' lang='lat' dir='ltr'>est</span> <span class='ocrx_word' id='word_1_1027' title='bbox 2286 2983 2403 3004; x_wconf 90' lang='lat' dir='ltr'>manu—</span> 
     </span>
     <span class='ocr_line' id='line_1_129' title="bbox 1323 3018 2222 3062; baseline -0.001 -10"><span class='ocrx_word' id='word_1_1028' title='bbox 1323 3022 1444 3062; x_wconf 88' lang='lat' dir='ltr'>scripto</span> <span class='ocrx_word' id='word_1_1029' title='bbox 1468 3021 1534 3051; x_wconf 88' lang='lat' dir='ltr'>iam</span> <span class='ocrx_word' id='word_1_1030' title='bbox 1556 3019 1779 3051; x_wconf 88' lang='lat' dir='ltr'>Bibliothecae</span> <span class='ocrx_word' id='word_1_1031' title='bbox 1802 3019 1977 3049; x_wconf 86' lang='lat' dir='ltr'>Vaticanae</span> <span class='ocrx_word' id='word_1_1032' title='bbox 2000 3018 2222 3059; x_wconf 85' lang='lat' dir='ltr'>incorporato.</span> 
     </span>
    </p>

    <p class='ocr_par' dir='ltr' id='par_1_17' title="bbox 1310 3062 2433 3558">
     <span class='ocr_line' id='line_1_130' title="bbox 1378 3062 2401 3104; baseline -0.002 -8"><span class='ocrx_word' id='word_1_1033' title='bbox 1378 3066 1587 3097; x_wconf 82' lang='lat' dir='ltr'>involucrum</span> <span class='ocrx_word' id='word_1_1034' title='bbox 1613 3064 1739 3095; x_wconf 89' lang='lat' dir='ltr'>videtur</span> <span class='ocrx_word' id='word_1_1035' title='bbox 1763 3073 1833 3094; x_wconf 90' lang='lat' dir='ltr'>esse</span> <span class='ocrx_word' id='word_1_1036' title='bbox 1852 3062 1970 3094; x_wconf 81' lang='lat' dir='ltr'>folium</span> <span class='ocrx_word' id='word_1_1037' title='bbox 1986 3062 2178 3104; x_wconf 87' lang='lat' dir='ltr'>decerptum</span> <span class='ocrx_word' id='word_1_1038' title='bbox 2202 3073 2242 3094; x_wconf 82' lang='lat' dir='ltr'>ex</span> <span class='ocrx_word' id='word_1_1039' title='bbox 2265 3064 2401 3103; x_wconf 88' lang='lat' dir='ltr'>antiquo</span> 
     </span>
     <span class='ocr_line' id='line_1_131' title="bbox 1321 3107 2402 3149; baseline -0.004 -7"><span class='ocrx_word' id='word_1_1040' title='bbox 1321 3111 1403 3142; x_wconf 89' lang='lat' dir='ltr'>libro</span> <span class='ocrx_word' id='word_1_1041' title='bbox 1432 3110 1565 3141; x_wconf 89' lang='lat' dir='ltr'>chorali.</span> <span class='ocrx_word' id='word_1_1042' title='bbox 1595 3109 1780 3140; x_wconf 90' lang='lat' dir='ltr'>Inscribitur</span> <span class='ocrx_word' id='word_1_1043' title='bbox 1813 3109 2050 3139; x_wconf 88' lang='lat' dir='ltr'>characteribus</span> <span class='ocrx_word' id='word_1_1044' title='bbox 2080 3107 2306 3148; x_wconf 85' lang='lat' dir='ltr'>grandioribus</span> <span class='ocrx_word' id='word_1_1045' title='bbox 2334 3107 2402 3149; x_wconf 79' lang='lat' dir='ltr'>fere</span> 
     </span>
     <span class='ocr_line' id='line_1_132' title="bbox 1321 3152 2400 3187; baseline -0.004 0"><span class='ocrx_word' id='word_1_1046' title='bbox 1321 3156 1466 3187; x_wconf 88' lang='lat' dir='ltr'>abolitis:</span> <span class='ocrx_word' id='word_1_1047' title='bbox 1491 3155 1594 3186; x_wconf 69' lang='lat' dir='ltr'>Com.</span> <span class='ocrx_word' id='word_1_1048' title='bbox 1621 3164 1771 3184; x_wconf 68' lang='lat' dir='ltr'>oanrrms</span> <span class='ocrx_word' id='word_1_1049' title='bbox 1795 3163 1924 3184; x_wconf 66' lang='lat' dir='ltr'>marius</span> <span class='ocrx_word' id='word_1_1050' title='bbox 1947 3162 2056 3183; x_wconf 69' lang='grc'><strong>’11101111</strong></span> <span class='ocrx_word' id='word_1_1051' title='bbox 2080 3163 2121 3183; x_wconf 77' lang='lat' dir='ltr'>nn</span> <span class='ocrx_word' id='word_1_1052' title='bbox 2140 3163 2170 3183; x_wconf 73' lang='grc' dir='ltr'><strong>Α.</strong></span> <span class='ocrx_word' id='word_1_1053' title='bbox 2188 3153 2298 3184; x_wconf 89' lang='lat' dir='ltr'>Primo</span> <span class='ocrx_word' id='word_1_1054' title='bbox 2319 3152 2400 3183; x_wconf 93' lang='lat' dir='ltr'>folio</span> 
     </span>
     <span class='ocr_line' id='line_1_133' title="bbox 1320 3197 2402 3241; baseline -0.005 -9"><span class='ocrx_word' id='word_1_1055' title='bbox 1320 3211 1414 3232; x_wconf 89' lang='lat' dir='ltr'>verso</span> <span class='ocrx_word' id='word_1_1056' title='bbox 1438 3201 1571 3241; x_wconf 88' lang='lat' dir='ltr'>legitur:</span> <span class='ocrx_word' id='word_1_1057' title='bbox 1591 3199 1780 3230; x_wconf 77' lang='lat' dir='ltr'>Conventus</span> <span class='ocrx_word' id='word_1_1058' title='bbox 1795 3197 2009 3238; x_wconf 83' lang='lat' dir='ltr'>Neapolitani</span> <span class='ocrx_word' id='word_1_1059' title='bbox 2026 3198 2184 3238; x_wconf 83' lang='lat' dir='ltr'>scriptum</span> <span class='ocrx_word' id='word_1_1060' title='bbox 2197 3207 2262 3238; x_wconf 82' lang='lat' dir='ltr'>per</span> <span class='ocrx_word' id='word_1_1061' title='bbox 2284 3207 2402 3228; x_wconf 81' lang='lat' dir='ltr'>manus</span> 
     </span>
     <span class='ocr_line' id='line_1_134' title="bbox 1324 3243 2401 3285; baseline -0.005 -8"><span class='ocrx_word' id='word_1_1062' title='bbox 1324 3247 1446 3277; x_wconf 81' lang='lat' dir='ltr'>Tltome</span> <span class='ocrx_word' id='word_1_1063' title='bbox 1468 3245 1509 3276; x_wconf 83' lang='lat' dir='ltr'>de</span> <span class='ocrx_word' id='word_1_1064' title='bbox 1531 3244 1672 3285; x_wconf 83' lang='lat' dir='ltr'>Aquino.</span> <span class='ocrx_word' id='word_1_1065' title='bbox 1689 3244 1767 3274; x_wconf 89' lang='lat' dir='ltr'>Post</span> <span class='ocrx_word' id='word_1_1066' title='bbox 1789 3243 2032 3274; x_wconf 85' lang='lat' dir='ltr'>translationem</span> <span class='ocrx_word' id='word_1_1067' title='bbox 2049 3243 2083 3272; x_wconf 89' lang='lat' dir='ltr'>in</span> <span class='ocrx_word' id='word_1_1068' title='bbox 2100 3243 2301 3282; x_wconf 86' lang='lat' dir='ltr'>Bergomum</span> <span class='ocrx_word' id='word_1_1069' title='bbox 2324 3243 2401 3273; x_wconf 87' lang='lat' dir='ltr'>scri-</span> 
     </span>
     <span class='ocr_line' id='line_1_135' title="bbox 1321 3287 2401 3332; baseline -0.004 -10"><span class='ocrx_word' id='word_1_1070' title='bbox 1321 3298 1415 3332; x_wconf 90' lang='lat' dir='ltr'>ptum</span> <span class='ocrx_word' id='word_1_1071' title='bbox 1431 3290 1492 3321; x_wconf 85' lang='lat' dir='ltr'>fuit</span> <span class='ocrx_word' id='word_1_1072' title='bbox 1508 3290 1541 3320; x_wconf 91' lang='lat' dir='ltr'>in</span> <span class='ocrx_word' id='word_1_1073' title='bbox 1557 3290 1744 3320; x_wconf 88' lang='lat' dir='ltr'>summitate</span> <span class='ocrx_word' id='word_1_1074' title='bbox 1759 3288 1857 3328; x_wconf 87' lang='lat' dir='ltr'>primi</span> <span class='ocrx_word' id='word_1_1075' title='bbox 1874 3287 1962 3318; x_wconf 87' lang='lat' dir='ltr'>folii:</span> <span class='ocrx_word' id='word_1_1076' title='bbox 1985 3287 2111 3318; x_wconf 82' lang='lat' dir='ltr'>Contra</span> <span class='ocrx_word' id='word_1_1077' title='bbox 2126 3287 2280 3328; x_wconf 79' lang='lat' dir='ltr'>gentilles</span> <span class='ocrx_word' id='word_1_1078' title='bbox 2294 3288 2401 3318; x_wconf 85' lang='lat' dir='ltr'>sancti</span> 
     </span>
     <span class='ocr_line' id='line_1_136' title="bbox 1321 3332 2401 3374; baseline -0.005 -7"><span class='ocrx_word' id='word_1_1079' title='bbox 1321 3342 1352 3368; x_wconf 88' lang='lat' dir='ltr'>et</span> <span class='ocrx_word' id='word_1_1080' title='bbox 1373 3334 1557 3367; x_wconf 82' lang='lat' dir='ltr'>Reverendi</span> <span class='ocrx_word' id='word_1_1081' title='bbox 1579 3334 1725 3364; x_wconf 83' lang='lat' dir='ltr'>doctoris</span> <span class='ocrx_word' id='word_1_1082' title='bbox 1739 3333 1825 3363; x_wconf 83' lang='lat' dir='ltr'>beati</span> <span class='ocrx_word' id='word_1_1083' title='bbox 1846 3333 1954 3363; x_wconf 77' lang='lat' dir='ltr'>thome</span> <span class='ocrx_word' id='word_1_1084' title='bbox 1969 3332 2009 3362; x_wconf 84' lang='lat' dir='ltr'>de</span> <span class='ocrx_word' id='word_1_1085' title='bbox 2031 3332 2153 3373; x_wconf 84' lang='lat' dir='ltr'>aquino</span> <span class='ocrx_word' id='word_1_1086' title='bbox 2178 3332 2306 3363; x_wconf 80' lang='lat' dir='ltr'>ordinis</span> <span class='ocrx_word' id='word_1_1087' title='bbox 2318 3333 2401 3374; x_wconf 84' lang='lat' dir='ltr'>sra-</span> 
     </span>
     <span class='ocr_line' id='line_1_137' title="bbox 1321 3377 2399 3422; baseline -0.005 -10"><span class='ocrx_word' id='word_1_1088' title='bbox 1321 3387 1407 3412; x_wconf 88' lang='lat' dir='ltr'>trum</span> <span class='ocrx_word' id='word_1_1089' title='bbox 1427 3379 1699 3422; x_wconf 83' lang='lat' dir='ltr'>praedicatorum</span> <span class='ocrx_word' id='word_1_1090' title='bbox 1730 3388 1750 3408; x_wconf 90' lang='lat' dir='ltr'>a</span> <span class='ocrx_word' id='word_1_1091' title='bbox 1779 3387 1843 3419; x_wconf 89' lang='lat' dir='ltr'>quo</span> <span class='ocrx_word' id='word_1_1092' title='bbox 1875 3377 2052 3417; x_wconf 82' lang='lat' dir='ltr'>exemplati</span> <span class='ocrx_word' id='word_1_1093' title='bbox 2080 3382 2158 3407; x_wconf 85' lang='lat' dir='ltr'>sunt</span> <span class='ocrx_word' id='word_1_1094' title='bbox 2187 3386 2301 3408; x_wconf 83' lang='lat' dir='ltr'>omnes</span> <span class='ocrx_word' id='word_1_1095' title='bbox 2329 3377 2399 3408; x_wconf 86' lang='lat' dir='ltr'>alii.</span> 
     </span>
     <span class='ocr_line' id='line_1_138' title="bbox 1319 3421 2433 3468; baseline -0.003 -11"><span class='ocrx_word' id='word_1_1096' title='bbox 1319 3436 1413 3468; x_wconf 85' lang='lat' dir='ltr'>quem</span> <span class='ocrx_word' id='word_1_1097' title='bbox 1435 3426 1554 3456; x_wconf 84' lang='lat' dir='ltr'>librum</span> <span class='ocrx_word' id='word_1_1098' title='bbox 1572 3424 1640 3464; x_wconf 80' lang='lat' dir='ltr'>ipse</span> <span class='ocrx_word' id='word_1_1099' title='bbox 1658 3423 1806 3464; x_wconf 80' lang='lat' dir='ltr'>propriis</span> <span class='ocrx_word' id='word_1_1100' title='bbox 1821 3422 1972 3453; x_wconf 83' lang='lat' dir='ltr'>manibus</span> <span class='ocrx_word' id='word_1_1101' title='bbox 1991 3421 2132 3462; x_wconf 76' lang='lat' dir='ltr'>scripsit.</span> <span class='ocrx_word' id='word_1_1102' title='bbox 2155 3431 2250 3462; x_wconf 88' lang='lat' dir='ltr'>quem</span> <span class='ocrx_word' id='word_1_1103' title='bbox 2274 3421 2356 3462; x_wconf 86' lang='lat' dir='ltr'>(duo</span> <span class='ocrx_word' id='word_1_1104' title='bbox 2364 3423 2399 3463; x_wconf 69' lang='lat'>9)</span> <span class='ocrx_word' id='word_1_1105' title='bbox 2431 3438 2433 3440; x_wconf 91' lang='lat'>·</span> 
     </span>
     <span class='ocr_line' id='line_1_139' title="bbox 1310 3466 2400 3514; baseline -0.004 -12"><span class='ocrx_word' id='word_1_1106' title='bbox 1310 3472 1445 3514; x_wconf 84' lang='lat' dir='ltr'>fratres</span> <span class='ocrx_word' id='word_1_1107' title='bbox 1468 3470 1608 3500; x_wconf 83' lang='lat' dir='ltr'>Iacobus</span> <span class='ocrx_word' id='word_1_1108' title='bbox 1631 3469 1671 3499; x_wconf 87' lang='lat' dir='ltr'>de</span> <span class='ocrx_word' id='word_1_1109' title='bbox 1694 3478 1803 3499; x_wconf 83' lang='lat' dir='ltr'>crema</span> <span class='ocrx_word' id='word_1_1110' title='bbox 1824 3472 1856 3497; x_wconf 84' lang='lat' dir='ltr'>et</span> <span class='ocrx_word' id='word_1_1111' title='bbox 1878 3466 2019 3497; x_wconf 85' lang='lat' dir='ltr'>Iacobus</span> <span class='ocrx_word' id='word_1_1112' title='bbox 2034 3466 2074 3497; x_wconf 86' lang='lat' dir='ltr'>de</span> <span class='ocrx_word' id='word_1_1113' title='bbox 2096 3466 2305 3508; x_wconf 77' lang='lat' dir='ltr'>braganiolis</span> <span class='ocrx_word' id='word_1_1114' title='bbox 2320 3477 2400 3508; x_wconf 76' lang='lat' dir='ltr'>per-</span> 
     </span>
     <span class='ocr_line' id='line_1_140' title="bbox 1318 3511 2183 3558; baseline -0.006 -12"><span class='ocrx_word' id='word_1_1115' title='bbox 1318 3515 1486 3558; x_wconf 83' lang='lat' dir='ltr'>gamensis</span> <span class='ocrx_word' id='word_1_1116' title='bbox 1505 3518 1727 3555; x_wconf 80' lang='lat' dir='ltr'>portaverunt</span> <span class='ocrx_word' id='word_1_1117' title='bbox 1749 3512 1788 3543; x_wconf 85' lang='lat' dir='ltr'>de</span> <span class='ocrx_word' id='word_1_1118' title='bbox 1811 3511 1943 3552; x_wconf 82' lang='lat' dir='ltr'>neapoli</span> <span class='ocrx_word' id='word_1_1119' title='bbox 1966 3511 2148 3542; x_wconf 91' lang='lat' dir='ltr'>MCCCLI</span> <span class='ocrx_word' id='word_1_1120' title='bbox 2151 3511 2183 3542; x_wconf 87' lang='lat' dir='ltr'>V.</span> 
     </span>
    </p>

    <p class='ocr_par' dir='ltr' id='par_1_18' title="bbox 1319 3556 2399 3640">
     <span class='ocr_line' id='line_1_141' title="bbox 1374 3556 2399 3599; baseline -0.004 -8"><span class='ocrx_word' id='word_1_1121' title='bbox 1374 3561 1424 3591; x_wconf 92' lang='lat' dir='ltr'>De</span> <span class='ocrx_word' id='word_1_1122' title='bbox 1448 3559 1604 3590; x_wconf 88' lang='lat' dir='ltr'>fasciculo</span> <span class='ocrx_word' id='word_1_1123' title='bbox 1622 3559 1680 3599; x_wconf 90' lang='lat' dir='ltr'>qui</span> <span class='ocrx_word' id='word_1_1124' title='bbox 1695 3558 1820 3598; x_wconf 89' lang='lat' dir='ltr'>primus</span> <span class='ocrx_word' id='word_1_1125' title='bbox 1838 3557 1871 3586; x_wconf 89' lang='lat' dir='ltr'>in</span> <span class='ocrx_word' id='word_1_1126' title='bbox 1897 3556 2065 3586; x_wconf 86' lang='lat' dir='ltr'>volumine</span> <span class='ocrx_word' id='word_1_1127' title='bbox 2080 3556 2238 3587; x_wconf 88' lang='lat' dir='ltr'>Vaticano</span> <span class='ocrx_word' id='word_1_1128' title='bbox 2255 3557 2399 3597; x_wconf 88' lang='lat' dir='ltr'>ponitur,</span> 
     </span>
     <span class='ocr_line' id='line_1_142' title="bbox 1319 3600 2222 3640; baseline -0.006 -4"><span class='ocrx_word' id='word_1_1129' title='bbox 1319 3607 1395 3636; x_wconf 93' lang='lat' dir='ltr'>loco</span> <span class='ocrx_word' id='word_1_1130' title='bbox 1419 3615 1487 3636; x_wconf 89' lang='lat' dir='ltr'>non</span> <span class='ocrx_word' id='word_1_1131' title='bbox 1512 3614 1583 3640; x_wconf 90' lang='lat' dir='ltr'>suo,</span> <span class='ocrx_word' id='word_1_1132' title='bbox 1607 3603 1690 3633; x_wconf 84' lang='lat' dir='ltr'>infra</span> <span class='ocrx_word' id='word_1_1133' title='bbox 1715 3602 1848 3633; x_wconf 88' lang='lat' dir='ltr'>dicetur.</span> <span class='ocrx_word' id='word_1_1134' title='bbox 1874 3600 2012 3632; x_wconf 87' lang='lat' dir='ltr'>Constat</span> <span class='ocrx_word' id='word_1_1135' title='bbox 2035 3600 2122 3631; x_wconf 87' lang='lat' dir='ltr'>foliis</span> <span class='ocrx_word' id='word_1_1136' title='bbox 2147 3602 2222 3632; x_wconf 88' lang='lat'>2-5.</span> 
     </span>
    </p>

    <p class='ocr_par' dir='ltr' id='par_1_19' title="bbox 1318 3645 2399 3735">
     <span class='ocr_line' id='line_1_143' title="bbox 1373 3645 2399 3686; baseline -0.004 -6"><span class='ocrx_word' id='word_1_1137' title='bbox 1373 3650 1500 3680; x_wconf 90' lang='lat' dir='ltr'>Primus</span> <span class='ocrx_word' id='word_1_1138' title='bbox 1525 3648 1698 3679; x_wconf 88' lang='lat' dir='ltr'>fasciculus</span> <span class='ocrx_word' id='word_1_1139' title='bbox 1722 3646 1915 3686; x_wconf 84' lang='lat' dir='ltr'>autographi</span> <span class='ocrx_word' id='word_1_1140' title='bbox 1932 3645 2088 3677; x_wconf 90' lang='lat' dir='ltr'>Summae</span> <span class='ocrx_word' id='word_1_1141' title='bbox 2105 3645 2229 3678; x_wconf 90' lang='lat' dir='ltr'>Contra</span> <span class='ocrx_word' id='word_1_1142' title='bbox 2254 3645 2399 3676; x_wconf 90' lang='lat' dir='ltr'>Gentiles</span> 
     </span>
     <span class='ocr_line' id='line_1_144' title="bbox 1318 3690 2399 3735; baseline -0.006 -9"><span class='ocrx_word' id='word_1_1143' title='bbox 1318 3694 1506 3735; x_wconf 89' lang='lat' dir='ltr'>deperditus</span> <span class='ocrx_word' id='word_1_1144' title='bbox 1531 3699 1587 3724; x_wconf 90' lang='lat' dir='ltr'>est.</span> <span class='ocrx_word' id='word_1_1145' title='bbox 1614 3692 1813 3722; x_wconf 89' lang='lat' dir='ltr'>Continebat</span> <span class='ocrx_word' id='word_1_1146' title='bbox 1843 3690 1986 3731; x_wconf 89' lang='lat' dir='ltr'>capitula</span> <span class='ocrx_word' id='word_1_1147' title='bbox 2013 3700 2069 3721; x_wconf 87' lang='lat' dir='ltr'>sex</span> <span class='ocrx_word' id='word_1_1148' title='bbox 2099 3696 2132 3721; x_wconf 88' lang='lat' dir='ltr'>et</span> <span class='ocrx_word' id='word_1_1149' title='bbox 2158 3691 2271 3731; x_wconf 85' lang='lat' dir='ltr'>viginti</span> <span class='ocrx_word' id='word_1_1150' title='bbox 2301 3691 2399 3731; x_wconf 91' lang='lat' dir='ltr'>primi</span> 
     </span>
    </p>
   </div>
  </div>
 </body>
</html>
