2768 4134
0 3146 13 3159 ·
21 3146 58 3170 et.
67 3150 123 3170 text.
134 3151 157 3170 et
167 3153 215 3170 var.

0 3594 12 3608 ⁸
29 3596 67 3618 cf.
86 3603 137 3625 cap.
152 3603 216 3625 xxiv,

833 286 1023 324 SUMMA
1051 290 1274 328 CONTRA
1301 292 1577 341 GENTILES,
1608 293 1719 331 CAP.
1739 295 1869 331 XLIII.

249 371 291 402 Et
307 370 383 411 quia
398 369 432 399 in
449 366 712 399 convertibilibus
735 366 825 407 argui
848 372 956 406 potest
972 378 989 397 a
1006 367 1223 400 destructione
1239 376 1328 401 ante-

249 415 392 447 cedentis
409 412 448 444 ad
464 412 719 443 destructionem
735 412 975 451 consequentis,
988 412 1063 443 ideo
1079 414 1112 444 in
1128 414 1189 444 illis
1205 414 1328 445 fallacia

248 458 473 500 consequentis
495 458 542 488 sic
565 455 732 498 arguendo
754 465 824 485 non
848 457 1071 494 committitur,
1096 458 1151 488 sed
1175 460 1268 496 valet,
1292 460 1328 489 Si

249 510 297 536 est
320 505 504 539 inhaerens,
528 506 577 532 est
587 501 702 543 finita,
717 499 824 542 Ergo,
848 500 878 531 si
901 510 966 531 non
991 507 1039 532 est
1062 503 1244 539 inhaerens,
1261 513 1326 535 non

249 555 298 581 est
308 549 423 591 finita,
447 556 488 578 eo
512 545 615 577 modo
639 554 707 587 quo
729 544 928 576 declaratum
951 551 1009 576 est.

305 593 358 625 Ad
379 591 565 624 instantiam
588 590 629 621 de
652 598 791 630 corpore
810 588 928 620 dicitur
943 590 1035 630 quod
1050 600 1118 621 non
1135 597 1182 622 est
1197 592 1237 623 ad
1252 602 1328 633 pro-

249 639 404 680 positum.
428 637 516 675 Quia
538 644 659 676 corpus
682 633 812 665 finitum
827 644 897 665 non
912 635 1031 675 accipit
1048 635 1273 668 limitationem
1289 647 1327 668 ex

249 692 290 714 eo
313 681 406 724 quod
430 680 470 712 ad
493 679 580 711 aliud
603 688 724 720 corpus
746 679 947 716 terminatur,
963 678 1021 710 sed
1043 680 1160 711 accidit
1182 681 1251 718 sibi,
1278 691 1327 713 se-

249 727 395 759 cundum
419 724 511 767 quod
534 729 582 755 est
604 724 745 761 finitum,
762 723 854 765 quod
876 725 917 755 sit
940 723 1027 755 aliud
1045 733 1166 765 corpus
1182 725 1221 755 ad
1237 727 1328 766 quod

247 773 448 804 terminetur.
461 770 581 801 Forma
592 774 703 801 autem
715 770 833 810 accipit
843 769 1042 800 materialem
1055 775 1087 800 et
1097 769 1328 802 individualem

247 817 512 849 terminationem
535 824 575 846 ex
597 815 670 856 ipso
693 815 891 855 susceptivo,
907 819 940 845 et
954 814 1025 851 sibi,
1041 814 1222 846 secundum
1238 816 1328 855 quod

249 867 297 894 est
318 861 424 893 taliter
453 860 632 896 terminata,
656 868 715 900 per
737 869 772 890 se
795 859 950 890 convenit
972 859 1007 890 in
1033 860 1217 900 susceptivo
1248 870 1327 891 esse.

248 907 344 939 Unde
358 916 428 937 non
444 910 520 936 sunt
535 904 758 936 convertibilia
772 913 893 945 corpus*
912 913 980 935 esse
992 904 1130 946 finitum
1155 910 1186 934 et
1209 913 1328 947 corpus

249 952 293 984 ad
315 950 408 983 aliud
431 959 551 991 corpus
574 949 756 985 terminari,
781 949 865 980 sicut
877 949 1032 990 somam
1055 958 1124 979 esse
1147 949 1180 979 in
1205 949 1271 979 alio
1297 955 1328 980 et

239 998 393 1040 somam
417 1005 486 1027 esse
509 995 542 1025 in
566 1004 627 1025 sua
651 994 756 1036 specie
767 994 915 1035 finitam.

304 1042 359 1072 IV.
387 1041 509 1071 Tertio.
534 1039 669 1070 Materia
691 1039 806 1079 prima,
830 1047 915 1079 quae
939 1043 987 1069 est
1016 1039 1163 1078 potentia
1189 1043 1326 1075 tantum,

249 1093 297 1119 est
311 1085 438 1118 infinita
453 1085 488 1116 in
503 1094 561 1115 sua
575 1083 822 1124 potentialitate.
846 1083 934 1123 Ergo
950 1083 1050 1119 Deus,
1066 1083 1123 1124 qui
1139 1088 1187 1114 est
1201 1089 1326 1114 tantum

248 1137 349 1168 actus,
374 1135 423 1162 est
448 1128 595 1160 infinitus
617 1129 652 1159 in
675 1137 734 1159 sua
756 1127 949 1159 actualitate.
976 1145 1000 1150 —
1025 1127 1184 1158 Probatur
1213 1137 1328 1159 conse-

249 1176 392 1219 quentia.
416 1174 514 1213 Quia,
538 1182 615 1205 cum
644 1173 791 1214 potentia
820 1172 946 1203 dicatur
975 1172 1016 1204 ad
1045 1177 1164 1209 actum,
1188 1173 1271 1204 sicut
1293 1174 1327 1204 in

248 1224 455 1262 unoquoque
470 1228 539 1250 non
553 1223 663 1259 potest
678 1222 788 1248 actum
811 1217 977 1254 excedere,
994 1218 1037 1248 ita
1053 1227 1114 1248 nec
1130 1218 1327 1258 simpliciter.

304 1265 402 1297 Circa
423 1264 518 1295 istam
540 1262 813 1304 propositionem,
829 1262 980 1293 Potentia
1004 1272 1070 1293 non
1088 1268 1198 1303 potest
1220 1267 1328 1294 actum

248 1309 406 1343 excedere
414 1309 466 1351 jn,
485 1317 692 1349 unoquoque,
717 1306 891 1338 dubitatur.
923 1307 1057 1338 Materia
1085 1317 1169 1348 quae
1198 1313 1245 1338 est
1267 1308 1327 1339 sub

246 1350 462 1395 formi‘ignis,
479 1358 528 1384 est
543 1353 641 1384 etiam
656 1353 691 1383 in
705 1353 854 1394 potentia
876 1351 917 1383 ad
939 1351 1079 1383 formam
1103 1362 1216 1394 aquae.
1241 1353 1328 1394 Ergo

247 1399 395 1443 potentia
417 1399 452 1430 in
474 1399 550 1439 igne
573 1396 700 1429 excedit
723 1402 843 1429 actum.

304 1442 533 1485 Respondetur
544 1442 635 1484 quod
647 1441 819 1484 dupliciter
833 1442 927 1483 loqui
943 1451 1119 1482 possumus
1131 1442 1171 1473 de
1183 1443 1329 1483 potentia

247 1487 290 1523 all
310 1489 455 1531 aliquem
478 1493 602 1519 actum:
628 1497 696 1518 uno
719 1487 822 1519 modo
845 1487 1060 1524 materialiter,
1085 1493 1245 1528 quantum
1268 1488 1329 1519 sci-

246 1535 326 1577 lieet
339 1534 380 1566 ad
395 1533 429 1564 id
445 1533 499 1565 cui
514 1533 670 1564 convenit
684 1533 766 1563 ratio
789 1533 970 1574 potentiae3
995 1533 1059 1564 alio
1083 1532 1185 1564 modo
1209 1532 1329 1563 forma·

246 1571 329 1620 litet.
344 1579 540 1621 inquantum
552 1577 675 1608 scilicet
690 1582 738 1608 est
753 1578 900 1619 potentia
914 1578 1003 1608 hunc
1019 1583 1128 1608 actum
1143 1578 1328 1619 respiciens.

247 1625 283 1658 Si
299 1622 413 1667 'nimo
436 1623 538 1655 modo
562 1623 749 1663 accipiatur,
773 1623 819 1654 sic
841 1632 911 1654 non
934 1627 983 1653 est
1010 1623 1246 1654 inconveniens
1269 1632 1330 1663 po-

246 1666 383 1702 tenffli‘n
395 1667 553 1700 excedere
562 1672 671 1700 actum
684 1677 785 1708 quem
796 1668 903 1704 habet,
914 1673 951 1698 ut
962 1674 1191 1708 argumentum
1202 1668 1328 1709 probat.

247 1715 283 1747 Si
305 1715 416 1746 autem
437 1713 584 1745 secundo
601 1712 715 1749 modo,
732 1713 778 1744 sic
801 1714 948 1754 potentia
962 1721 1032 1744 non
1051 1719 1159 1754 potest
1175 1712 1330 1744 excedere

247 1760 357 1792 actum
378 1759 481 1802 quem
504 1759 644 1800 respicit.
667 1758 818 1789 Potentia
833 1759 921 1790 enim
937 1757 978 1789 ad
993 1758 1132 1790 formam
1148 1759 1232 1800 ignis
1252 1757 1330 1789 dicit

247 1803 472 1837 habituffinem
495 1804 536 1836 ad
559 1803 699 1835 formam
722 1803 816 1844 ignis.
847 1803 1051 1844 Impossibile
1082 1808 1192 1835 autern
1223 1808 1270 1833 est
1292 1808 1329 1834 ut

247 1850 395 1892 potentia
415 1849 511 1891 ignis,
535 1855 573 1880 ut
595 1848 720 1879 formae
743 1849 826 1889 ignis
856 1849 1028 1889 receptiva,
1052 1849 1181 1880 alterius
1204 1847 1328 1879 formae

246 1895 410 1936 receptiva
433 1895 482 1925 sit.
508 1894 577 1925 Etsi
601 1894 688 1925 enim
711 1894 845 1924 materia
866 1894 950 1934 ignis
964 1895 1005 1924 sit
1019 1894 1181 1935 receptiva
1204 1891 1328 1924 formae

247 1943 363 1982 aquae,
379 1948 449 1970 non
465 1944 513 1970 est
527 1945 638 1970 tamen
654 1939 723 1970 eius
741 1938 905 1979 receptiva
919 1943 957 1969 ut
970 1939 1118 1979 potentia
1134 1937 1173 1969 ad
1188 1937 1327 1968 formam

246 1985 341 2026 ignia,
364 1983 422 2015 sed
443 1988 481 2014 ut
502 1983 650 2024 potentia
665 1982 705 2014 ad
720 1982 859 2013 formam
875 1992 993 2024 aquae:
1018 1983 1163 2024 potentia
1180 1984 1268 2014 enim
1288 1982 1328 2013 ad

247 2029 387 2061 formam
410 2029 493 2069 ignis
516 2027 595 2059 dicit
615 2027 840 2059 habitudinem
855 2033 983 2059 tantum
1006 2027 1046 2058 ad
1069 2027 1209 2059 formam
1232 2027 1326 2068 ignis,

245 2075 274 2106 si
296 2073 475 2105 formaliter
497 2077 653 2105 sumatur.
671 2072 859 2114 Propositio
883 2082 960 2113 ergo
978 2072 1087 2104 Sancti
1103 2073 1254 2104 Thomae
1277 2073 1326 2103 in-

245 2119 401 2160 telligitur
423 2117 617 2149 formaliter:
642 2127 711 2148 non
741 2122 850 2148 autem
879 2117 1095 2154 materialiter,
1119 2123 1157 2148 ut
1183 2118 1325 2149 obiectio

245 2163 455 2205 procedebat.

302 2209 342 2239 V.
369 2208 509 2245 Quarto.
534 2207 625 2238 Deus
648 2211 696 2237 est
719 2211 809 2237 actus
837 2216 938 2248 purus
965 2207 1088 2248 absque
1109 2207 1325 2249 permixtione

244 2253 344 2285 ullius
363 2252 540 2295 potentiae.
560 2252 648 2292 Ergo
673 2257 721 2282 est
738 2251 894 2284 infinitus.
907 2270 930 2274 —
941 2252 1100 2283 Probatur
1120 2260 1326 2293 consequen·

243 2298 299 2329 tia.
311 2298 400 2337 Quia
416 2301 540 2339 quanto
557 2302 647 2327 actus
663 2301 711 2327 est
727 2297 836 2327 minus
851 2297 1029 2338 permixtus
1044 2298 1221 2338 potentiae,
1233 2302 1324 2327 tanto

243 2342 421 2384 perfectior
436 2343 500 2373 es't:
517 2347 550 2372 et
564 2341 618 2372 ille
634 2341 693 2382 qui
708 2341 807 2372 habet
822 2342 1004 2382 potentiam
1019 2341 1205 2378 admixtam,
1229 2341 1326 2372 habet

244 2388 423 2420 terminum
445 2397 523 2418 suae
538 2386 765 2427 perfectionis;
784 2387 841 2427 qui
857 2391 967 2417 autem
982 2396 1050 2418 non
1066 2387 1172 2423 habet,
1196 2386 1324 2418 nullum

242 2433 422 2465 terminum
444 2431 654 2474 perfectionis
678 2431 784 2462 habet.

299 2477 442 2509 Adverte
465 2476 557 2518 quod
572 2483 662 2508 actus
679 2476 737 2517 qui
749 2480 797 2506 est
812 2476 847 2506 in
862 2476 1009 2517 potentia
1025 2475 1066 2507 ad
1087 2475 1187 2507 alium
1203 2481 1323 2513 actum,

243 2522 304 2564 qui
319 2522 384 2554 hoc
398 2522 476 2553 loco
493 2521 610 2552 dicitur
620 2521 739 2552 habere
754 2521 936 2562 potentiam
953 2520 1139 2557 admixtam,
1156 2520 1196 2552 de
1211 2531 1323 2552 neces-

243 2568 336 2598 sitate
359 2567 468 2607 aliqua
484 2565 686 2607 perfectione
708 2571 812 2597 caret:
837 2566 924 2607 quia,
941 2566 968 2596 si
983 2575 1052 2596 non
1070 2571 1192 2597 careret
1215 2566 1323 2607 aliqua

242 2611 455 2653 perfectione,
487 2619 557 2641 non
582 2617 666 2642 esset
687 2611 722 2641 in
753 2611 899 2651 potentia
923 2610 963 2642 ad
985 2611 1106 2651 ipsam;
1130 2611 1211 2641 nihil
1235 2611 1323 2641 enirn

242 2662 298 2688 est·
314 2657 349 2688 in
373 2656 519 2697 potentia
535 2655 575 2686 ad
590 2655 624 2686 id
640 2655 731 2696 quod
753 2656 860 2686 habet.
885 2655 927 2686 Et
948 2655 1072 2686 idcirco
1095 2665 1162 2686 non
1187 2661 1235 2686 est
1249 2656 1322 2687 uni-

243 2702 406 2732 versaliter
418 2699 591 2741 perfectae,
607 2700 665 2732 sed
686 2701 731 2731 ita
745 2700 843 2731 habet
864 2709 965 2731 unam
981 2700 1215 2741 perfectionem
1231 2699 1322 2740 quod

243 2756 312 2778 non
337 2746 446 2777 aliam:
472 2751 504 2776 et
522 2745 586 2775 hoc
605 2751 652 2776 est
667 2745 786 2775 habere
801 2746 977 2776 terminum
1001 2755 1078 2776 suae
1101 2744 1320 2785 perfectionis.

243 2792 346 2822 Actus
360 2796 469 2822 autern
482 2790 534 2821 cui
550 2790 639 2820 nulla
654 2789 866 2830 permiscetur
877 2790 1034 2831 potentia,
1047 2788 1136 2820 nulla
1153 2794 1238 2820 caret
1249 2798 1321 2830 per-

243 2835 386 2867 fectione
409 2834 591 2866 secundum
607 2844 652 2871 se,
669 2833 724 2864 sed
741 2831 789 2864 est
811 2835 921 2875 ipsum
945 2844 1013 2865 esse
1037 2835 1226 2866 subsistens:
1245 2834 1321 2874 quia

244 2889 343 2912 omne
367 2879 458 2921 quod
480 2888 548 2910 non
574 2885 623 2910 est
646 2888 725 2915 esse,
744 2878 856 2909 estad
877 2880 986 2920 ipsum
1008 2889 1046 2910 ex
1069 2885 1183 2909 natura
1207 2887 1265 2908 sua
1287 2879 1320 2913 in
1370 2913 1372 2915 ‚

243 2926 399 2967 potentia,
422 2931 579 2965 tanquam
603 2923 644 2954 ad
667 2923 700 2954 id
724 2922 815 2963 quod
842 2929 890 2954 est
911 2929 1003 2955 ‘extra
1025 2924 1072 2954 rei
1096 2922 1319 2964 quidditatem.

243 2970 322 3002 Ideo
340 2970 468 3001 nullum
491 2970 588 3000 habet
605 2969 782 2999 terminum
805 2967 1025 3008 perfectionis,
1042 2968 1098 2999 sed
1122 2973 1169 2998 est
1192 2968 1326 2998 univer->

243 3015 350 3046 saliter
373 3013 546 3055 perfectus.

295 3060 350 3090 VI.
378 3059 512 3096 Quinto.
538 3058 572 3097 Si
596 3062 664 3088 esse
688 3057 824 3087 alicuius
847 3062 896 3087 est
917 3056 1058 3094 finitum,
1075 3062 1206 3097 oportet
1228 3055 1320 3097 quod

242 3105 399 3144 limitetur
421 3103 474 3134 vel
496 3113 556 3144 per
578 3102 720 3142 aliquam
744 3110 875 3132 causam
898 3102 978 3139 eius,
1003 3102 1053 3132 vel
1080 3111 1139 3142 per
1161 3101 1319 3142 suscepti-

243 3150 359 3180 vum*:
385 3149 462 3189 quia
476 3149 584 3188 ipsum
601 3145 783 3177 secundum
799 3155 833 3176 se
850 3151 898 3176 est
912 3145 1088 3183 infinitum,
1104 3151 1259 3187 tanquam
1279 3146 1318 3175 ab

242 3194 376 3225 infinitis
392 3199 424 3224 et
437 3193 544 3224 modis
558 3192 692 3222 infinitis
707 3190 938 3231 participabile.
955 3190 1018 3234 Sed
1035 3200 1103 3221 esse
1119 3190 1181 3221 Dei
1195 3190 1319 3221 nullam

243 3240 339 3270 habet
355 3237 698 3277 causamnullumque
713 3235 951 3275 susceptivum:
968 3245 1044 3266 cum
1058 3235 1147 3266 Deus
1163 3236 1204 3265 sit
1222 3244 1319 3265 suum

244 3293 324 3315 esse.
349 3284 436 3324 Ergo
459 3292 529 3314 non
552 3281 763 3321 estvfinitum.
875 3305 877 3307 ,

298 3328 440 3360 Adverte
465 3326 566 3369 quod,
583 3327 659 3357 licet
682 3325 765 3356 duos
788 3323 906 3355 modos
925 3324 1126 3354 limitationis
1149 3333 1217 3354 esse
1239 3323 1318 3355 San-

244 3378 315 3404 ctus
338 3373 486 3404 Thomas
509 3377 628 3412 tangat,
653 3370 776 3401 scilicet
807 3378 845 3398 ex
875 3378 972 3399 causa
1000 3367 1193 3408 productiva
1225 3374 1256 3398 et
1280 3377 1319 3399 ex

243 3419 440 3459 susceptivo,
452 3423 563 3448 tamen
574 3425 660 3447 unus
676 3415 716 3446 ad
731 3415 830 3445 alium
843 3413 883 3444 de
894 3413 1084 3444 necessitate
1098 3413 1316 3454 consequitur.

243 3463 327 3493 Nam
351 3463 378 3493 si
400 3463 435 3493 in
457 3462 569 3502 aliquo
599 3461 782 3501 recipiatur,
808 3463 937 3499 oportet
967 3463 1004 3488 ut
1027 3458 1066 3488 ab
1091 3458 1199 3498 aliqua
1222 3467 1318 3488 causa

243 3507 456 3548 producatur:
481 3516 561 3537 curn*
580 3505 660 3536 nihil
684 3505 827 3545 seipsum
844 3503 884 3534 de
906 3512 974 3533 non
999 3512 1068 3533 esse
1091 3501 1131 3533 ad
1154 3511 1223 3532 esse
1241 3511 1317 3543 pro-

243 3551 350 3583 ducat.
367 3552 521 3583 Similiter
535 3552 562 3582 si
577 3551 674 3581 habet
686 3559 817 3580 causam
833 3547 1068 3589 productivam‚
1082 3552 1212 3587 oportet
1227 3545 1318 3587 quod

244 3598 313 3637 eius
328 3598 369 3628 sit
384 3596 518 3637 aliquod
533 3595 769 3635 susceptivum:
784 3594 860 3634 quia
877 3602 955 3629 esse,
973 3598 1009 3623 ut
1020 3592 1167 3632 superius
1178 3592 1196 3608 ⁴*
1209 3596 1317 3621 osten-

244 3641 361 3678 dimus,
385 3649 454 3672 non
470 3646 519 3672 est
541 3641 606 3671 hoc
628 3639 757 3670 finitum
774 3645 806 3677 et
822 3637 1069 3669 determinatum
1086 3637 1149 3666 nisi
1172 3636 1249 3677 quia
1270 3641 1318 3666 est

243 3686 350 3721 huius,
375 3691 431 3717 aut
454 3691 527 3716 actu
551 3690 608 3715 aut
630 3683 810 3724 aptitudine
834 3688 866 3713 et
887 3682 1110 3723 proportione.

2378 306 2449 345 ¹27

1438 372 1505 403 VII.
1530 373 1640 406 Sexto.
1661 373 1733 404 Deo
1756 384 1825 405 non
1848 381 1956 415 potest
1979 377 2109 417 cogitari
2134 377 2256 418 aliquid
2277 379 2395 409 melius
2419 384 2451 410 et

1382 416 1565 457 perfectius.
1578 418 1664 458 Ergo
1682 424 1730 449 est
1747 419 1901 452 infinitus.
1918 437 1939 443 -
1954 421 2111 452 Probatur
2126 421 2328 453 antecedens.
2341 423 2450 454 Tanto

1382 461 1504 501 aliquid
1538 467 1585 492 est
1618 462 1792 502 perfectius
1826 465 2007 496 secundum
2041 466 2182 506 aliquam
2215 467 2450 507 perfectionem

1382 511 1506 546 quanto
1522 506 1610 537 illam
1626 508 1742 538 melius
1757 508 1951 549 pleniusque
1974 510 2151 551 participat.
2173 511 2236 542 Sed
2250 521 2320 542 non
2342 517 2450 553 potest

1381 550 1508 590 plenius
1532 552 1716 593 participari
1739 562 1838 593 quam
1857 558 1895 583 ut
1916 563 1975 594 per
1997 563 2090 585 suam
2114 556 2284 587 essentiam
2307 557 2348 587 sit
2369 557 2447 588 tale:

1382 595 1464 626 sicut
1487 596 1576 626 Deus
1599 601 1648 626 est
1672 597 1742 638 ipsa
1765 598 1892 628 bonitas
1916 603 1947 628 et
1969 598 2078 638 ipsum
2101 608 2180 630 esse.
2204 600 2290 641 Ergo
2314 606 2374 632 etc.

1438 639 1501 672 Sed
1527 640 1655 671 videtur
1683 641 1738 672 illa
1767 643 2000 682 consequentia
2023 652 2091 674 non
2120 644 2241 675 valere:
2266 645 2337 675 Deo
2368 646 2450 676 nihi!

1375 689 1486 724 potest
1507 685 1650 727 cogitari
1666 686 1858 728 perfectius,
1875 687 1969 729 Ergo
1986 693 2033 718 est
2047 688 2202 729 infinitus.
2228 688 2332 720 Immo
2348 691 2449 731 magis

1382 729 1536 768 sequitur,
1552 730 1647 771 Ergo
1671 735 1720 761 est
1727 731 1867 772 finitus:
1886 732 1962 771 quia
1981 731 2145 763 infinitum
2169 738 2216 763 est
2238 734 2331 764 cuius
2345 744 2448 775 quan-

1382 773 1504 803 titatem
1529 775 1758 815 accipientibus
1780 785 1906 816 semper
1929 781 1976 807 est
1998 776 2091 807 aliud
2112 777 2259 818 accipere
2273 779 2300 808 *.

1440 818 1669 858 Respondetur
1684 820 1775 860 quod
1790 821 2024 862 consequentia
2038 822 2126 852 bona
2141 827 2198 858 est,
2215 827 2246 852 et
2261 823 2448 859 necessaria,

1382 867 1414 892 et
1435 864 1721 903 proportionaliter
1750 864 1791 896 ad
1821 866 2033 906 quantitatem
2055 865 2215 896 infinitam
2237 871 2334 898 tenet.
2359 867 2450 898 Licet

1382 907 1469 937 enim
1492 906 1656 939 infinitum
1675 910 1714 939 sit
1737 910 1800 940 tale
1822 911 1855 941 in
1880 919 1914 941 se
1930 910 2031 951 quod,
2048 911 2225 951 quantitate
2242 920 2449 952 quacumque

1381 950 1470 982 finita
1493 953 1562 983 eius
1585 959 1726 994 accepta,
1750 963 1878 995 semper
1900 960 2044 986 remanet
2066 954 2188 996 aliquid
2214 955 2449 996 accipiendum,

1381 995 1508 1027 infinito
1522 1003 1630 1028 tamen
1641 999 1745 1029 maius
1761 1005 1920 1039 quantum
1932 1000 2065 1040 cogitari
2076 1010 2144 1030 non
2156 1005 2274 1040 potest,
2291 1010 2332 1031 eo
2347 1001 2448 1031 modo

1382 1050 1449 1080 quo
1474 1046 1522 1072 est
1545 1041 1718 1074 infinitum.
1752 1044 1794 1074 Et
1816 1044 1842 1074 si
1874 1045 1984 1085 aliquo
2014 1050 2138 1085 quanto
2161 1045 2265 1075 maius
2289 1051 2448 1085 quantum

1381 1091 1489 1125 potest
1511 1087 1654 1127 cogitari,
1671 1087 1751 1118 illud
1774 1097 1842 1119 non
1866 1094 1914 1120 est
1932 1089 2106 1125 infinitum,
2126 1088 2183 1119 sed
2204 1088 2348 1120 finitum:
2373 1099 2450 1121 cum

1382 1130 1482 1169 possit
1505 1130 1626 1162 excedi.
1650 1132 1753 1163 Simili
1774 1132 1876 1164 modo
1898 1133 2063 1165 infinitum
2084 1133 2263 1175 secundum
2278 1134 2450 1175 perfectio-

1381 1184 1457 1205 nem
1473 1175 1534 1206 tale
1550 1182 1597 1207 est
1613 1176 1713 1217 quod,
1730 1184 1864 1218 accepto
1880 1188 2092 1219 quocumque
2107 1178 2210 1209 modo
2221 1178 2313 1209 finito
2327 1179 2360 1209 in
2377 1180 2448 1220 ipso

1381 1219 1562 1251 secundum
1589 1221 1880 1253 considerationem
1906 1223 2087 1254 intellectus
2110 1224 2220 1259 nostri,
2248 1231 2375 1264 semper
2400 1233 2449 1254 re-

1381 1269 1491 1294 manet
1515 1265 1595 1296 alius
1621 1266 1739 1297 modus
1762 1267 1979 1308 accipiendus.
2006 1267 2094 1299 Nihil
2117 1273 2225 1298 tamen
2247 1268 2319 1309 ipso
2343 1273 2451 1308 potest

1382 1308 1556 1349 perfectius
1575 1311 1717 1351 cogitari.
1735 1311 1850 1348 Immo,
1873 1313 1899 1342 si
1922 1312 2032 1353 aliquo
2049 1312 2136 1344 aliud
2154 1312 2327 1353 perfectius
2342 1318 2450 1353 potest

1383 1354 1526 1394 cogitari,
1542 1354 1622 1386 illud
1638 1361 1685 1386 est
1703 1355 1812 1387 finitae
1827 1356 2045 1397 perfectionis,
2064 1362 2179 1399 utpote
2198 1363 2313 1398 potens
2337 1367 2355 1387 a
2377 1366 2449 1398 per-

1383 1397 1508 1429 fectiori
1531 1399 1652 1430 excedi.

1438 1443 1521 1474 VIII.
1534 1443 1686 1486 Septimo.
1700 1445 1884 1476 Intellectus
1899 1451 2009 1477 noster
2019 1445 2229 1487 intelligendo
2241 1447 2275 1476 in
2286 1445 2450 1477 infinitum

1383 1487 1575 1519 extenditur.
1591 1488 1693 1528 Quod
1707 1489 1772 1520 hoc
1788 1491 1880 1530 signo
1897 1495 1999 1531 patet:
2016 1492 2102 1531 quia,
2120 1499 2328 1531 quacumque
2348 1499 2450 1531 quan-

1383 1533 1472 1563 titate
1495 1532 1585 1563 finita
1608 1533 1690 1569 data,
1715 1539 1823 1574 potest
1840 1536 1998 1566 maiorem
2016 1536 2050 1566 in
2073 1535 2236 1566 infinitum
2260 1536 2449 1575 excogitare.

1383 1577 1470 1617 Ergo
1483 1582 1613 1618 oportet
1629 1587 1698 1609 esse
1714 1579 1855 1619 aliquam
1870 1585 2017 1610 naturam
2033 1580 2266 1621 intelligibilem
2281 1579 2450 1616 infinitam,

1384 1631 1484 1663 quam
1511 1628 1641 1663 oportet
1668 1632 1737 1654 esse
1764 1633 1871 1655 rerum
1898 1625 2082 1658 maximam.
2105 1642 2129 1648 -
2154 1625 2311 1655 Probatur
2338 1634 2451 1655 conse-

1384 1667 1526 1707 quentia.
1551 1667 1637 1706 Quia
1660 1667 1805 1708 alioquin
1829 1668 1943 1699 frustra
1967 1675 2049 1700 esset
2074 1670 2155 1700 haec
2178 1669 2337 1700 ordinatio
2359 1669 2452 1699 intel-

1382 1712 1486 1743 lectus
1509 1711 1549 1743 ad
1571 1711 1746 1743 infinitum.
2456 1739 2461 1744 .

1439 1755 1503 1788 Sed
1533 1766 1602 1788 non
1630 1756 1757 1788 videtur
1785 1758 1844 1788 ista
1871 1758 1953 1789 ran‘o
1981 1758 2187 1795 concludere,
2215 1763 2348 1799 propter
2375 1757 2451 1789 duo.

1383 1801 1503 1838 Primo,
1528 1803 1605 1843 quia
1628 1802 1810 1834 intellectus
1833 1803 1934 1834 multa
1958 1803 2035 1834 falsa
2059 1808 2090 1835 et
2113 1803 2324 1845 impossibilia
2347 1808 2454 1846 potest

1383 1847 1566 1888 concipere.

1439 1891 1604 1929 Secundo,
1617 1893 1694 1933 quia
1708 1903 1777 1925 non
1794 1893 1887 1925 datur
1904 1894 2081 1927 intellectui
2100 1893 2260 1927 ordinatio
2276 1894 2316 1927 ad
2339 1906 2452 1939 appre-

1382 1935 1593 1967 hendendum
1609 1937 1744 1979 aliquod
1760 1939 1959 1980 intelligibile
1981 1939 2165 1977 infinitum,
2175 1939 2250 1972 licet
2272 1940 2388 1973 habeat
2402 1943 2451 1973 in-

1382 1981 1592 2013 clinationem
1615 1982 1656 2013 ad
1681 1983 1927 2023 intelligendum
1958 1985 2024 2015 sive
2055 1985 2304 2026 excogitandum
2330 1986 2451 2027 aliquid

1380 2025 1485 2056 maius
1508 2035 1720 2067 quocumque
1743 2027 1836 2059 finito
1861 2027 1935 2059 dato
1960 2030 2085 2060 divisim
2108 2030 2146 2065 in,
2165 2028 2337 2061 infinitum.

1436 2069 1488 2101 Ad
1518 2071 1615 2102 huius
1643 2072 1836 2103 evidentiam
1867 2073 2036 2104 sciendum
2064 2073 2155 2115 quod
2182 2074 2354 2105 ordinatio·
2370 2075 2449 2106 haec

1380 2115 1563 2146 intellectus
1586 2116 1627 2147 ad
1649 2116 1814 2148 infinitum
1837 2118 1917 2148 nihil
1936 2118 2023 2150 aliud
2042 2124 2089 2149 est
2112 2127 2211 2160 quam
2233 2119 2333 2150 virtus
2356 2120 2450 2150 intel-

1380 2159 1483 2190 lectus
1506 2160 1547 2191 ad
1570 2162 1801 2202 cogitationem
1824 2163 1871 2193 rei
1893 2162 2047 2196 infinitae.
2075 2163 2184 2202 Quam
2208 2173 2246 2194 ex
2269 2164 2362 2204 signo
2385 2165 2449 2196 hoc

1380 2205 1584 2236 convincitur
1594 2206 1700 2238 datam
1711 2207 1899 2244 intellectui,
1916 2208 2006 2248 quod
2018 2218 2230 2250 quocumque
2242 2207 2334 2239 finito
2346 2210 2450 2240 maius

1380 2250 1541 2290 excogitat
1563 2251 1596 2281 in
1619 2250 1794 2288 infinitum,
1819 2252 1912 2293 quasi
1934 2258 2047 2283 natura
2062 2253 2163 2295 ipsius
2185 2253 2367 2284 intellectus
2389 2254 2449 2284 im-

1379 2293 1521 2334 pellente
1537 2295 1577 2326 ad
1592 2296 1838 2336 inquisitionem
1855 2297 1990 2328 alicuius
2005 2297 2212 2339 intelligibilis
2227 2297 2355 2328 infiniti.
2372 2296 2450 2329 Pro-

1378 2343 1450 2379 pter
1473 2340 1564 2379 quod
1586 2349 1655 2371 non
1680 2342 1817 2382 quiescit
1831 2341 2013 2372 intellectus
2028 2342 2196 2383 inquisitio
2221 2350 2393 2383 quousque
2410 2343 2449 2374 ad

1378 2383 1578 2425 intelligibile
1601 2385 1765 2417 infinitum
1788 2387 1979 2427 pervenerit.

1434 2428 1530 2460 Unde
1544 2429 1584 2461 ad
1599 2431 1742 2472 primum
1755 2431 1872 2462 dicitur
1883 2431 1984 2472 quod,
1995 2431 2070 2462 licet
2080 2431 2262 2462 intellectus
2274 2431 2448 2473 aliquando

1378 2473 1591 2514 impossibilia
1614 2476 1785 2517 excogitet,
1801 2476 1898 2508 habet
1912 2481 2021 2507 tamen
2036 2476 2280 2508 inclinationem
2301 2476 2341 2507 ad
2356 2476 2449 2508 intel-

1378 2518 1498 2559 ligibile
1521 2519 1697 2551 infinitum.
1722 2521 1764 2551 Et
1788 2520 1875 2557 ideo,
1903 2522 1965 2552 nisi
1992 2521 2073 2552 illud
2103 2521 2310 2558 inveniretur,
2334 2520 2448 2552 frustra

1379 2562 1452 2594 data
1475 2570 1558 2595 esset
1581 2564 1640 2596 sibi
1663 2565 1815 2597 naturalis
1838 2564 1918 2596 haec
1941 2565 2118 2596 inclinatio.

1434 2607 1586 2640 Similiter
1608 2609 1648 2640 ad
1671 2609 1862 2646 secundum,
1893 2615 2028 2650 negatur
2054 2609 2255 2640 antecedens
2280 2609 2384 2640 Immo
2409 2619 2447 2640 ex

1376 2651 1478 2683 modo
1498 2654 1661 2694 cogitandi
1683 2655 1716 2685 in
1738 2653 1902 2686 infinitum
1924 2654 2134 2695 persuadetur
2152 2653 2242 2695 quod
2263 2653 2379 2684 habeat
2397 2655 2446 2684 in-

1376 2697 1585 2771 1cilinationem
1608 2698 1649 2729 ad
1671 2698 1927 2740 perveniendum
1953 2697 1994 2729 ad
2020 2698 2153 2739 aliquod
2179 2697 2377 2739 intelligibile
2396 2699 2445 2729 in-

1399 2741 1515 2773 nitum.

1430 2786 1652 2819 Veruntamen
1667 2788 1761 2819 istam
1783 2788 1942 2819 rationem
1961 2787 2178 2829 persuasivam
2193 2791 2286 2828 puto,
2302 2796 2371 2818 non
2390 2786 2444 2817 de-

1375 2833 1628 2863 monstrativam.

1435 2877 1488 2907 IX.
1517 2876 1650 2907 Octavo.
1667 2876 1743 2910 Non
1759 2882 1868 2917 potest
1890 2877 2071 2907 intellectus
2093 2881 2204 2907 noster
2224 2876 2364 2916 cogitare
2388 2875 2443 2906 ali-

1376 2922 1456 2963 quid
1477 2922 1582 2952 maius
1606 2921 1689 2952 Deo.
1714 2921 1802 2961 Ergo
1818 2927 1866 2952 est
1883 2920 2038 2952 infinitus.
2054 2939 2077 2943 -
2091 2921 2182 2951 Patet
2201 2921 2442 2960 consequentia.

1375 2966 1462 3006 Quia
1485 2965 1634 3007 quolibet
1655 2965 1748 2996 finito
1773 2971 1883 3007 potest
1908 2965 2090 2996 intellectus
2119 2966 2224 2995 maius
2247 2966 2396 3005 cogitare.
2420 2982 2444 2987 -

1374 3012 1533 3043 Probatur
1548 3010 1750 3042 antecedens.
1764 3011 1850 3049 Quia
1865 3010 1997 3041 effectus
2012 3019 2081 3041 non
2096 3015 2204 3050 potest
2219 3009 2346 3040 extendi
2362 3009 2443 3040 ultra

1374 3066 1466 3088 suam
1491 3065 1631 3086 causam.
1656 3055 1840 3086 Intellectus
1863 3061 1971 3086 autern
1996 3060 2042 3086 est
2066 3054 2203 3095 effectus?
2220 3054 2290 3084 Dei.

1430 3099 1607 3132 Sciendum
1627 3099 1728 3140 quod,
1745 3109 1821 3130 cum
1838 3099 1970 3130 effectus
1989 3100 2028 3130 sit
2052 3098 2210 3139 quaedam
2226 3107 2339 3128 causae
2356 3097 2442 3127 simi-

1373 3144 1488 3181 litud0,
1511 3154 1580 3175 non
1597 3149 1705 3186 potest
1720 3145 1851 3175 maioris
1866 3145 1990 3174 virtutis
2006 3153 2074 3174 esse
2090 3153 2147 3173 sua
2171 3152 2275 3178 causa,
2292 3147 2328 3172 ut
2346 3149 2441 3182 supe-

1373 3191 1439 3221 rius
1454 3191 1473 3207 ⁴*
1496 3195 1544 3220 est
1574 3195 1751 3220 ostensum.
1776 3188 1840 3220 Sed
1867 3189 1931 3219 hoc
1955 3194 2002 3219 est
2031 3186 2275 3227 intelligendum
2305 3195 2441 3227 propor-

1373 3235 1545 3271 tionaliter,
1562 3233 1743 3265 secundum
1766 3233 1904 3264 modum
1921 3232 2062 3264 effectus
2086 3231 2169 3262 Nam
2185 3231 2284 3271 aliqui
2308 3230 2441 3261 effectus

1374 3289 1391 3309 a
1415 3289 1473 3310 sua
1497 3288 1592 3309 causa
1608 3279 1772 3318 accipiunt
1790 3279 1941 3308 virtutem
1960 3277 2020 3307 alia
2039 3275 2242 3317 producendi
2261 3274 2441 3313 secundum

1374 3333 1442 3355 esse
1465 3323 1625 3360 naturale;
1651 3323 1750 3364 aliqui
1767 3332 1842 3353 vero
1857 3321 2036 3353 secundum
2053 3330 2120 3351 esse
2144 3319 2357 3360 concepibile,
2372 3329 2441 3350 non

1373 3367 1553 3399 secundum
1571 3375 1639 3399 esse
1653 3366 1808 3403 naturale,
1822 3365 2098 3408 quemadmodum
2115 3370 2162 3395 est
2172 3363 2353 3396 intellectus
2369 3373 2442 3405 spe-

1374 3413 1540 3444 culativus.
1558 3411 1648 3443 Sicut
1661 3422 1736 3452 ergo
1750 3411 1881 3442 effeetus
1897 3420 1965 3442 non
1981 3415 2088 3450 potest
2102 3418 2161 3449 per
2174 3409 2326 3440 virtutem
2342 3417 2440 3448 quam

1373 3458 1491 3498 accipit
1506 3467 1525 3487 a
1548 3466 1605 3488 sua
1629 3466 1725 3487 causa
1740 3455 1919 3496 producere
1936 3453 2086 3485 effectum
2101 3454 2135 3483 in
2152 3463 2220 3484 esse
2235 3459 2368 3485 naturae
2384 3463 2441 3484 sua

1373 3512 1469 3532 causa
1484 3500 1722 3542 perfectiorem,
1739 3501 1782 3531 ita
1796 3510 1857 3531 nec
1873 3499 2053 3530 intellectus
2069 3503 2176 3539 potest
2186 3498 2221 3529 in
2237 3507 2305 3529 esse
2323 3506 2441 3528 conce-

1372 3546 1464 3587 pibili
1487 3546 1667 3587 producere
1691 3544 1814 3586 aliquid
1836 3554 1893 3575 sua
1916 3552 2010 3574 causa
2033 3542 2254 3584 praestantius·
2274 3542 2374 3583 Quod
2394 3547 2442 3573 est

1373 3591 1476 3621 dictu:
1499 3591 1577 3621 Non
1600 3595 1708 3630 potest
1723 3588 1845 3632 aliquid
1860 3588 2072 3628 praestantius
2092 3596 2150 3617 sua
2171 3596 2266 3617 causa
2289 3587 2439 3627 cogitare.

1372 3635 1406 3666 Si
1434 3645 1511 3676 ergo
1539 3633 1628 3665 Deus
1651 3634 1831 3665 intellectus
1854 3633 1956 3663 nostri
1982 3637 2030 3662 est
2052 3640 2157 3668 causa,
2182 3632 2327 3673 sequitur
2350 3630 2441 3673 quod

1371 3678 1452 3710 nihil
1476 3684 1583 3720 potest
1604 3679 1709 3709 maius
1733 3683 1788 3708 aut
1810 3676 1983 3718 perfectius
2006 3676 2078 3707 Deo
2103 3676 2253 3716 cogitare.

2476 780 2485 789 ·
2498 779 2528 800 111
2538 779 2656 807 Phy8.,w,
2666 780 2686 802 s.

2468 3183 2477 3192 ·
2493 3182 2550 3210 Cap.
2560 3187 2642 3203 xxvul.
