2768 4134
26 718 240 770 3181.·f'1:.:3.3;m.1.

27 1395 240 1420 'am-nar.

39 3597 177 3646 ''zv-”nu
186 3597 253 3620 sffh.

41 3651 51 3661 ⁶
61 3649 185 3679 s.·n=.1.9
193 3657 254 3679 sqq.3

41 3677 95 3700 Did.
104 3676 192 3704 xl,vn¹
202 3684 254 3706 sqq.

852 278 1041 316 SUMMA
1070 280 1292 319 CONTRA
1321 281 1596 328 GENTILES,
1627 282 1738 319 CAP.
1764 282 1878 319 XLII.

322 358 449 388 Dicitur
472 357 564 398 quod
582 356 719 395 Sanctus
736 356 892 392 Thomas,
910 366 986 387 cum
1004 357 1157 398 loquatur
1173 359 1212 389 de
1230 359 1343 390 ordine

266 402 419 438 universi,
444 401 525 432 ordo
554 407 663 432 autem
692 401 762 441 ipse
792 401 933 440 partium
959 402 1100 440 universi
1126 410 1345 444 consequatur

265 446 503 488 perfectionem
533 445 736 483 essentialem
765 455 888 482 rerum;
920 456 996 483 cum
1026 448 1132 488 inquit
1164 439 1343 488 potentiam

266 492 364 532 primi
387 491 509 532 agentis
531 500 602 522 non
625 490 735 521 deesse
758 490 923 530 potentiae
947 500 1031 531 quae
1058 498 1106 523 est
1128 493 1162 523 in
1186 494 1281 524 rebus
1304 494 1344 525 ad

266 536 515 577 perfectionem,
531 535 680 575 intelligit
696 534 736 565 de
751 534 952 575 perfectione
976 537 1135 567 essentiali
1158 543 1213 568 aut
1236 548 1343 571 essen-

266 582 346 613 tiam
371 585 604 621 consequente.
628 580 713 610 Nam
729 580 756 610 si
771 579 860 610 Deus
876 580 971 611 alicui
987 582 1033 611 rei
1048 591 1116 611 non
1132 581 1219 612 daret
1235 584 1345 614 omnia

269 636 353 667 quae
377 625 418 656 ad
441 625 612 656 essentiam
643 625 713 664 eius
742 625 914 664 pertinent,
939 634 1008 655 non
1038 632 1120 656 esset
1143 626 1256 658 eadem
1279 638 1343 659 res:

269 680 346 702 cum
369 670 526 704 essentiae
549 678 659 705 rerum
681 669 745 699 sint
768 669 851 700 sicut
873 670 1012 706 numeri,
1035 670 1069 700 in
1093 672 1221 710 quibus,
1243 678 1279 703 ut
1298 673 1345 704 di-

269 716 352 754 citur
372 714 446 745 VIII
462 714 618 754 Metaph„
634 719 716 752 text.
734 721 772 744 10
785 714 812 750 *‚
836 715 960 745 unitate
983 713 1090 745 addita
1113 715 1164 745 vel
1187 717 1347 748 subtracta

267 760 407 791 variatur
430 759 564 799 species.
589 758 623 789 Si
646 759 743 797 etiam
758 768 827 789 non
843 759 998 790 haberent
1014 760 1124 789 omnia
1140 769 1224 800 quae
1239 771 1347 792 essen-

268 805 347 844 tiam
371 809 628 844 consequuntur,
651 813 721 842 non
745 810 851 835 essent
873 803 1055 843 secundum
1079 812 1171 835 suam
1199 811 1347 837 naturam

267 849 421 891 perfecta.
444 866 468 871 —
490 848 568 879 Non
583 854 694 879 autem
714 848 864 889 intelligit
887 848 927 879 de
944 848 1144 889 perfectione
1167 850 1347 882 accidenta-

268 895 341 926 liter
363 893 565 925 adveniente.
850 928 853 930 ‚

325 938 414 970 Cum
431 943 546 968 >autem
577 937 720 978 arguitur
749 937 868 978 primo,
893 937 971 977 quia
993 947 1063 968 non
1092 938 1203 968 omnia
1234 949 1347 970 conse-

269 989 415 1025 quuntur
442 982 679 1024 perfectionem
702 981 743 1012 ad
766 991 866 1022 quam
889 987 964 1012 sunt
987 982 1021 1012 in
1049 983 1207 1022 potentia:
1233 983 1348 1015 dicitur

269 1028 362 1070 quod
384 1029 450 1059 hoc
474 1033 521 1058 est
544 1026 662 1058 falsum
686 1026 726 1057 de
749 1026 951 1067 perfectione
974 1027 1172 1058 substantiali
1196 1034 1251 1059 aut
1273 1029 1347 1060 sub-

268 1073 420 1110 stantiam
443 1077 678 1112 consequente.

279 1148 283 1150 .
324 1117 412 1150 Cum
422 1117 566 1158 arguitur
577 1115 734 1152 secund0‚
743 1115 834 1156 quod
843 1124 912 1146 non
923 1122 1169 1156 consequuntur
1180 1127 1229 1147 res
1238 1118 1348 1150 omnia

269 1161 311 1194 ad
326 1172 410 1204 quae
427 1167 503 1195 sunt
525 1162 560 1192 in
583 1161 730 1202 potentia
753 1159 976 1191 obedientiali:
1002 1160 1118 1192 dicitur
1141 1162 1231 1202 quod
1254 1162 1348 1193 intel-

267 1207 378 1249 ligitur
393 1206 575 1248 propositio
595 1205 634 1236 de
650 1205 797 1246 potentia
812 1206 949 1236 naturali
965 1211 1139 1243 creaturae,
1155 1216 1224 1238 non
1239 1213 1348 1238 autem

269 1251 319 1291 de¹
329 1251 480 1292 potentia
505 1249 724 1281 obedientiali.

298 1334 301 1336 ‚
325 1295 379 1327 lv.
403 1295 544 1335 Quarto.
567 1295 695 1325 Primus
718 1300 828 1325 motus
845 1300 892 1324 est
909 1304 993 1325 unus
1010 1302 1041 1325 et
1058 1296 1243 1326 continuus.
1261 1296 1348 1336 Ergo

252 1341 395 1383 *prunus
410 1342 527 1372 ‘motor
550 1345 597 1370 est
620 1349 716 1370 unuS.
733 1357 756 1361 -
774 1339 933 1370 Probatur
956 1341 1199 1380 consequentia.
1224 1341 1349 1381 Impos-

268 1386 362 1418 sibile
377 1391 426 1417 est
439 1394 545 1416 unum
567 1390 697 1423 motum
721 1384 916 1415 continuum
932 1389 963 1415 et
979 1385 1104 1424 singula
1122 1386 1349 1425 regulantem*

268 1430 459 1472 apluribus
481 1429 666 1460 motoribus
689 1438 769 1460 esse.
795 1428 829 1460 Si
852 1429 940 1460 enim
959 1429 1056 1460 simul
1071 1435 1251 1467 moverent,
1271 1436 1350 1467 tunc

268 1481 408 1516 uterque
420 1480 505 1506 esset
515 1473 725 1515 imperfectus
740 1479 863 1504 motor:
881 1473 972 1514 quod
987 1484 1057 1504 non
1073 1475 1227 1505 convenit
1242 1476 1349 1515 primo

268 1521 402 1561 moturi,
427 1518 709 1560 cumyperfectum
733 1519 774 1549 sit
796 1519 885 1559 prius
908 1518 1111 1559 imperfecto.
1134 1536 1157 1542 -
1180 1519 1213 1550 Si
1241 1526 1350 1552 autem

269 1574 340 1605 nou
356 1564 455 1596 simul
473 1569 655 1600 moverent,
672 1563 809 1604 quilibet
832 1573 947 1594 eorum
970 1563 1171 1604 quandoque
1193 1571 1350 1602 moveret,

269 1608 471 1652 quandoque
494 1618 563 1640 non
587 1614 744 1639 moveret.
776 1608 818 1638 Et
841 1608 887 1639 sic
914 1617 983 1639 non
1014 1614 1096 1639 esset
1126 1618 1211 1639 unus
1240 1615 1351 1641 motus

269 1655 448 1697 continuus
471 1659 504 1685 et
525 1653 690 1694 regularis.
714 1653 804 1684 Tum
827 1654 904 1694 quia
934 1663 1020 1684 unus
1042 1659 1153 1684 motus
1176 1655 1351 1686 continuus

269 1700 382 1740 esrai>
405 1708 475 1731 uno
505 1704 652 1730 motore:
677 1704 709 1729 et
731 1697 818 1735 ideo,
843 1699 870 1729 si
899 1707 968 1728 non
999 1704 1082 1729 esset
1111 1708 1240 1739 semper
1266 1709 1352 1731 unus

269 1750 390 1787 motor,
412 1749 525 1775 motus
548 1753 617 1774 non
641 1748 725 1774 esset
747 1752 844 1774 unus.
868 1743 956 1774 Tum
981 1743 1058 1783 quia
1080 1749 1191 1774 motor
1210 1744 1267 1784 qui
1282 1754 1352 1775 non

269 1798 399 1833 semper
422 1794 545 1828 movet,
568 1788 783 1829 irregulariter
806 1788 970 1819 invenitur
984 1797 1133 1819 movere:
1159 1795 1195 1819 ut
1215 1795 1303 1829 patet
1318 1790 1352 1820 in

268 1835 415 1877 motibus
437 1833 590 1864 violentis
613 1839 646 1864 et
667 1833 877 1870 naturalibus,
902 1833 959 1864 ubi
981 1838 1092 1864 motus
1108 1838 1156 1864 est
1175 1834 1352 1874 aliquando

269 1877 628 1921 velocior,2aliquando
651 1877 781 1908 tardior.

312 1923 468 1964 ‚Adverte
491 1922 583 1964 quod
606 1923 687 1953 ratio
710 1923 770 1952 ista
799 1927 846 1952 est
876 1921 916 1952 ad
946 1922 1162 1962 philosophos
1190 1929 1352 1963 ponentes

269 1969 381 2000 Deum
403 1967 444 1999 de
466 1967 657 1999 necessitate
679 1975 824 2002 movere,
848 1975 916 1997 non
939 1972 1050 1998 autern
1069 1967 1258 2007 simpliciter
1273 1977 1352 1999 con-

271 2013 383 2052 cludit.
407 2011 495 2050 Quia
517 2017 628 2052 posset
651 2011 767 2052 aliquis
791 2010 898 2042 dicere
913 2011 992 2041 istos
1006 2017 1152 2042 motores
1167 2012 1265 2043 simul
1279 2022 1352 2043 mo-

270 2067 358 2099 vere,
381 2066 452 2088 non
477 2062 612 2098 propter
641 2055 925 2097 imperfectionem
951 2057 1128 2096 potentiae,
1153 2058 1244 2096 quasi
1267 2066 1352 2088 unus

271 2104 397 2144 absque
418 2101 483 2133 alio
506 2110 640 2132 movere
669 2110 739 2131 non
768 2101 881 2141 possit,
905 2100 963 2131 sed
984 2106 1119 2141 propter
1142 2101 1352 2133 concordiam

271 2147 458 2180 vohmtafis.
472 2163 498 2186 .-
511 2145 671 2184 Quamvis
694 2146 792 2176 etiam
815 2154 987 2186 possemus
1011 2145 1118 2176 dicere
1141 2155 1214 2176 earn
1229 2147 1352 2187 simpli-

272 2193 351 2225 citer
374 2190 582 2223 concludere.
607 2190 704 2229 Quia,
722 2199 799 2221 cum
814 2199 882 2221 non
900 2191 939 2220 sit
962 2190 1115 2231 ponenda
1138 2190 1351 2231 superfluitas,

271 2237 413 2269 maxime
427 2237 463 2267 in
477 2236 585 2276 primo
610 2235 783 2276 principio,
799 2236 826 2265 si
841 2244 926 2265 unus
945 2244 1003 2275 per
1019 2245 1052 2265 se
1069 2234 1206 2273 sufficiat
1223 2242 1354 2268 motum

273 2290 416 2323 causare,
440 2281 522 2312 alius
545 2286 656 2311 motor
679 2281 803 2320 primus
826 2279 1001 2320 ponendus
1023 2289 1093 2310 non
1116 2281 1185 2311 erit.

298 2364 303 2368 .
327 2325 368 2358 V.
384 2325 519 2363 Quinto.
532 2324 658 2356 Omnes
673 2330 784 2364 motus
795 2325 972 2365 corporalis
984 2330 1148 2356 creaturae
1164 2324 1354 2357 ordinantur

273 2371 316 2404 nd
337 2380 442 2403 unum
455 2407 458 2410 ‚
471 2370 617 2412 primum
646 2375 787 2406 motum,
810 2376 936 2410 praeter
966 2379 1067 2410 quem
1097 2380 1166 2401 non
1196 2375 1244 2400 est
1273 2371 1354 2402 alius

273 2417 398 2458 primus
422 2416 480 2456 qui
502 2425 572 2446 non
594 2414 767 2454 reducatur
797 2415 831 2445 in
861 2415 982 2455 ipsum.
1012 2414 1099 2455 Ergo
1129 2420 1255 2455 praeter
1278 2416 1354 2446 sub·

273 2462 424 2494 stantiam
453 2459 653 2502 spiritualem
676 2469 760 2500 quae
783 2465 832 2490 est
854 2458 927 2490 finis
950 2459 1047 2500 primi
1069 2465 1190 2496 motus,
1214 2469 1284 2490 non
1303 2466 1355 2491 est

274 2506 384 2547 aliqua
406 2514 491 2546 quae
513 2514 583 2536 non
605 2504 778 2536 reducatur
799 2503 840 2535 ad
862 2505 976 2545 ipsam.
1001 2504 1077 2535 Hoc
1093 2510 1203 2535 autem
1218 2506 1354 2536 nomine

273 2551 338 2583 Dei
359 2549 581 2592 intelligimus.
604 2549 692 2590 Ergo
709 2555 771 2580 etc.
790 2567 810 2572 -
824 2549 983 2580 Probatur
1007 2550 1252 2590 consequentia.
1268 2550 1355 2588 Quia

274 2595 453 2636 substantia
464 2594 642 2635 corporalis
659 2593 826 2625 ordinatur
837 2593 879 2625 ad
889 2594 1090 2634 spiritualem
1102 2595 1186 2625 sicut
1201 2594 1242 2625 ad
1258 2604 1354 2626 suum

274 2642 412 2676 bonum,
437 2640 491 2670 cui
513 2638 652 2670 intendit
675 2639 855 2670 assimilari:
881 2639 958 2679 quia
980 2638 1034 2670 illa
1061 2639 1188 2670 bonitas
1213 2645 1260 2670 est
1286 2640 1355 2679 ple-

274 2686 358 2722 nior,
383 2694 483 2715 omne
511 2689 623 2715 autem
641 2683 732 2724 quod
755 2689 804 2714 est
827 2683 985 2721 desiderat
1007 2684 1171 2724 optimum
1195 2690 1355 2724 quantum

274 2729 430 2773 possibile
454 2735 512 2760 est.

331 2773 577 2806 Advertendum
605 2772 697 2813 quod
723 2773 793 2803 vult
822 2771 959 2811 Sanctus
983 2772 1130 2803 Thomas
1160 2780 1292 2812 arguere
1317 2782 1355 2803 ex

276 2819 520 2861 comparatione
542 2817 795 2848 substantiarum
817 2817 1043 2857 spiritualium,
1068 2826 1152 2857 quae
1176 2823 1251 2847 sunt
1274 2816 1355 2848 fines

274 2870 440 2901 motuum,
456 2863 497 2894 ad
519 2864 608 2903 ipsos
630 2868 741 2893 motus
765 2862 1015 2892 substantiarum
1039 2871 1280 2902 corporearum.
1304 2861 1356 2892 Is-

275 2909 446 2950 tenditque
469 2909 514 2939 sic
538 2916 682 2947 arguere.
713 2906 826 2945 Qualis
850 2912 898 2937 est
925 2905 1007 2937 ordo
1037 2907 1120 2937 inter
1150 2912 1261 2937 motus
1284 2915 1355 2936 cor-

275 2964 407 2996 porum,
420 2954 492 2992 talis
508 2958 556 2984 est
572 2951 654 2983 ordo
669 2952 753 2983 inter
767 2951 961 2982 substantias
976 2951 1166 2991 spirituales,
1180 2960 1264 2991 quae
1281 2956 1356 2986 sunt

275 2999 408 3037 illorum
419 3003 573 3034 motuum
584 2995 675 3027 fines.
689 2995 754 3027 Sed
764 2996 847 3026 inter
858 3000 969 3026 motus
981 3005 1157 3035 corporum
1171 3001 1219 3026 est
1230 3001 1356 3026 tantum

276 3053 362 3076 unus
374 3044 510 3084 primus,
523 3042 563 3072 ad
579 3051 679 3082 quem
697 3050 812 3071 omnes
828 3040 881 3070 alii
896 3039 1105 3070 reducuntur.
1123 3040 1210 3080 Ergo
1227 3046 1258 3071 et
1273 3041 1356 3071 inter

277 3089 469 3120 substantias
482 3086 662 3128 spirituales
675 3091 722 3116 est
734 3091 860 3116 tantum
872 3094 938 3114 una
952 3084 1065 3124 prima,
1078 3085 1111 3115 in
1124 3094 1224 3125 quarn
1240 3094 1356 3116 omnes

277 3134 358 3165 aliae
373 3132 583 3164 reducuntur.
600 3131 642 3162 Et
657 3131 741 3161 hanc
757 3129 895 3160 dicimus
907 3129 1026 3159 Deum.
1039 3129 1126 3169 Ergo
1143 3135 1204 3160 etc.
1216 3147 1239 3151 -
1251 3129 1356 3160 Maior

277 3179 442 3220 probatur.
467 3177 554 3216 Quia
569 3184 787 3216 unaquaeque
803 3173 979 3205 substantia
995 3174 1171 3214 corporalis
1190 3173 1356 3205 ordinatur

278 3223 319 3263 ad
333 3222 534 3264 spiritualem
549 3226 705 3262 tanquam
724 3220 778 3251 cui
792 3229 851 3260 per
867 3227 963 3250 suum
978 3224 1108 3249 motum
1123 3218 1261 3249 intendit
1279 3219 1356 3250 assi—

278 3268 392 3307 milari,
416 3274 573 3308 tanquam
596 3264 780 3307 perfectiori
804 3271 835 3295 et
850 3265 884 3294 in
905 3273 973 3304 quo
990 3263 1118 3303 plenius
1133 3264 1261 3294 bonitas
1277 3273 1356 3294 con-

279 3314 409 3345 tinetur.

338 3368 367 3389 2.
392 3356 457 3388 Sed
471 3356 598 3387 videtur
622 3354 712 3396 quod
735 3355 815 3384 haec
838 3353 919 3383 ratio
942 3362 1012 3383 non
1036 3352 1219 3382 concludat.
1243 3352 1356 3383 Posset

279 3403 368 3434 enim
391 3402 506 3442 aliquis
530 3400 637 3431 dicere
660 3399 762 3440 quod,
785 3398 859 3428 licet
882 3398 922 3427 sit
944 3407 1009 3427 una
1031 3402 1158 3427 tantum
1181 3397 1357 3427 substantia

279 3447 452 3488 spiritualis
471 3447 576 3487 prima
591 3446 675 3482 inter
691 3454 743 3475 eas
760 3452 843 3484 quae
866 3447 941 3472 sunt
964 3441 1044 3472 fines
1068 3447 1231 3478 motuum,
1247 3447 1357 3472 tamen

280 3498 356 3523 sunt
371 3491 480 3532 plures
497 3491 577 3522 aliae
594 3499 678 3531 quae
693 3498 762 3520 non
778 3493 852 3518 sunt
869 3486 949 3518 fines
964 3486 1104 3527 proximi
1119 3492 1282 3522 motuum,
1300 3485 1356 3517 sed

281 3542 357 3568 sunt
379 3536 568 3576 simpliciter
590 3535 724 3576 primae.

338 3581 463 3620 Dicitur
493 3579 584 3621 quod
615 3580 710 3610 istam
740 3578 899 3608 rationem
927 3577 1022 3617 ponit
1052 3575 1187 3606 Sanctus
1211 3574 1356 3606 Thomas

281 3631 438 3666 tanquam
462 3635 499 3656 ex
523 3624 697 3655 Aristotele
720 3628 894 3663 sumptam,
917 3621 990 3652 VIII
1006 3621 1104 3661 Phys.
1117 3621 1134 3637 ἕ
1158 3626 1190 3650 et
1211 3619 1269 3650 XII
1286 3620 1356 3649 Me-

283 3671 411 3711 taphys.
428 3671 455 3707 *‚
475 3670 542 3706 ubi,
559 3674 734 3709 postquam
758 3666 898 3698 ostendit
913 3675 1086 3697 numerum
1109 3664 1357 3695 substantiarum

425 3732 519 3756 SUMMA
541 3731 652 3755 Cox'rna
671 3730 804 3754 Gemmas
825 3729 855 3753 D.
876 3728 992 3752 ’raonis
1011 3726 1079 3751 Tou.
1098 3726 1116 3750 I.

2399 293 2464 318 121

1398 365 1616 400 separatarum
1632 369 1700 390 esse
1720 359 1901 390 secundum
1924 369 2099 390 numerum
2121 365 2274 390 motuum
2298 367 2473 398 corporum

1399 405 1597 440 caelestium,
1622 403 1788 435 concludit
1811 404 1927 434 ultimo
1955 404 2030 434 loco
2055 413 2124 435 esse
2155 413 2254 434 unum
2279 403 2472 443 principem.

1399 448 1494 480 Unde
1517 450 1577 479 ista
1599 449 1680 479 ratio
1704 458 1772 478 non
1796 448 1962 479 concludit
1985 448 2180 489 simpliciter,
2205 448 2261 479 sed
2285 453 2332 478 est
2355 448 2395 478 ad
2414 447 2474 478 ho—

1399 495 1523 524 minem
1545 493 1804 533 Peripateticum.

1456 539 1509 569 VI.
1526 538 1637 568 Sexto.
1654 538 1782 568 Praeter
1797 537 1884 567 hunc
1899 536 2062 567 mundum
2077 546 2146 567 non
2162 541 2209 566 est
2225 535 2305 566 alius
2320 536 2472 567 mundus.

1401 583 1487 623 Ergo
1501 588 1548 613 est
1559 592 1644 613 unus
1656 583 1806 613 omnium
1817 582 2022 621 gubernator.
2031 598 2054 603 —
2063 581 2219 612 Probatur
2231 581 2473 621 consequentia.

1401 627 1488 665 Quia
1503 629 1652 658 omnium
1676 627 1900 658 ordinatorum
1915 626 1956 656 ad
1971 626 2120 662 invicem,
2138 625 2219 655 ordo
2236 634 2351 655 eorum
2366 625 2406 656 ad
2426 626 2474 656 in-

1401 673 1507 703 vicem
1530 678 1578 703 est
1599 677 1733 712 propter
1756 670 1905 702 ordinem
1932 671 1972 701 ad
2000 670 2120 710 aliquid
2144 678 2262 700 unum:
2287 670 2370 700 sicut
2393 670 2474 706 ordo

1402 717 1542 757 partium
1567 718 1724 748 exercitus
1748 722 1796 747 est
1818 721 1951 756 propter
1974 715 2122 745 ordinem
2145 714 2244 744 totius
2264 715 2419 745 exercitus
2435 715 2475 746 ad

1402 761 1530 792 ducem.
1555 762 1650 792 Ratio
1673 767 1783 792 autem
1806 760 1902 791 huius
1922 765 1969 790 est
1985 760 2061 800 quia
2077 759 2199 789 diversa
2214 759 2248 788 in
2264 759 2371 798 aliqua
2386 760 2476 790 habi-

1402 805 1514 837 tudine
1538 807 1622 837 uniri
1651 815 1720 836 non
1749 811 1888 846 possunt
1917 814 1956 835 ex
1984 804 2124 844 propriis
2153 803 2274 833 naturis
2296 804 2476 834 secundum

1403 851 1494 891 quod
1517 857 1592 881 sunt
1615 850 1752 887 diversa;
1776 859 1838 881 nec
1854 859 1892 880 ex
1908 849 2055 890 pluribus
2079 848 2311 884 ordinantibus,
2329 849 2404 888 quia
2419 848 2475 885 illi,

1403 901 1439 926 ut
1462 895 1587 932 diversi,
1611 905 1679 926 non
1702 899 1840 936 possunt
1869 903 1974 925 unum
1998 893 2146 933 ordinem
2171 892 2353 930 intendere;
2379 899 2410 923 et
2432 894 2477 923 sic

1403 940 1485 970 ordo
1508 949 1566 980 per
1589 940 1738 971 accidens
1762 946 1855 971 esset.
1880 938 1970 973 Ordo
1994 944 2103 969 autem
2119 937 2259 967 universi
2274 946 2342 968 non
2358 943 2406 967 est
2420 947 2477 978 per

1403 984 1562 1020 accidens,
1587 984 1767 1016 secundum
1791 983 1882 1024 quod
1904 982 2056 1014 inferiora
2085 991 2144 1022 per
2173 982 2339 1021 superiora
2361 983 2478 1022 guber-

1403 1035 1534 1060 nantur:
1553 1039 1629 1060 cum
1644 1030 1684 1060 sit
1699 1038 1827 1069 semper
1842 1034 1898 1060 aut
1913 1037 1973 1068 pro
1989 1028 2104 1058 maiori
2119 1032 2219 1066 parte.
2243 1026 2330 1066 Ergo
2348 1033 2477 1067 oportet

1404 1084 1472 1105 esse
1489 1083 1592 1104 unum
1609 1075 1752 1114 primum
1768 1073 1988 1104 ordinatorem
2005 1078 2037 1103 et
2051 1072 2301 1112 gubernatorem
2317 1072 2476 1102 omnium.

1458 1118 1702 1149 Advertendum
1725 1118 1788 1154 hic,
1813 1124 1849 1149 ut
1871 1118 2006 1148 habetur
2028 1116 2136 1147 Prima
2150 1116 2261 1154 Parte,
2285 1126 2317 1156 q.
2334 1126 2375 1152 xx,
2400 1126 2428 1146 a.
2446 1117 2477 1153 3,

1405 1163 1495 1204 quod
1511 1163 1607 1194 unius
1617 1173 1682 1204 per
1695 1173 1729 1194 se
1746 1173 1844 1193 unum
1861 1167 1908 1193 est
1930 1171 2040 1197 causa,
2058 1161 2085 1191 si
2099 1160 2216 1197 totalis,
2232 1161 2266 1191 in
2280 1170 2348 1191 uno
2365 1161 2479 1192 ordine

1404 1214 1435 1239 et
1457 1209 1492 1239 in
1515 1217 1584 1238 uno
1607 1217 1724 1248 genere
1749 1217 1877 1244 causae;
1903 1212 1944 1243 et,
1967 1207 1995 1237 si
2019 1206 2121 1235 multa
2144 1210 2220 1235 sunt
2242 1215 2341 1246 causa
2370 1200 2477 1242 unius,

1403 1253 1465 1283 hoc
1481 1262 1547 1282 non
1564 1257 1611 1282 est
1627 1252 1690 1283 nisi
1708 1261 1771 1292 per
1786 1252 1945 1288 accidens,
1962 1251 2026 1281 hoc
2039 1255 2085 1280 est
2096 1259 2154 1290 per
2169 1249 2266 1286 aliud,
2287 1250 2478 1290 inquantum

1404 1297 1527 1328 scilicet
1548 1302 1626 1327 sunt
1647 1297 1758 1337 aliquo
1783 1297 1879 1327 modo
1905 1305 2004 1326 unum
2012 1302 2025 1331 ;
2047 1294 2133 1330 ideo,
2157 1304 2232 1324 cum
2255 1295 2405 1335 primum,
2422 1304 2478 1325 ens

1405 1347 1438 1373 et
1461 1341 1612 1372 ordinans
1636 1342 1676 1372 sit
1698 1340 1969 1381 perfectissimum
1992 1345 2024 1369 et
2046 1349 2104 1379 per
2127 1348 2172 1375 se,
2188 1339 2304 1369 melius
2321 1346 2368 1370 est
2387 1345 2424 1370 ut
2440 1341 2479 1370 sit

1405 1396 1511 1418 unum
1534 1395 1634 1426 quam
1657 1386 1760 1426 plura.
1792 1386 1927 1425 Propter
1957 1384 2031 1419 hoc,
2056 1393 2132 1414 cum
2155 1384 2207 1414 hic
2237 1383 2350 1414 dixerit
2378 1384 2480 1415 multa

1406 1436 1442 1462 ut
1465 1430 1589 1462 diversa
1612 1436 1687 1461 sunt
1709 1440 1778 1460 non
1801 1429 1968 1460 intendere
1996 1437 2100 1458 unum
2131 1428 2288 1464 ordinem,
2312 1428 2481 1459 subintulit

1405 1475 1497 1517 quod
1519 1475 1570 1505 vel
1594 1474 1676 1506 ordo
1699 1483 1807 1505 rerum
1831 1474 1890 1504 erit
1912 1482 1969 1513 per
1993 1473 2151 1508 accidens,
2167 1472 2219 1503 vel
2235 1478 2364 1513 oportet
2386 1473 2481 1504 redu-

1406 1530 1479 1552 cere
1490 1521 1599 1560 ipsum
1611 1519 1651 1549 ad
1667 1518 1789 1560 aliquid
1804 1528 1908 1549 unum
1921 1517 2072 1548 ordinans
2088 1518 2199 1547 omnia
2215 1517 2255 1547 ad
2270 1516 2370 1548 finem
2382 1527 2482 1558 quem

1406 1564 1557 1596 intendit:
1582 1565 1659 1604 quia
1682 1564 1840 1599 videlicet,
1857 1563 1884 1593 si
1899 1567 2040 1602 ponatur
2056 1561 2138 1592 ordo
2154 1571 2261 1592 rerum
2278 1571 2346 1592 esse
2362 1572 2419 1603 per
2435 1572 2480 1599 se,

1408 1616 1440 1641 et
1461 1609 1564 1640 multa
1579 1618 1648 1639 non
1664 1609 1727 1639 sint
1742 1617 1800 1649 per
1815 1617 1849 1638 se
1865 1608 1963 1637 unius
1986 1606 2107 1636 ordinis
2124 1615 2220 1642 causa
2235 1606 2291 1636 sed
2306 1616 2364 1646 per
2384 1607 2481 1643 aliud,

1408 1656 1604 1695 inquantum
1626 1653 1748 1684 scilicet
1778 1653 1840 1683 sint
1870 1660 1985 1687 unum,
2009 1657 2139 1691 oportet
2163 1656 2199 1681 ut
2228 1651 2420 1682 reducantur
2443 1652 2483 1682 ad

1408 1709 1513 1730 unum
1537 1698 1734 1739 principium
1758 1696 1849 1737 quod
1873 1696 1913 1726 sit
1936 1705 2032 1726 causa
2055 1704 2112 1735 per
2135 1705 2179 1725 se.

1464 1743 1532 1775 VII.
1557 1743 1709 1783 Septimo.
1734 1741 1768 1772 Si
1791 1746 1898 1772 essent
1916 1740 2035 1780 plures,
2053 1746 2158 1771 essent
2174 1739 2240 1770 duo
2256 1749 2387 1770 necesse
2404 1749 2484 1770 esse.

1408 1789 1484 1820 Hoc
1507 1793 1618 1819 autem
1641 1793 1689 1818 est
1711 1786 1922 1827 impossibile.
1946 1785 2034 1825 Ergo
2058 1790 2118 1815 etc.
2142 1802 2169 1820 —7
2187 1785 2344 1815 Probatur
2368 1784 2485 1815 falsitas

1408 1833 1649 1873 consequentis.
1666 1831 1763 1870 Quia,
1780 1840 1857 1861 cum
1873 1830 2085 1861 convenirent
2099 1830 2133 1859 in
2148 1829 2328 1860 intentione
2345 1835 2376 1859 et
2392 1829 2485 1869 quid-

1409 1878 1507 1909 ditate
1530 1877 1728 1908 necessitatis
1751 1875 1887 1911 essendi,
1904 1880 2068 1915 oporteret
2084 1879 2120 1904 ut
2135 1873 2407 1914 distinguerentur
2427 1883 2486 1915 per

1408 1921 1531 1963 aliquid
1546 1921 1692 1953 additum
1708 1920 1759 1951 vel
1779 1921 1836 1950 uni
1851 1925 1978 1950 tantum
1994 1919 2045 1950 vel
2060 1920 2200 1959 utn‘que.
2220 1919 2262 1949 Et
2281 1919 2326 1949 sic
2345 1919 2396 1949 vel
2408 1919 2484 1949 alte-

1408 1977 1481 1998 rum
1507 1967 1559 1998 vel
1586 1971 1763 2005 utrumque
1787 1970 1870 1995 esset
1893 1964 2125 2004 compositum.
2150 1963 2250 2001 Quod
2273 1970 2431 2003 repugnat
2454 1964 2486 1994 ei

1408 2010 1500 2052 quod
1511 2020 1643 2042 necesse
1656 2015 1704 2041 est
1716 2019 1785 2040 esse
1796 2018 1855 2049 per
1869 2009 2022 2049 seipsum,
2035 2014 2072 2038 ut
2085 2008 2232 2048 superius
2248 2013 2295 2038 est
2307 2013 2483 2038 ostensum.

1467 2055 1610 2087 Octavo:
1626 2060 1659 2085 et
1674 2059 1721 2085 est
1737 2052 1940 2084 confirmatio
1956 2051 2187 2094 praecedentis.
2212 2051 2295 2082 Illud
2310 2061 2377 2092 quo
2394 2051 2484 2083 diffe-

1407 2106 1483 2133 runt
1502 2101 1563 2131 ista
1585 2109 1669 2140 quae
1684 2099 1719 2129 in
1734 2098 1925 2130 necessitate
1940 2097 2065 2128 essendi
2081 2097 2290 2133 conveniunt,
2307 2102 2363 2127 aut
2377 2098 2484 2137 requi-

1407 2147 1487 2176 ritur
1510 2145 1550 2176 ad
1572 2144 1796 2175 necessitatem
1826 2141 1963 2179 essendi,
1987 2147 2042 2172 aut
2065 2151 2143 2172 non.
2173 2141 2206 2172 Si
2229 2151 2308 2178 non,
2332 2151 2408 2181 ergo
2438 2147 2485 2172 est

1408 2189 1531 2231 aliquid
1554 2187 1761 2220 accidentale.
1786 2187 1850 2218 Sed
1872 2188 1936 2218 hoc
1959 2193 2007 2217 est
2030 2186 2238 2226 impossibile.
2268 2185 2354 2224 Quia
2377 2196 2484 2226 neque

1409 2239 1592 2266 causaretur
1607 2234 1647 2263 ab
1663 2232 1800 2264 essentia
1817 2232 1886 2262 eius
1898 2231 1989 2271 quod
2005 2237 2052 2262 est
2067 2240 2199 2262 necesse
2216 2240 2298 2261 esse:
2316 2231 2392 2270 quia
2407 2237 2485 2261 tunc

1409 2286 1585 2319 utrumque
1596 2278 1728 2308 haberet
1742 2276 1832 2313 illud,
1846 2286 1921 2307 cum
1934 2281 2109 2316 utrumque
2121 2276 2344 2306 necessitatem
2360 2276 2486 2306 essendi

1409 2325 1535 2356 habeat.
1555 2323 1672 2363 Neque
1691 2322 1730 2352 ab
1743 2322 1853 2362 aliquo
1873 2321 1952 2352 alio:
1972 2321 2048 2361 quia
2067 2326 2146 2351 tunc
2162 2329 2231 2350 esse
2247 2321 2415 2360 utriusque
2431 2320 2486 2351 de-

1409 2368 1566 2410 penderet
1581 2368 1620 2398 ab
1637 2367 1758 2407 aliquo,
1776 2373 1808 2397 et
1823 2366 1869 2396 sic
1883 2371 2036 2396 neutrum
2053 2371 2135 2395 esset
2157 2374 2289 2395 necesse
2313 2373 2391 2395 esse.
2407 2365 2486 2396 Pro-

1410 2415 1503 2445 batur
1527 2411 1775 2452 consequentia:
1802 2411 1878 2451 quia
1901 2416 1990 2447 tunc,
2014 2410 2074 2440 nisi
2097 2410 2151 2440 illa
2174 2419 2270 2440 causa
2302 2415 2393 2446 esset,
2417 2419 2486 2440 non

1410 2464 1493 2490 esset
1516 2457 1597 2489 illud
1619 2456 1783 2493 accidens;
1808 2461 1839 2486 et
1855 2460 2093 2496 consequenter
2107 2463 2176 2494 non
2191 2459 2274 2485 esset
2289 2454 2419 2485 illorum
2440 2454 2486 2484 di—

1410 2503 1557 2539 stinctim
1582 2507 1613 2533 et
1629 2502 1674 2532 sic
1689 2511 1758 2531 non
1775 2506 1882 2531 essent
1896 2500 1974 2537 duo,
1991 2499 2048 2530 sed
2063 2508 2177 2530 unum.
2193 2517 2216 2522 —
2231 2498 2264 2529 Si
2280 2499 2335 2535 sic,
2352 2505 2407 2529 aut
2422 2500 2486 2530 hoc

1411 2554 1459 2580 est
1478 2548 1556 2588 quia
1577 2545 1752 2577 includitur
1775 2546 1809 2575 in
1832 2545 1956 2580 ratione
1971 2544 2168 2575 necessitatis
2184 2543 2323 2574 essendi:
2340 2550 2395 2574 aut
2411 2545 2487 2584 quia

1410 2593 1583 2624 necessitas
1599 2590 1725 2621 essendi
1741 2588 1944 2629 specificatur
1962 2599 2020 2629 per
2034 2588 2125 2619 illud.
2142 2588 2218 2618 Non
2234 2588 2391 2628 primum:
2410 2589 2487 2628 quia

1410 2644 1489 2668 tunc
1512 2641 1596 2667 esset
1610 2635 1643 2665 in
1660 2640 1812 2674 utroque,
1829 2634 1912 2664 sicut
1935 2639 1967 2664 et
1989 2633 2162 2664 necessitas
2185 2632 2321 2663 essendi.
2345 2633 2421 2662 Non
2437 2642 2486 2663 se-

1411 2681 1570 2713 cundum:
1585 2680 1662 2720 quia
1673 2685 1751 2710 tunc
1764 2678 1943 2718 compleret
1953 2678 2177 2708 necessitatem
2189 2677 2315 2707 essendi
2327 2683 2486 2717 quantum

1411 2726 1452 2757 ad
1463 2735 1542 2761 esse,
1556 2730 1587 2755 et
1598 2734 1667 2755 non
1679 2729 1838 2764 quantum
1850 2723 1890 2754 ad
1905 2723 2120 2754 intentionem
2135 2722 2333 2752 necessitatis
2349 2721 2484 2757 essendi,

1410 2772 1493 2802 sicut
1516 2768 1694 2800 differentia
1717 2767 1862 2808 complet
1884 2777 1997 2808 genus.
2027 2767 2102 2797 Hoc
2126 2772 2234 2797 autem
2259 2772 2306 2796 est
2335 2766 2485 2806 impossi-

1410 2815 1485 2846 bile.
1510 2814 1598 2844 Tum
1623 2814 1699 2854 quia
1722 2813 1792 2844 eius
1816 2812 1907 2852 quod
1931 2818 1978 2842 est
2000 2821 2131 2842 necesse
2155 2820 2224 2842 esse
2244 2820 2301 2841 sua
2325 2810 2485 2850 quidditas

1412 2866 1460 2892 est
1475 2868 1572 2890 suum
1588 2868 1668 2889 esse.
1691 2858 1781 2889 Tum
1805 2858 1881 2897 quia
1903 2857 1965 2897 ipsi
1988 2857 2207 2897 acquireretur
2222 2865 2291 2886 esse
2305 2864 2362 2894 per
2382 2855 2482 2886 aliud:

1410 2906 1476 2936 hoc
1499 2909 1609 2935 autem
1632 2908 1680 2934 est
1702 2902 1912 2943 impossibile.
1937 2902 2023 2941 Ergo
2048 2907 2108 2932 etc.

1469 2959 1499 2980 2.
1515 2947 1705 2979 Notandum
1720 2948 1838 2988 primo,
1852 2946 1943 2987 quod
1958 2945 2136 2977 differentia
2148 2944 2317 2985 dupliciter
2329 2943 2368 2974 ad
2382 2953 2484 2983 genus

1411 2999 1520 3035 potest
1535 2993 1730 3033 comparari:
1754 3002 1823 3023 uno
1838 2991 1952 3027 modo,
1969 2990 2148 3021 secundum
2165 2988 2345 3020 absolutam
2359 2989 2484 3028 generis

1412 3038 1626 3079 quidditatem
1656 3043 1687 3067 et
1716 3038 1891 3073 rationem3
1916 3036 1980 3066 alio
2010 3035 2123 3071 modo,
2146 3035 2180 3064 in
2204 3033 2315 3064 ordine
2346 3032 2386 3063 ad
2416 3042 2484 3063 esse

1411 3083 1544 3114 actualis
1568 3082 1764 3113 existentiae.
1796 3081 1830 3112 Si
1853 3081 1959 3121 primo
1983 3080 2085 3110 modo
2108 3084 2323 3119 comparetur,
2347 3078 2392 3107 sic
2415 3087 2483 3108 non

1412 3133 1460 3158 est
1481 3127 1607 3168 generis
1631 3127 1840 3167 completiva:
1864 3135 1967 3166 genus
1984 3125 2070 3155 enim
2086 3124 2181 3154 habet
2197 3129 2270 3153 ante
2286 3121 2484 3153 additionem

1412 3171 1609 3203 differentiae
1633 3171 1796 3207 divisivae,
1812 3175 1850 3201 ut
1865 3170 1942 3201 dicit
1957 3169 2093 3200 Sanctus
2109 3168 2264 3203 Thomas,
2281 3176 2373 3197 suam
2394 3176 2484 3197 com-

1410 3217 1531 3257 pletam
1555 3217 1724 3247 rationem.
1740 3233 1764 3238 -
1779 3215 1813 3246 Si
1829 3225 1906 3245 vero
1923 3213 2067 3244 secundo
2084 3212 2184 3244 modo
2208 3216 2422 3251 comparetur,
2438 3211 2484 3252 sic

1412 3267 1459 3292 est
1483 3261 1679 3301 completiva
1701 3261 1837 3301 generis.
1862 3259 1949 3297 Quia
1963 3258 2110 3288 videlicet
2126 3257 2292 3287 constituit
2314 3257 2484 3296 proprium

1411 3307 1632 3346 susceptivum
1646 3315 1725 3341 esse,
1738 3306 1763 3335 si
1780 3306 1820 3335 sit
1835 3304 1948 3335 ultima
1960 3302 2149 3334 differentia:
2166 3311 2242 3331 nam
2257 3310 2325 3331 non
2338 3306 2485 3340 expectat

1412 3351 1535 3391 species
1559 3351 1788 3390 specialissima
1810 3348 1897 3379 aliud
1920 3348 2115 3388 principium
2139 3345 2274 3376 formale
2297 3344 2338 3375 ad
2360 3345 2425 3375 hoc
2448 3350 2485 3375 ut

1412 3397 1461 3431 sit,
1481 3396 1557 3426 licet
1571 3396 1606 3425 in
1621 3396 1716 3425 rebus
1739 3393 1955 3425 materialibus
1978 3392 2179 3431 requirantur
2202 3389 2376 3420 materialia
2397 3390 2484 3429 prin—

1413 3441 1507 3480 cipia.
1532 3439 1565 3470 Si
1581 3445 1690 3470 autem
1706 3449 1774 3469 non
1790 3439 1829 3468 sit
1846 3438 1958 3468 ultima
1974 3435 2159 3471 differentia,
2176 3434 2251 3465 facit
2265 3443 2367 3474 genus
2383 3434 2484 3474 magis

1412 3485 1674 3526 appropinquare
1702 3483 1742 3515 ad
1769 3492 1852 3514 esse:
1881 3491 1920 3512 eo
1945 3480 2035 3521 quod
2060 3489 2163 3520 genus
2188 3489 2256 3512 non
2283 3479 2386 3519 possit
2416 3488 2484 3520 esse

1412 3535 1487 3560 actu
1502 3529 1564 3559 nisi
1579 3538 1636 3569 per
1653 3528 1863 3559 differentiam
1887 3526 2050 3561 limitetur,
2067 3530 2103 3555 ut
2119 3525 2215 3555 etiam
2238 3524 2385 3563 superius
2400 3524 2418 3539 ἕ
2438 3529 2486 3554 est

1413 3580 1590 3605 ostensum.

1468 3617 1659 3649 Notandum
1682 3616 1826 3648 secundo
1851 3613 1951 3655 quod,
1969 3623 2044 3653 cum
2067 3622 2169 3655 genus
2193 3622 2250 3652 per
2274 3611 2485 3643 differentiam

1412 3663 1566 3694 limitatur
1591 3668 1622 3692 et
1646 3662 1884 3702 appropinquat
1901 3658 1939 3689 ad
1956 3668 2034 3695 esse,
2051 3658 2187 3698 acquirit
2202 3666 2270 3688 esse
2286 3666 2344 3697 per
2364 3657 2485 3697 aliquid

2307 3717 2339 3742 16

2512 3524 2521 3531 ·
2537 3522 2595 3549 Cap.
2608 3528 2671 3543 xxiv.
