2768 4134
36 1030 46 1039 '
61 1028 119 1055 Cap.
135 1034 213 1056 praec.

34 1240 170 1289 ''gapstnffi
181 1240 245 1262 ⁵511.

32 1719 42 1728 ·
52 1718 176 1746 1Meeap11.
186 1725 246 1744 1,i2;

31 1751 58 1773 11,
74 1751 93 1773 7.

30 2126 39 2135 ·
56 2124 93 2146 Cf.
110 2125 243 2147 Commem.

30 2157 81 2179 cap.
96 2157 182 2179 praec„
193 2151 243 2173 init.

282 308 358 346 328

334 390 440 425 Item.
459 387 589 423 Omne
604 395 720 432 agens
735 383 810 431 agit
829 382 901 419 sibi
920 381 1055 418 simile.
1071 381 1184 418 Unde
1200 387 1352 429 oportet

282 440 388 489 quod
416 438 635 475 secundum
662 437 739 473 hoc
771 443 856 483 agat
890 433 1206 483 unumquodque
1235 444 1352 481 agens

281 491 499 529 secundum
518 490 626 539 quod
646 489 762 526 habet
781 487 1074 525 similitudinem
1094 486 1152 523 sui
1173 486 1350 523 effectus:

281 545 377 582 sicut
409 543 504 592 ignis
537 542 705 580 calefacit
737 541 957 579 secundum
994 539 1161 577 modum
1195 538 1254 575 sui
1292 550 1352 576 ca-

280 597 379 634 loris.
410 597 487 634 Sed
516 595 556 632 in
585 595 758 645 quolibet
776 602 911 642 agente
935 605 1004 643 per
1022 594 1276 637 voluntatem,
1296 590 1352 628 in·
1376 603 1385 622 ε

280 657 470 700 quantum
506 648 745 694 huiusmodi,
775 655 831 684 est
859 646 1070 684 similitudo
1098 644 1159 682 sui
1192 645 1353 682 effectus

279 702 495 740 secundum
530 701 741 739 intellectus
777 699 1148 750 apprehensionem:
1179 698 1210 735 si
1246 697 1351 734 enim

278 755 496 793 secundum
524 762 684 792 naturae
720 753 1014 803 dispositionem
1050 753 1180 789 solum
1212 750 1353 788 inesset

278 808 487 846 similitudo
517 808 677 845 effectus
705 806 831 856 agenti
858 804 1090 851 voluntario,
1119 816 1201 841 non
1225 812 1353 853 ageret

277 861 349 900 nisi
384 874 522 907 unum,
551 860 642 910 quia
679 861 774 898 ratio
809 859 992 897 naturalis
1026 857 1144 895 unius
1182 866 1238 896 est
1272 870 1352 895 una
1368 875 1394 889 ιο

276 922 438 953 tantum.
460 915 591 952 Omne
611 913 724 963 igitur
743 925 859 962 agens
878 911 1144 950 voluntarium
1171 911 1352 961 producit

278 969 460 1006 effectum
479 967 699 1005 secundum
714 966 903 1004 rationem
924 965 983 1002 sui
1001 965 1227 1002 intellectus
1243 965 1351 1002 Deus

277 1029 407 1059 autem
443 1020 518 1069 agit
551 1033 622 1070 per
655 1021 907 1064 voluntatem,
938 1026 979 1055 ut
1014 1026 1215 1055 ostensum
1244 1025 1300 1055 est
1318 1017 1349 1054 *.

276 1075 392 1124 Igitur
418 1086 489 1124 per
515 1073 744 1124 sapientiam
774 1072 833 1109 sui
862 1072 1075 1109 intellectus
1103 1084 1164 1109 res
1199 1071 1239 1108 in
1267 1083 1351 1108 esse

275 1127 466 1178 producit.
1368 1142 1390 1161 ,ς

329 1180 519 1230 Amplius.
559 1179 787 1218 Secundum
824 1179 1124 1228 Philosophum,
1154 1178 1194 1215 in
1222 1179 1236 1214 I
1265 1180 1351 1215 Me-

274 1236 373 1285 taph.
389 1234 419 1280 ²¹²,
440 1234 620 1271 ordinare
645 1234 820 1283 sapientis
848 1238 916 1270 est:
944 1231 1136 1269 ordinatio
1160 1230 1267 1268 enim
1286 1230 1351 1268 ali-

275 1299 446 1337 quorum
482 1287 565 1324 fieri
601 1299 681 1323 non
717 1293 843 1335 potest
877 1285 949 1323 nisi
983 1297 1054 1335 per
1087 1284 1351 1333 cognitionem

275 1340 511 1378 habitudinis
540 1348 576 1377 et
608 1338 871 1389 proportionis
909 1338 1179 1376 ordinatorum
1213 1338 1262 1375 ad
1295 1337 1351 1374 in-

274 1393 411 1439 vicem,
442 1401 479 1430 et
506 1394 556 1431 ad
588 1392 734 1443 aliquid
767 1392 878 1430 altius
908 1392 1002 1438 eius,
1032 1392 1140 1442 quod
1175 1399 1231 1428 est
1262 1390 1352 1428 finis
1367 1409 1394 1423 20

275 1459 430 1492 eorum;
469 1447 567 1484 ordo
604 1447 710 1484 enim
745 1445 969 1495 aliquorum
1006 1446 1056 1483 ad
1093 1444 1262 1482 invicem
1296 1452 1352 1481 est

273 1509 432 1550 propter
461 1500 640 1538 ordinem
676 1512 815 1537 eorum
853 1499 903 1537 ad
937 1499 1072 1536 finem.
1105 1499 1351 1547 Cognoscere

274 1562 403 1591 autem
426 1553 672 1592 habitudines
701 1561 738 1590 et
765 1552 1038 1603 proportiones
1059 1551 1282 1602 aliquorum
1301 1551 1351 1588 ad

274 1607 442 1644 invicem
471 1615 527 1644 est
555 1607 674 1644 solius
693 1606 870 1644 habentis
898 1605 1149 1650 intellectum
1180 1604 1350 1642 iudicare

274 1668 406 1698 autem
434 1661 482 1697 de
511 1660 706 1710 aliquibus
738 1672 808 1710 per
842 1671 1003 1697 causam
1037 1658 1264 1696 altissimam
1292 1670 1350 1695 sa—

274 1713 440 1763 pientiae
461 1722 516 1751 est
526 1714 557 1750 *.
579 1715 627 1751 Et
646 1713 700 1750 sic
719 1720 871 1763 oportet
890 1713 998 1762 quod
1014 1712 1143 1749 omnis
1158 1710 1350 1749 ordinatio

327 1825 344 1851 8
362 1826 450 1851 solum
468 1825 511 1851 hic
529 1826 551 1850 A
569 1825 659 1856 solus;
678 1824 722 1850 hic
739 1828 766 1850 et
781 1827 845 1857 post
864 1824 886 1849 si
905 1824 975 1849 enim
995 1824 1027 1854 G,
1044 1827 1108 1856 post
1127 1824 1149 1849 si
1168 1824 1238 1849 enim
1257 1823 1349 1849 ceteri.

274 1861 350 1886 altius
370 1869 402 1886 eo
421 1861 474 1892 sG;
494 1861 533 1893 pE
552 1861 633 1894 legit.-
653 1865 679 1885 et
696 1861 729 1885 ad
748 1860 856 1885 alicuius
876 1860 973 1893 aliquid
992 1859 1064 1891 eius3
1084 1860 1127 1892 pG
1145 1860 1197 1884 Iac.

329 1896 342 1921 5
362 1896 414 1929 vel]
433 1901 463 1921 ut
481 1896 528 1928 Ge,
546 1896 588 1921 vel
608 1901 637 1921 ut
654 1896 727 1920 NPd.
820 1903 851 1920 12
873 1895 1008 1928 factibiles]
1028 1895 1150 1920 factibilia
1168 1894 1215 1920 Nb.

1038 1983 1377 2016 Commentaria

276 2083 432 2146 prunum
457 2073 664 2103 corollarium
689 2082 726 2102 ex
758 2071 963 2112 praecedenti
989 2072 1203 2102 conclusione
1227 2071 1350 2112 depen—
1374 2070 1378 2109 ί

334 2118 413 2149 dens
433 2118 449 2134 ³*
480 2123 544 2148 est:
579 2117 670 2148 Deus
694 2116 826 2157 effectus
849 2126 927 2147 suos
950 2126 1014 2157 per
1036 2126 1129 2147 suam
1156 2116 1349 2156 sapientiam

265 2162 431 2203 producit.

326 2207 348 2238 1.
366 2207 531 2237 Probatur
549 2206 671 2247 primo.
690 2206 778 2236 Deus
795 2206 859 2246 agit
875 2215 933 2246 per
949 2205 1162 2236 voluntatem.
1189 2205 1275 2246 Ergo
1293 2214 1350 2246 per

271 2251 566 2292 apprehensionem
581 2250 822 2281 intellectivam.
835 2250 922 2290 Ergo
939 2259 997 2290 per
1012 2260 1105 2281 suam
1117 2250 1318 2290 sapientiam.
1328 2268 1351 2272 —

271 2297 362 2326 Patet
385 2296 488 2336 prima
513 2295 757 2336 consequentia.
782 2294 869 2332 Quia
884 2294 1035 2325 voluntas
1051 2304 1090 2325 ex
1110 2295 1219 2334 aliqua
1235 2304 1351 2335 appre-

272 2341 430 2371 hensione
453 2345 605 2370 movetur
621 2338 661 2370 ad
676 2338 849 2379 agendum.
875 2339 910 2369 ln
927 2339 999 2370 Deo
1016 2344 1126 2370 autem
1141 2348 1209 2370 non
1227 2345 1274 2370 est
1289 2339 1350 2369 alia

272 2385 487 2425 apprehensio
516 2393 615 2424 quarn
642 2383 878 2414 intellectualis.
905 2401 929 2406 -
956 2383 1106 2414 Secunda
1130 2384 1227 2414 etiam
1251 2389 1349 2424 patet.

272 2429 359 2468 Quia
381 2428 462 2459 nihil
485 2428 634 2468 intelligit
656 2429 718 2458 nisi
741 2427 952 2468 intelligendo
975 2437 1020 2464 se,
1038 2437 1138 2468 quem
1162 2428 1350 2468 intelligere,

272 2479 388 2514 utpote
411 2473 599 2504 altissimam
623 2473 813 2503 existentem
837 2481 978 2509 causam,
996 2478 1043 2503 est
1063 2473 1243 2513 sapientem
1271 2482 1349 2504 esse.

329 2518 366 2549 11.
383 2517 544 2549 Secundo.
561 2518 651 2548 Deus
667 2517 732 2557 agit
746 2526 804 2557 per
828 2517 1040 2548 voluntatem.
1065 2517 1152 2558 Ergo
1168 2517 1349 2548 secundum

272 2563 433 2593 rationem
457 2562 506 2592 sui
530 2562 712 2593 intellectus
735 2562 809 2602 agit.
833 2561 920 2602 Ergo
945 2566 1006 2592 etc.
1022 2579 1045 2584 —
1065 2561 1224 2592 Probatur
1246 2562 1351 2602 prima

273 2607 516 2647 consequentia.
542 2606 639 2645 Quia,
663 2615 740 2637 cum
763 2615 863 2636 omne
884 2615 982 2646 agens
998 2611 1070 2646 agat
1085 2606 1144 2637 sibi
1161 2607 1276 2643 simile,
1293 2616 1351 2638 ne·

273 2661 362 2682 cesse
385 2657 433 2682 est
456 2657 492 2682 ut
522 2650 787 2691 unumquodque
818 2656 890 2691 agat
920 2650 1101 2682 secundum
1133 2651 1224 2691 quod
1254 2652 1351 2682 habet

273 2695 517 2727 similitudinem
533 2696 583 2726 sui
599 2695 742 2726 effectus.
761 2695 795 2726 ln
813 2695 960 2736 quolibet
976 2701 1086 2726 autem
1102 2701 1217 2736 agente
1235 2696 1351 2727 volun-

273 2741 364 2777 tario,
381 2742 576 2781 inquantum
600 2739 798 2777 huiusmodi,
816 2745 863 2770 est
884 2739 1065 2771 similitudo
1081 2741 1131 2771 sui
1148 2739 1281 2772 effectus
1302 2750 1351 2772 se-

273 2784 418 2816 cundum
441 2785 734 2826 apprehensionem
759 2784 952 2815 intellectus.
970 2784 1071 2822 Quod
1091 2785 1247 2825 probatur
1263 2786 1350 2826 quia,

274 2830 299 2860 si
323 2835 405 2860 esset
427 2830 461 2860 in
485 2830 557 2870 ipso
582 2829 690 2860 solum
720 2829 903 2860 secundum
933 2835 1066 2860 naturae
1090 2829 1351 2870 dispositionem,

273 2884 341 2905 non
365 2880 473 2915 ageret
495 2874 557 2905 nisi
580 2883 700 2904 unum:
727 2875 803 2914 quia
826 2874 908 2904 ratio
932 2874 1084 2904 naturalis
1104 2875 1201 2905 unius
1218 2881 1265 2905 est
1281 2881 1351 2906 tan-

273 2925 343 2950 tum
367 2928 443 2949 una.

328 2962 572 2994 Advertendum
596 2962 687 3003 quod
711 2962 889 2993 similitudo
907 2962 1040 2993 effectus
1056 2969 1164 3004 potest
1180 2964 1213 2994 in
1230 2974 1298 2994 uno
1320 2970 1351 2995 et

275 3008 391 3038 eodem
408 3017 476 3038 esse
491 3007 672 3038 secundum
689 3006 936 3048 dispositionem
957 3013 1090 3038 naturae
1118 3014 1149 3039 et
1169 3008 1350 3039 secundum

274 3053 567 3093 apprehensionem
582 3051 781 3083 intellectus:
798 3052 882 3083 sicut
897 3061 973 3082 cum
989 3053 1094 3092 pictor
1111 3059 1166 3084 aut
1181 3054 1352 3085 statuarius

275 3098 324 3127 sui
348 3098 448 3137 ipsius
471 3097 646 3137 imaginem
675 3095 802 3127 format.
833 3096 897 3127 Sed
920 3097 947 3127 si
970 3102 1042 3137 agat
1073 3106 1121 3129 ex.
1141 3097 1351 3129 similitudine

275 3141 455 3172 secundum
479 3146 612 3172 naturae
636 3140 895 3182 dispositionem,
912 3147 984 3181 aget
1006 3147 1132 3172 tantum
1153 3152 1221 3173 uno
1238 3142 1350 3179 modo,

276 3186 301 3215 si
324 3195 391 3216 non
423 3185 503 3216 adsit
535 3185 824 3226 impedimentum:
850 3186 943 3222 sicut,
968 3195 1043 3216 cum
1073 3193 1205 3226 generat
1235 3186 1350 3223 filium,

278 3229 427 3269 producit
450 3231 557 3270 ipsum
582 3230 721 3260 similem
745 3229 804 3260 sibi
837 3234 995 3270 quantum
1026 3236 1142 3271 potest,
1168 3237 1198 3262 et
1223 3241 1351 3272 semper

277 3273 421 3305 eiusdem
440 3274 647 3311 conditionis,
660 3274 722 3305 nisi
739 3273 869 3305 aliunde
885 3275 1055 3315 proveniat
1071 3275 1249 3312 diversitas;
1263 3277 1350 3317 quia,

277 3324 312 3348 ut
328 3319 434 3359 inquit
450 3318 586 3349 Sanctus
599 3318 755 3355 Thomas,
773 3319 853 3349 ratio
870 3319 1022 3349 naturalis
1039 3319 1071 3349 in
1089 3325 1202 3359 agente
1220 3326 1267 3351 est
1282 3326 1352 3351 tan-

277 3368 347 3392 tum
370 3373 434 3393 una
458 3369 489 3393 et
513 3373 581 3394 non
605 3363 730 3403 plures;
755 3364 851 3394 unius
875 3364 962 3394 enim
987 3364 1032 3394 rei
1057 3369 1104 3394 est
1127 3373 1191 3394 una
1212 3366 1292 3395 ratio
1320 3371 1351 3396 et

278 3416 342 3436 una
357 3413 479 3437 natura.
505 3407 538 3438 Si
562 3413 672 3438 autem
687 3413 759 3448 agat
775 3417 813 3438 ex
829 3406 1039 3438 similitudine
1060 3408 1215 3439 existente
1238 3410 1272 3440 in
1295 3419 1351 3450 ap-

277 3451 502 3490 prehensione,
526 3461 593 3482 non
617 3451 848 3483 determinatur
871 3452 910 3484 ad
936 3461 1054 3483 unum:
1081 3453 1158 3493 quia
1181 3458 1288 3493 potest
1312 3454 1352 3485 de

279 3495 384 3534 seipso
408 3496 516 3535 plures
539 3495 678 3527 formare
702 3502 892 3537 conceptus,
917 3502 995 3537 puta
1020 3502 1218 3538 conceptum
1235 3503 1266 3528 et
1281 3498 1352 3529 ido-

279 3538 347 3568 lum
371 3539 482 3579 capitis
505 3541 554 3570 sui
578 3539 752 3578 dumtaxat,
770 3546 801 3572 et
817 3546 1015 3582 conceptum
1039 3549 1208 3578 manuum,
1226 3547 1257 3572 et
1273 3551 1352 3573 con-

281 3587 411 3622 ceptum
428 3583 565 3622 pedum;
590 3590 621 3615 et
645 3585 690 3615 sic
713 3590 821 3626 potest
836 3585 1018 3626 producere
1034 3584 1157 3626 aliquid
1173 3586 1276 3617 simile
1293 3586 1352 3617 sibi

281 3626 460 3656 secundum
485 3634 590 3668 caput,
615 3634 647 3659 et
670 3629 792 3670 aliquid
824 3629 927 3660 simile
958 3629 1139 3660 secundum
1170 3639 1296 3667 manus,
1321 3636 1353 3662 et

279 3670 402 3710 aliquid
426 3672 604 3702 secundum
628 3673 736 3712 pedes.

1309 1902 1342 1926 ¹4
1362 1893 1537 1927 Philosophus
1552 1897 1617 1926 post
1636 1894 1696 1919 dicit
1715 1894 1826 1919 anxrc.

764 305 952 342 SUMMA
982 303 1205 340 CONTRA
1233 273 1510 346 GENTILES,
1539 301 1634 337 LIB.
1655 302 1697 345 II,
1727 300 1839 337 CAP.
1860 301 1996 337 XXIV.

1407 391 1478 428 per
1496 378 1725 428 sapientiam
1754 377 1916 415 alicuius
1943 378 2184 427 intelligentis
2203 379 2281 416 fiat.
2310 380 2423 417 Unde
2447 387 2483 416 et

1408 431 1448 468 in
1475 431 1712 469 mechanicis
1741 431 1982 469 ordinatores
2010 431 2280 469 aedificiorum
2302 434 2484 482 sapientes

1408 484 1507 522 illius
1535 484 1684 522 artificii
1712 484 1904 522 dicuntur.
1941 485 2019 522 Res
2055 492 2186 521 autem
2215 497 2316 534 quae
2344 493 2434 523 sunt
2461 498 2484 522 a

1409 538 1494 575 Deo
1515 537 1739 587 productae,
1760 537 1940 575 ordinem
1968 538 2018 575 ad
2046 537 2216 574 invicem
2235 537 2380 575 habent
2402 550 2484 576 non

1409 593 1616 637 casualem,
1636 603 1730 628 cum
1749 590 1796 628 sit
1814 603 1969 640 semper
1986 592 2050 628 vel
2078 591 2118 628 in
2146 590 2334 640 pluribus.
2355 591 2404 628 Et
2431 591 2485 628 sic

1408 652 1512 694 patet
1540 644 1648 694 quod
1678 645 1785 681 Deus
1814 656 1874 680 res
1903 644 1942 681 in
1971 656 2054 681 esse
2083 643 2266 693 produxit
2294 656 2360 681 eas
2383 643 2485 681 ordi-

1408 697 1552 735 nando.
1582 698 1690 734 Deus
1719 697 1832 746 igitur
1858 708 1929 746 per
1957 709 2070 734 suam
2099 696 2327 747 sapientiam
2356 709 2416 734 res
2445 697 2484 734 in

1408 763 1491 788 esse
1520 750 1714 800 produxit.

1462 804 1615 841 Adhuc.
1652 804 1710 841 Ea
1742 815 1843 853 quae
1879 810 1969 840 sunt
2003 816 2026 840 a
2058 804 2268 850 voluntate,
2296 805 2360 841 vel
2396 811 2486 841 sunt

1408 857 1576 907 agibilia,
1592 856 1690 894 sicut
1709 865 1816 894 actus
1830 856 2030 903 virtutum,
2047 856 2115 906 qui
2130 865 2219 894 sunt
2232 856 2486 907 perfectiones

1408 910 1621 960 operantis:
1652 911 1715 947 vel
1742 917 1942 947 transeunt
1960 909 2001 947 in
2020 909 2251 947 exteriorem
2270 910 2484 956 materiam,

1408 976 1509 1013 quae
1531 963 1723 1012 factibiles
1756 962 1949 1000 dicuntur.
1986 963 2036 1000 Et
2070 963 2124 1000 sic
2155 970 2260 1012 patet
2287 964 2396 1013 quod
2424 976 2485 1001 res

1407 1025 1557 1054 creatae
1577 1024 1666 1054 sunt
1685 1029 1708 1054 a
1727 1017 1813 1053 Deo
1834 1016 1931 1054 sicut
1950 1016 2081 1054 factae.
2102 1017 2340 1054 Factibilium
2360 1023 2484 1054 autem

1408 1072 1504 1108 ratio
1533 1077 1584 1107 est
1612 1083 1688 1116 ars,
1718 1069 1815 1107 sicut
1843 1069 2108 1119 Philosophus
2136 1069 2227 1107 dicit
2244 1069 2276 1106 *.
2315 1069 2484 1120 Compa-

1408 1131 1541 1161 rantur
1569 1123 1682 1172 igitur
1710 1135 1849 1160 omnes
1878 1135 1938 1160 res
1966 1130 2116 1160 creatae
2144 1123 2194 1160 ad
2227 1123 2359 1160 Deum
2387 1122 2486 1161 sicut

1408 1176 1604 1214 artifieiata
1632 1176 1683 1214 ad
1711 1176 1910 1214 artificem.
1942 1176 2020 1214 Sed
2048 1176 2180 1214 artifex
2207 1188 2279 1226 per
2306 1176 2485 1214 ordinem

1408 1242 1501 1267 suae
1534 1229 1743 1279 sapientiae
1776 1237 1812 1266 et
1845 1229 2057 1267 intellectus
2094 1229 2293 1267 artificiata
2325 1229 2365 1266 in
2401 1241 2484 1268 esse

1407 1283 1597 1333 producit.
1627 1284 1729 1332 Ergo
1756 1290 1793 1320 et
1816 1283 1924 1320 Deus
1950 1295 2089 1320 omnes
2115 1290 2310 1320 creaturas
2333 1295 2405 1333 per
2422 1295 2484 1321 or-

1408 1337 1541 1374 dinem
1571 1335 1631 1374 sui
1660 1336 1872 1374 intellectus
1900 1335 1998 1374 fecit.

1469 1390 1557 1427 Hoc
1597 1397 1730 1427 autern
1772 1388 1904 1426 divina
1950 1389 2174 1427 auctoritate
2216 1389 2483 1427 confirmatur.

1408 1444 1514 1481 Nam
1543 1443 1683 1480 dicitur
1706 1442 1745 1480 in
1770 1443 1926 1480 Psalmo
1940 1442 1975 1479 *:
2000 1443 2140 1480 Omnia
2158 1444 2196 1480 in
2220 1444 2402 1493 sapientia
2419 1443 2484 1491 fe·

1408 1499 1504 1541 cisti‚·
1526 1504 1563 1533 et
1585 1497 1764 1534 Proverb.
1782 1499 1867 1533 111'92
1896 1497 2081 1533 Dominus
2103 1497 2286 1546 sapientia
2303 1496 2485 1545 fhndavit

1407 1556 1560 1588 terram.
1852 1568 1863 1571 -

1466 1604 1540 1640 Per
1567 1604 1664 1640 haec
1692 1610 1824 1640 autem
1853 1602 2069 1640 excluditur
2097 1603 2349 1653 quorundam
2377 1614 2485 1641 error

1366 1675 1389 1695 ις
1406 1656 1475 1706 qui
1503 1656 1683 1694 dicebant
1711 1655 1844 1694 omnia
1863 1668 1911 1693 ex
1934 1655 2098 1705 simplici
2126 1655 2259 1694 divina
2285 1657 2484 1694 voluntate

1406 1710 1638 1760 dependere,
1667 1709 1815 1759 absque
1844 1708 1973 1759 aliqua
2002 1709 2150 1747 ratione
2167 1709 2199 1746 *.

1451 1831 1484 1847 20
1503 1823 1579 1848 altius
1598 1822 1664 1856 eius]
1685 1823 1760 1848 altius
1779 1823 1847 1854 DPc,
1866 1822 1942 1848 altius
1956 1822 1994 1848 eis
2009 1822 2062 1854 NZ,
2076 1823 2182 1848 alterius
2196 1822 2234 1848 eis
2252 1822 2312 1855 Wb,
2325 1823 2396 1848 aliud
2413 1822 2484 1856 ιΕΥ,

1919 1893 1952 1919 18
1971 1893 2099 1927 producit]
2120 1894 2242 1928 produxit
2259 1894 2312 1920 ax.

1407 1983 1720 2015 Fen-ariensis

1459 2071 1512 2102 Sic
1537 2081 1626 2111 ergo,
1652 2081 1728 2102 cum
1752 2078 1866 2102 natura
1881 2071 1990 2102 divina
2006 2073 2046 2103 sit
2062 2082 2137 2109 una,
2154 2078 2187 2103 et
2202 2082 2306 2104 unum
2323 2083 2392 2105 esse
2407 2075 2484 2105 sim-

1402 2116 1618 2157 plicissimum
1643 2116 1769 2152 habeat,
1793 2122 1825 2147 et
1849 2116 1961 2147 omnia
1990 2117 2024 2147 in
2055 2117 2128 2157 ipso
2158 2118 2282 2158 absque
2305 2118 2414 2159 aliqua
2436 2118 2485 2150 di·

1402 2161 1578 2192 stinctione
1594 2170 1699 2192 unum
1715 2161 1778 2192 sint
1795 2166 1826 2192 et
1842 2170 1948 2192 unum
1964 2170 2034 2192 esse
2050 2171 2218 2203 unamque
2234 2162 2485 2204 dispositionem

1403 2206 1559 2242 habeant;
1584 2206 1610 2236 si
1634 2211 1743 2246 ageret
1766 2205 1948 2237 secundum
1972 2205 2222 2247 dispositionem
2245 2217 2324 2239 suae
2338 2213 2484 2246 naturae,

1403 2256 1511 2290 ageret
1526 2255 1653 2281 tantum
1669 2260 1738 2281 rem
1755 2250 1852 2281 unius
1867 2251 2010 2287 rationis,
2024 2256 2055 2281 et
2071 2251 2132 2282 sibi
2147 2251 2286 2283 similem
2302 2252 2484 2284 secundum

1403 2295 1562 2326 rationem
1591 2294 1718 2326 divinae
1749 2300 1897 2326 naturae:
1930 2295 2021 2332 idest,
2045 2301 2153 2336 ageret
2183 2301 2310 2328 tantum
2341 2296 2484 2329 divinam

1402 2345 1561 2376 naturam,
1578 2340 1662 2370 sicut
1679 2340 1790 2370 omnia
1814 2340 1847 2370 in
1872 2340 1944 2380 ipso
1968 2345 2044 2371 sunt
2059 2340 2168 2372 divina
2182 2346 2306 2372 natura.
2328 2341 2392 2373 Sed
2408 2343 2485 2383 quia

1403 2385 1468 2424 agit
1479 2383 1662 2414 secundum
1675 2385 1971 2425 apprehensionem
1983 2384 2176 2422 intellectus,
2189 2385 2371 2417 secundum
2383 2395 2484 2427 quam

1402 2427 1443 2459 de
1464 2429 1572 2469 seipso
1597 2429 1706 2468 plures
1730 2428 1817 2460 ideas
1841 2428 1969 2466 format,
1986 2429 2168 2461 secundum
2185 2439 2266 2470 quas
2281 2440 2331 2461 res
2346 2437 2485 2472 possunt

1403 2471 1545 2504 divinam
1561 2479 1710 2504 naturam
1726 2474 1860 2510 imitari;
1884 2473 1959 2505 ideo
1983 2474 2075 2514 plura
2099 2474 2297 2506 diversarum
2319 2476 2484 2507 rationum

1402 2517 1564 2558 producit,
1590 2523 1621 2548 et
1644 2527 1712 2548 non
1737 2517 1968 2549 determinatur
1984 2518 2025 2549 ad
2041 2528 2156 2550 unum.
2180 2519 2244 2550 Res
2267 2528 2345 2560 ergo
2359 2520 2396 2551 in
2410 2519 2483 2552 Deo

1402 2562 1523 2592 habent
1547 2562 1793 2594 similitudinem
1817 2568 1848 2593 et
1878 2562 2060 2594 secundum
2091 2573 2160 2595 esse
2187 2569 2321 2595 naturae
2344 2564 2483 2602 divinae,

1403 2612 1435 2637 et
1451 2606 1632 2638 secundum
1649 2617 1718 2638 esse
1735 2607 1975 2648 apprehensum
1993 2613 2024 2638 et
2040 2607 2160 2639 ideale:
2184 2608 2242 2640 sed
2257 2608 2486 2649 producuntur

1401 2652 1436 2682 in
1460 2661 1529 2682 esse
1553 2657 1652 2692 prout
1675 2661 1732 2692 per
1756 2652 2050 2692 apprehensionem
2077 2653 2260 2684 intellectus
2289 2653 2390 2685 divini
2413 2653 2484 2686 talis

1402 2696 1581 2727 similitudo
1605 2697 1644 2727 ab
1669 2697 1737 2727 aliis
1761 2697 1971 2728 existentibus
1994 2698 2028 2728 in
2051 2703 2166 2729 natura
2189 2697 2297 2729 divina
2319 2704 2486 2739 separatur

1403 2746 1435 2772 et
1451 2740 1667 2782 distinguitur.
1692 2741 1828 2782 Propter
1843 2742 1907 2772 hoc
1924 2741 2058 2773 assumit
2073 2741 2210 2773 Sanctus
2226 2742 2372 2774 Thomas
2392 2742 2484 2784 quod

1402 2795 1471 2817 non
1496 2791 1544 2816 est
1566 2786 1600 2816 in
1624 2786 1697 2817 Deo
1721 2785 1900 2817 similitudo
1931 2785 2064 2818 effectus
2093 2787 2200 2818 solum
2223 2787 2401 2819 secundum
2424 2797 2484 2819 na-

1403 2835 1498 2861 turae
1521 2830 1658 2871 (scilicet
1681 2830 1824 2870 divinae)
1848 2830 2101 2871 dispositionem.
2121 2831 2196 2863 Hoc
2220 2837 2267 2863 est
2290 2831 2484 2864 fundamen-

1403 2881 1474 2906 tum
1497 2875 1631 2906 rationis
1655 2875 1762 2906 huius.

1459 2919 1511 2950 111.
1534 2920 1654 2950 Tertio.
1677 2920 1740 2950 Res
1765 2929 1782 2950 a
1806 2920 1878 2951 Deo
1902 2919 2081 2961 productae
2105 2920 2255 2952 ordinem
2278 2921 2318 2952 ad
2341 2922 2482 2953 invicem

1403 2965 1532 3001 habent,
1557 2970 1589 2995 et
1612 2974 1679 2995 non
1704 2964 1876 2995 casualem.
1901 2964 1943 2995 Et
1966 2965 2011 2995 sic
2035 2965 2125 2996 Deus
2148 2975 2201 2996 eas
2219 2965 2373 3006 produxit
2396 2965 2483 2997 ordi-

1403 3009 1523 3040 nando.
1549 3009 1635 3049 Ergo
1653 3009 1741 3040 Deus
1759 3018 1811 3040 eas
1828 3009 2010 3040 secundum
2030 3019 2123 3041 suam
2146 3011 2337 3051 sapientiam
2361 3010 2483 3052 produ-

1402 3054 1457 3084 xit.
1474 3072 1497 3076 -
1512 3054 1671 3084 Probatur
1687 3054 1932 3094 consequentia.
1956 3053 2044 3092 Quia
2065 3054 2221 3096 sapientis
2244 3061 2291 3086 est
2315 3055 2482 3092 ordinare,

1402 3097 1585 3129 secundum
1616 3097 1865 3139 Philosophum.
1897 3098 2002 3129 Cuius
2031 3099 2113 3130 ratio
2145 3105 2203 3136 est,
2235 3101 2311 3140 quia
2341 3099 2483 3131 ordinari

1403 3143 1511 3183 aliqua
1535 3152 1602 3173 non
1626 3149 1763 3183 possunt
1787 3143 1848 3174 nisi
1873 3153 1930 3184 per
1954 3144 2178 3184 cognitionem
2205 3144 2427 3185 proportionis
2450 3148 2483 3174 et

1403 3186 1600 3218 habitudinis
1617 3186 1841 3218 ordinatorum
1861 3194 1892 3218 et
1909 3187 1948 3218 ad
1967 3189 2118 3225 invicem,
2135 3194 2167 3219 et
2183 3187 2223 3219 ad
2239 3187 2360 3229 aliquid
2376 3187 2481 3224 alnus,

1403 3231 1495 3272 quod
1520 3237 1567 3262 est
1590 3231 1663 3262 finis
1687 3241 1812 3263 eorum.
1837 3231 2047 3273 Cognoscere
2071 3238 2181 3264 autem
2201 3231 2389 3263 huiusmodi
2406 3241 2481 3272 pro-

1403 3277 1572 3318 portiones
1597 3282 1628 3306 et
1651 3276 1857 3308 habitudines
1881 3277 2067 3318 aliquorum
2091 3276 2131 3308 ad
2153 3277 2293 3308 invicem
2318 3281 2365 3306 est
2388 3276 2480 3307 intel-

1403 3320 1547 3361 ligentis3
1573 3326 1604 3351 et
1626 3320 1769 3352 iudicare
1793 3321 1833 3352 de
1858 3321 2020 3362 aliquibus
2048 3330 2106 3362 per
2136 3329 2265 3352 causam
2293 3320 2480 3351 altissimam

1405 3370 1452 3396 est
1475 3365 1661 3406 sapientiae.

1460 3408 1706 3440 Advertendum
1730 3410 1832 3450 quod,
1857 3419 1933 3442 cum
1956 3410 2065 3450 aliqua
2086 3409 2170 3440 inter
2193 3417 2227 3439 se
2251 3409 2371 3440 habent
2394 3408 2481 3440 ordi·

1404 3463 1491 3491 nem,
1516 3459 1548 3485 et
1571 3453 1653 3485 ordo
1676 3455 1825 3495 ipsorum
1854 3455 1895 3486 ad
1924 3454 2065 3486 invicem
2096 3458 2143 3484 est
2170 3459 2304 3494 propter
2331 3452 2481 3486 ordinem

1405 3508 1520 3529 eorum
1537 3498 1578 3529 ad
1593 3498 1715 3539 aliquid
1732 3498 1819 3530 aliud
1841 3503 1997 3539 tanquam
2020 3496 2061 3528 ad
2083 3496 2194 3534 finem,
2219 3503 2297 3528 tunc
2320 3497 2479 3530 iudicium

1405 3543 1626 3584 proportionis
1650 3544 1797 3584 ipsorum
1819 3543 1903 3574 inter
1925 3551 1959 3573 se
1987 3540 2023 3572 fit
2052 3550 2110 3582 per
2137 3541 2416 3582 comparationem
2439 3542 2480 3574 ad

1405 3586 1505 3618 finem
1529 3586 1568 3618 ad
1592 3596 1692 3629 quem
1716 3586 1922 3618 ordinantur:
1946 3590 2025 3616 tunc
2049 3585 2136 3616 enirn
2153 3585 2382 3617 iudicabuntur
2397 3586 2480 3618 inter

1404 3640 1438 3661 se
1471 3632 1721 3663 convenientem
1753 3631 1870 3662 habere
1902 3630 2161 3670 proportionem,
2192 3630 2325 3670 quando
2357 3631 2480 3662 iudica-

1404 3676 1525 3707 buntur
1540 3677 1586 3707 sic
1602 3675 1749 3707 ordinata
1772 3683 1841 3706 esse
1865 3679 1901 3705 ut
1924 3674 1987 3704 sint
2010 3673 2067 3705 fini
2091 3675 2327 3706 convenientia.
2346 3675 2387 3706 Et
2402 3676 2479 3716 quia

2512 1068 2659 1117 &tw-12
2668 1074 2699 1124 ’ξ’
2707 1075 2729 1098 ³¹

2511 1442 2519 1451 ¹
2536 1442 2573 1463 Ps.
2584 1447 2634 1469 etri,
2645 1448 2681 1469 ²4·

2512 1628 2520 1637 ·
2531 1627 2568 1650 ef.
2577 1627 2617 1649 lib.
2626 1627 2666 1654 ul,
2673 1633 2726 1655 cap.

2510 1659 2583 1680 xcvu,
2598 1660 2659 1676 vera.
2672 1653 2731 1680 lim:

2511 1684 2534 1702 et
2552 1680 2626 1702 Rabbi
2639 1679 2727 1709 Moys..

2511 1707 2602 1730 Doctor-
2608 1706 2729 1735 Perplex„

2512 1740 2535 1762 p.
2547 1733 2587 1760 ΠΙ,
2602 1739 2653 1762 cap.
2665 1739 2698 1762 ²5.
