2768 4134
96 744 105 753 ·
120 741 157 764 Cf.
172 746 233 763 num.
255 747 281 762 n.

89 1765 98 1775 '¹
113 1763 150 1786 Cf.
165 1769 229 1785 num.
241 1769 276 1785 ιιι.

89 1849 98 1859 ”
115 1847 150 1870 Cf.
166 1853 230 1869 num.
245 1853 276 1869 ιν.

88 2252 97 2262 ’
113 2250 149 2273 cf.
164 2250 222 2272 ibid.

87 2520 96 2529 ·
111 2518 146 2541 Cf.
162 2525 224 2541 num.
236 2525 288 2541 vm.

347 309 421 354 544

341 386 374 415 in
399 389 523 414 actum:
548 388 579 412 et
602 382 647 411 sic
667 381 831 420 generatio
848 386 930 410 esset
949 385 1059 409 motus
1083 379 1268 409 continuus.
1285 397 1307 401 -
1324 378 1412 409 Tum

342 428 417 468 quia
440 431 627 466 sequeretur
650 426 791 455 animam
815 424 1003 454 rationalem
1029 432 1096 453 esse
1120 423 1301 454 mortalem.
1326 422 1413 460 Quia

340 472 446 502 anima
470 469 632 500 rationalis
656 475 739 499 esset
767 467 880 499 eadem
911 477 986 498 cum
1016 467 1123 498 anima
1150 467 1303 507 sensibili,
1328 476 1412 507 quae

338 525 395 556 per
411 514 559 545 accidens
574 518 724 553 generata
740 513 873 553 ponitur
888 513 920 542 in
937 521 1092 553 processu
1112 512 1287 552 praedicto,
1305 517 1336 542 et
1355 521 1412 552 per

339 568 542 599 consequens
565 558 698 598 ponitur
718 556 758 587 ad
781 557 1026 597 corruptionem
1046 557 1192 596 corporis
1215 566 1284 587 esse
1300 565 1411 586 corru-

337 603 467 644 ptibilis.
484 621 506 625 —
522 602 590 632 Nec
614 607 721 642 potest
738 601 802 632 dici
822 601 913 641 quod
937 611 975 631 ex
999 601 1123 631 lumine
1148 602 1338 637 extrinseco,
1353 609 1411 640 per

338 647 428 688 quod
452 647 536 677 dicta
562 647 669 676 anima
692 645 728 676 fit
754 645 929 685 rationalis,
953 645 1008 676 fiat
1036 645 1299 685 incorruptibilis.
1324 644 1411 682 Quia

336 691 416 722 nihil
440 690 615 721 formaliter
638 691 683 721 rei
708 691 907 731 corruptibili
931 690 1105 721 adveniens
1133 689 1208 720 facit
1234 690 1337 729 ipsam
1360 689 1410 718 in-

337 735 579 776 corruptibilem
602 744 660 775 per
678 741 826 766 naturam
838 736 869 765 *z
894 744 970 765 cum
986 734 1196 774 corruptibile
1212 738 1243 764 et
1258 734 1410 763 incorru-

329 780 443 822 ptibile
458 779 615 820 differant
628 779 803 810 secundum
819 789 934 821 genus,
948 779 977 809 X
993 778 1247 819 Metaphysicae,
1265 783 1341 808 text.
1357 777 1408 807 26.

395 824 557 860 Quartum
582 829 637 860 est,
656 824 746 864 quod
771 823 854 855 dicta
870 825 979 860 virtus,
1005 831 1088 862 quae
1111 822 1265 852 fundatur
1291 822 1325 852 in
1344 822 1409 861 spi-

336 869 399 899 ritu
423 869 517 899 cuius
539 878 651 899 semen
675 874 723 899 est
746 869 980 904 contentivum‚
998 871 1150 906 operatur
1173 866 1320 906 corporis
1344 865 1410 896 for-

336 914 516 944 mationem
533 923 571 944 ex
594 914 625 943 vi
642 914 767 944 animae
790 913 898 953 patris,
916 912 968 942 cui
984 910 1203 951 principaliter
1226 911 1410 941 attribuitur

336 959 516 997 generatio:
541 967 610 988 non
634 963 742 988 autem
759 967 797 987 ex
820 957 852 986 vi
868 956 993 986 animae
1011 955 1173 995 concepti,
1198 955 1295 986 etiam
1318 960 1409 996 post-

337 1011 435 1042 quam
447 1003 544 1033 habet
563 1002 713 1038 animam,
727 1002 802 1041 quia
818 1005 1014 1040 conceptum
1029 1009 1098 1030 non
1110 1005 1241 1040 generat
1253 1000 1408 1040 seipsum,

336 1046 392 1076 sed
415 1057 433 1077 a
456 1052 546 1086 parte
568 1051 754 1086 generatum
772 1050 807 1075 ut
831 1050 918 1085 patet
941 1053 1000 1084 per
1022 1044 1164 1084 singulas
1186 1044 1318 1075 virtutes
1341 1045 1410 1075 ani-

335 1099 407 1121 mae
431 1089 650 1121 discurrendo.
666 1090 804 1120 Animae
821 1089 908 1119 enim
932 1088 1119 1129 embryonis
1143 1098 1211 1119 non
1235 1094 1344 1129 potest
1363 1094 1409 1120 at-

334 1135 431 1164 tribui
454 1134 599 1174 corporis
623 1134 774 1164 formatio
798 1134 922 1164 ratione
944 1133 1070 1163 virtutis
1092 1134 1312 1174 generativae:
1332 1134 1409 1174 quia

333 1187 402 1209 non
425 1179 521 1209 habet
545 1187 582 1208 ea
599 1179 651 1215 ,vis
674 1187 766 1209 suam
790 1178 1017 1218 operationem
1039 1178 1102 1208 nisi
1126 1178 1292 1218 completo
1308 1188 1408 1220 opere

332 1223 502 1253 nutritivae
519 1228 550 1253 et
565 1223 837 1262 augmentativae;
853 1231 914 1253 nec
931 1221 1097 1253 ordinatur
1115 1222 1156 1253 ad
1171 1222 1407 1263 perfectionem

331 1267 431 1307 ipsius
447 1266 614 1303 individui,
631 1266 687 1298 sed
702 1267 742 1297 ad
766 1267 885 1308 speciei
901 1267 1193 1298 conservationem.
1213 1267 1290 1298 Non
1311 1268 1408 1299 etiam

332 1310 411 1341 illud
435 1311 494 1341 sibi
517 1311 646 1342 attribui
670 1316 778 1352 potest
804 1312 929 1342 ratione
957 1312 1082 1342 virtutis
1112 1313 1300 1343 nutritivae:
1331 1313 1408 1353 quia

331 1355 567 1386 nutrimentum
589 1356 623 1386 in
647 1365 802 1396 processu
826 1355 1030 1387 formationis
1057 1355 1246 1397 perducitur
1269 1356 1309 1388 ad
1335 1366 1408 1398 per-

331 1398 499 1430 fectiorem
526 1399 664 1430 formam
693 1406 724 1431 et
750 1401 942 1431 viciniorem
969 1400 1173 1432 similitudini
1196 1402 1306 1442 patris,
1338 1411 1407 1433 non

331 1450 440 1475 autern
456 1444 495 1475 ad
511 1444 755 1476 similitudinem
770 1445 1012 1485 praeexistentis
1031 1446 1176 1483 trahitur,
1192 1445 1284 1486 quod
1298 1446 1334 1477 fit
1349 1456 1408 1487 per

331 1498 415 1529 opus
427 1489 598 1520 nutritivae
611 1490 814 1520 assimilantis
826 1490 1062 1521 nutrimentum
1077 1491 1211 1521 nutrito.
1223 1490 1294 1522 Nec
1310 1492 1407 1522 etiam

330 1532 367 1564 fit
382 1534 498 1564 virtute
513 1535 783 1574 augmentativae:
809 1535 886 1575 quia
901 1534 941 1565 ad
956 1535 1060 1575 ipsam
1083 1544 1152 1566 non
1175 1536 1314 1575 pertinet
1333 1545 1407 1568 mu-

330 1579 409 1608 tatio
434 1578 615 1609 secundum
645 1578 796 1616 formam,
820 1578 876 1610 sed
906 1584 1034 1610 tantum
1064 1579 1246 1610 secundum
1277 1581 1406 1621 quanti-

330 1628 439 1654 tatem.
463 1623 540 1653 Non
565 1623 661 1654 etiam
688 1623 769 1654 illud
792 1622 828 1654 fit
851 1623 968 1654 virtute
998 1624 1168 1655 sensitivae
1200 1630 1255 1656 aut
1281 1625 1407 1656 intelle-

332 1668 433 1698 ctivae
449 1668 631 1708 potentiae:
648 1673 684 1698 ut
699 1673 798 1709 patet.
814 1668 1022 1708 Relinquitur
1037 1677 1115 1708 ergo
1139 1668 1230 1709 quod
1254 1668 1406 1700 formatio

332 1712 492 1752 corporis,
522 1713 697 1753 praecipue
733 1718 892 1754 quantum
927 1712 967 1743 ad
998 1713 1118 1753 primas
1148 1719 1180 1744 et
1213 1714 1406 1755 principales

331 1762 447 1797 partes,
472 1762 519 1786 est
541 1762 668 1788 tanturn
692 1766 731 1787 ex
754 1757 785 1787 vi
808 1758 935 1788 animae
957 1758 1140 1797 generantis
1152 1758 1179 1788 ³.

390 1800 546 1837 Quintum
570 1806 625 1838 est,
661 1801 752 1842 quod
775 1801 854 1833 haec
877 1802 924 1832 vis
957 1801 1127 1833 formativa
1151 1808 1261 1833 manet
1283 1803 1317 1833 in
1340 1803 1405 1844 spi-

330 1845 393 1875 ritu
416 1845 582 1886 praedicto
607 1855 623 1876 a
647 1846 809 1886 principio
833 1845 1036 1877 formationis
1058 1856 1164 1887 usque
1187 1846 1227 1877 ad
1251 1845 1351 1878 finem
1370 1849 1403 1878 *z

331 1890 454 1929 species
477 1894 586 1920 tamen
609 1889 739 1920 formati
765 1899 834 1920 non
865 1896 975 1921 manet
1006 1890 1129 1928 eadem,
1154 1900 1230 1921 cum
1265 1891 1405 1922 diversas

330 1933 450 1964 formas
473 1934 588 1964 habeat
611 1935 790 1965 successive
806 1944 911 1975 usque
934 1934 975 1965 ad
998 1935 1288 1976 complementum.
1307 1935 1403 1974 Quia,

328 1978 404 2008 licet
425 1979 590 2018 generatio
614 1979 811 2019 simplicium
827 1988 1004 2019 corporum
1019 1989 1088 2010 non
1111 1978 1266 2020 procedat
1288 1989 1403 2011 secun—

330 2022 408 2053 dum
432 2022 591 2060 ordinem,
615 2032 656 2054 eo
680 2022 771 2064 quod
795 2023 965 2064 quodlibet
987 2033 1101 2055 eorum
1125 2024 1241 2054 habeat
1264 2023 1403 2056 formam

329 2067 549 2098 immediatam
571 2068 723 2098 materiae
745 2068 884 2108 primae;
908 2073 1018 2099 tamen
1047 2069 1081 2099 in
1104 2068 1243 2100 aliorum
1269 2078 1403 2110 genera-

329 2112 419 2142 tione
443 2117 572 2152 oportet
588 2121 658 2143 esse
679 2113 927 2153 generationum
952 2111 1111 2150 ordinem,
1128 2118 1262 2154 propter
1285 2114 1403 2146 multas

330 2156 449 2187 formas
472 2156 677 2188 intermedias
700 2157 783 2188 inter
805 2158 943 2198 primam
967 2156 1106 2189 formam
1122 2157 1274 2189 elementi
1298 2164 1330 2190 et
1353 2159 1403 2190 ul-

329 2202 441 2232 timam
465 2201 504 2232 ad
528 2211 627 2242 quam
650 2202 814 2242 generatio
839 2202 1005 2233 ordinatur
1017 2203 1044 2233 *.

385 2246 518 2277 Sextum
542 2251 598 2283 est,
623 2246 713 2287 quod
736 2257 804 2278 non
829 2253 876 2278 est
899 2247 1134 2278 inconveniens
1157 2248 1183 2278 si
1207 2247 1331 2288 aliquid
1353 2249 1402 2279 in-

329 2290 561 2322 termediorum
576 2297 747 2332 generatur
763 2298 795 2323 et
810 2292 916 2322 statim
938 2291 1152 2333 postmodum
1168 2294 1402 2334 corrumpitur:

331 2336 406 2375 quia
428 2336 492 2372 illa,
516 2342 670 2376 tanquam
686 2346 754 2367 non
778 2337 928 2367 habentia
946 2337 1089 2377 speciem
1109 2337 1317 2378 completam,
1333 2347 1401 2369 non

329 2386 522 2420 generantur
544 2387 580 2411 ut
603 2387 822 2421 permaneant,
839 2381 895 2412 sed
914 2387 949 2412 ut
972 2391 1030 2422 per
1053 2391 1090 2413 ea
1114 2381 1153 2413 ad
1176 2382 1328 2413 ultimum
1345 2392 1401 2424 ge-

328 2430 476 2455 neratum
496 2426 711 2466 perveniatur.
727 2443 748 2449 -
765 2426 833 2456 Nec
850 2427 946 2457 etiam
961 2432 1008 2457 est
1024 2427 1142 2457 mirum
1156 2426 1247 2467 quod
1261 2433 1330 2458 tota
1345 2437 1401 2469 ge—

328 2470 503 2500 nerationis
525 2471 748 2501 transmutatio
772 2480 840 2501 non
864 2471 904 2501 sit
927 2471 1099 2502 continua:
1117 2472 1193 2513 quia
1216 2472 1279 2503 hoc
1303 2473 1400 2504 etiam

328 2513 444 2545 accidit
466 2515 499 2545 in
515 2520 584 2546 tota
599 2515 786 2546 alteratione
802 2521 834 2546 et
850 2521 917 2546 tota
934 2517 1198 2556 augmentatione
1211 2517 1244 2554 *3
1264 2522 1296 2548 et
1311 2517 1400 2548 solus

327 2565 437 2589 motus
453 2559 563 2590 localis
577 2565 623 2590 est
635 2569 709 2591 vere
726 2560 911 2597 continuus,
928 2561 1000 2592 VIII
1016 2561 1242 2602 Persicorum,
1259 2567 1335 2593 text.
1357 2562 1400 2602 64

328 2609 359 2633 et
381 2602 473 2634 infra.

382 2648 556 2689 Septimum
586 2654 632 2680 est
655 2648 755 2689 quod,
780 2655 902 2689 quanto
927 2650 1034 2690 aliqua
1060 2649 1165 2681 forma
1187 2656 1235 2682 est
1258 2651 1399 2682 nobilior

327 2698 357 2722 et
373 2695 473 2734 magis
486 2693 606 2724 distans
623 2703 640 2724 a
656 2693 760 2724 forma
777 2693 940 2731 elementi,
956 2700 1047 2725 tanto
1065 2701 1195 2735 oportet
1205 2705 1273 2726 esse
1290 2695 1399 2736 plures

325 2736 682 2775 formas-intermedias
699 2744 731 2769 et
746 2738 855 2779 plures
870 2740 1095 2779 generationes
1111 2745 1143 2770 et
1159 2741 1397 2781 corruptiones.

325 2781 366 2812 Et
389 2782 463 2814 ideo
486 2783 519 2813 in
543 2783 751 2823 generatione
783 2784 925 2814 hominis
955 2785 1062 2815 anima
1093 2785 1289 2825 vegetabilis,
1314 2794 1398 2826 quae

323 2827 429 2866 primo
453 2828 536 2858 inest
551 2828 732 2869 embryoni,
749 2837 826 2858 cum
839 2828 917 2859 vivit
933 2829 996 2859 vita
1012 2829 1151 2869 plantae,
1168 2830 1397 2871 corrumpitur,

325 2876 355 2901 et
379 2871 524 2903 succedit
546 2871 719 2913 perfectior
743 2873 860 2909 anima,
884 2882 968 2913 quae
993 2879 1040 2904 est
1069 2874 1166 2904 simul
1189 2875 1343 2906 nutritiva
1366 2880 1398 2906 et

323 2916 481 2953 sensitiva,
506 2922 538 2947 et
560 2922 639 2948 tunc
662 2916 796 2958 embryo
819 2917 897 2948 vivit
919 2917 984 2948 vita
1007 2918 1163 2949 animalis.
1188 2919 1260 2950 Hac
1287 2924 1397 2950 autem

323 2967 484 3001 corrupta,
500 2961 644 2992 succedit
667 2961 830 2992 rationalis
845 2962 885 2992 ab
901 2963 1092 2999 extrinseco,
1116 2972 1184 2994 non
1203 2969 1312 2995 autern
1335 2964 1397 2995 vir-

322 3010 390 3036 tute
414 3006 553 3042 seminis,
578 3011 613 3037 ut
635 3005 875 3046 praecedentes.

378 3049 415 3080 Il.
440 3050 534 3082 Circa
556 3051 687 3082 tertium
709 3050 844 3087 dictum,
868 3050 1100 3082 advertendum
1124 3052 1214 3092 quod
1237 3053 1397 3094 corrupti-

322 3094 384 3125 bile
407 3094 587 3126 secundum
610 3101 757 3126 naturam
780 3095 980 3136 impossibile
1008 3101 1056 3126 est
1078 3101 1114 3126 ut
1137 3095 1192 3127 fiat
1215 3097 1396 3129 secundum

322 3144 468 3170 naturam
491 3139 744 3180 incorruptibile,
761 3140 853 3180 quasi
869 3140 1078 3181 corruptibile
1099 3140 1132 3171 in
1151 3141 1396 3183 incorruptibile

322 3189 474 3214 mutetur.
492 3183 579 3215 Cum
603 3185 690 3215 enim
707 3185 916 3226 corruptibile
933 3190 964 3216 et
979 3185 1223 3225 incorruptibile
1248 3186 1395 3218 differant

323 3227 502 3259 secundum
525 3238 639 3269 genus,
662 3238 731 3260 non
758 3234 866 3269 potest
889 3238 994 3260 unum
1017 3230 1135 3260 mutari
1164 3230 1197 3261 in
1221 3230 1308 3262 aliud
1332 3232 1393 3262 nisi

323 3270 377 3302 fiat
399 3273 536 3304 mutatio
568 3273 749 3304 secundum
780 3283 894 3314 genus.
925 3273 967 3304 Et
995 3282 1053 3314 per
1084 3283 1290 3315 consequens
1312 3276 1393 3307 nihil

323 3316 502 3348 secundum
525 3323 672 3348 naturam
696 3318 916 3359 corruptibile,
939 3327 1075 3350 manens
1097 3317 1184 3349 idem
1211 3319 1392 3352 secundum

323 3361 531 3392 substantiam
548 3368 580 3392 et
595 3371 662 3392 non
686 3363 842 3394 variatum
859 3362 1040 3394 secundum
1062 3372 1176 3403 genus,
1200 3370 1307 3403 potest
1322 3363 1391 3395 fieri

323 3413 379 3444 per
402 3411 548 3436 naturam
563 3407 817 3447 incorruptibile.
835 3407 899 3438 Sed
914 3412 1023 3438 tamen
1040 3406 1072 3438 id
1096 3407 1187 3448 quod
1207 3414 1254 3438 est
1277 3418 1392 3440 secun-

324 3448 401 3479 dum
424 3455 571 3481 naturam
595 3451 812 3491 corruptibile,
837 3457 944 3492 potest
974 3461 1012 3483 ex
1043 3453 1278 3492 supernaturali
1302 3453 1391 3484 dono

323 3491 391 3523 fieri
414 3494 673 3535 incorruptibile:
699 3496 741 3526 ita
765 3496 855 3536 quod
878 3496 1034 3527 idemmet
1053 3497 1113 3528 erit
1136 3497 1343 3537 corruptibile
1360 3504 1392 3528 et

323 3537 574 3578 incorruptibile,
591 3539 646 3570 sed
667 3549 724 3579 per
739 3546 886 3571 naturam
907 3541 1124 3581 corruptibile,
1147 3541 1390 3582 incorruptibile

325 3587 431 3611 autem
454 3591 511 3622 per
533 3584 665 3622 gratiam
689 3590 743 3615 aut
767 3594 824 3625 per
847 3585 971 3616 donum
995 3584 1128 3626 aliquod
1149 3586 1389 3626 supernaturale

325 3624 431 3663 ipsum
447 3635 464 3656 a
488 3628 696 3667 corruptione
711 3629 896 3668 prohibens,
914 3636 949 3660 ut
973 3635 1020 3660 est
1043 3631 1076 3660 in
1101 3630 1291 3671 corporibus
1315 3631 1389 3662 bea-

325 3673 442 3699 torum.
458 3669 591 3710 Propter
609 3672 673 3703 hoc
690 3672 824 3703 Sanctus
840 3673 995 3711 Thomas,
1011 3679 1047 3705 ut
1063 3683 1096 3705 se
1119 3680 1335 3715 praeservaret
1350 3676 1389 3706 ab

790 302 977 339 SUMMA
1007 301 1229 338 CONTRA
1258 298 1534 344 GENTILES,
1563 298 1659 334 LIB.
1680 298 1722 343 ll,
1753 297 1864 334 CAP.
1885 298 2095 335 LXXXIX.

1466 375 1704 416 incorruptibili
1720 384 1778 415 per
1794 376 2036 415 supernaturale
2052 375 2188 413 donum,
2203 387 2272 408 non
2294 378 2373 409 dixit
2396 379 2544 410 absolute

1466 419 1556 460 quod
1579 419 1659 450 nihil
1675 418 1852 450 formaliter
1867 419 1965 450 alicui
1987 420 2033 450 rei
2049 421 2251 462 corruptibili
2271 422 2446 454 adveniens
2469 423 2544 455 facit

1465 465 1574 504 ipsum
1596 463 1852 504 incorruptibile,
1877 463 1933 495 sed
1957 464 2048 504 quod
2071 474 2140 496 non
2164 464 2240 496 facit
2262 466 2371 506 ipsum
2397 467 2544 499 incorru-

1464 508 1577 549 ptibile
1594 517 1659 548 per
1682 512 1847 538 naturam.
1871 508 1913 539 Et
1936 508 1993 546 sic,
2017 509 2044 540 si
2067 509 2175 540 anima
2197 511 2359 548 sensitiva,
2383 520 2467 552 quae
2496 517 2544 543 est

1465 552 1646 583 secundum
1669 558 1818 583 naturam
1842 553 2070 593 corruptibilis,
2094 553 2151 585 fiat
2173 563 2231 595 per
2258 556 2543 595 supervenientem

1464 597 1572 628 lucem
1595 597 1771 634 rationalis,
1794 606 1864 628 non
1886 598 2007 638 poterit
2029 599 2138 630 anima
2160 599 2324 630 rationalis
2343 598 2414 631 fieri
2435 600 2543 632 incor-

1463 641 1623 682 ruptibilis
1646 650 1705 682 per
1727 647 1887 679 naturam,
1903 642 1962 674 sed
1983 644 2162 675 remanebit
2185 644 2372 675 naturaliter
2398 645 2544 677 mortalis

1464 691 1495 716 et
1518 686 1736 726 corruptibilis
1759 687 1843 717 sicut
1866 687 1965 728 prius.

1521 729 1574 760 111.
1599 729 1695 761 Circa
1718 737 1871 772 quartum
1887 731 2023 769 dictum,
2040 741 2118 763 cum
2134 732 2342 764 concluditur
2361 733 2452 774 quod
2461 734 2543 776 sor-

1463 774 1565 805 matio
1590 775 1750 816 corporis,
1769 775 1949 816 praecipue
1971 781 2129 816 quantum
2152 777 2197 807 ad
2212 778 2342 818 primas
2365 783 2397 809 et
2415 778 2543 820 princi-

1457 817 1552 859 pales
1561 825 1687 860 partes‚
1713 825 1761 851 est
1783 825 1909 851 tantum
1933 829 1975 851 ex
1991 820 2024 851 vi
2046 821 2178 852 animae
2194 823 2395 863 generantis,
2413 822 2543 854 adverte

1464 863 1555 904 quod
1582 863 1705 895 idcirco
1733 864 1931 905 specificavit
1961 864 2098 896 Sanctus
2121 865 2270 897 Th01nas
2285 867 2490 908 principales
2512 873 2544 899 et

1457 908 1587 949 primas
1603 914 1729 950 partes,
1746 910 1833 950 quia,
1849 915 1887 940 ut
1908 909 1979 950 ipse
1995 910 2038 940 ait
2055 910 2164 942 Prima
2177 910 2282 948 Parte,
2297 912 2331 942 in
2351 913 2543 952 quaestione

1463 952 1603 984 adducta
1621 954 1648 990 *,
1673 964 1701 985 a.
1723 962 1751 991 1,
1767 954 1808 985 ad
1830 964 1863 994 4,
1881 953 2048 995 producta
2071 955 2183 985 anima
2206 955 2362 987 sensitiva
2385 956 2419 988 in
2441 966 2542 1000 gene-

1464 1003 1538 1028 rato
1562 1003 1719 1040 quantum
1743 999 1787 1029 ad
1810 999 1955 1040 aliquam
1971 1004 2104 1039 partem
2121 999 2351 1041 principalem,
2375 1005 2454 1032 tunc
2476 1001 2542 1033 iam

1464 1042 1523 1073 illa
1546 1043 1658 1073 anima
1680 1043 1836 1074 sensitiva
1853 1043 1964 1084 prolis
1979 1043 2094 1084 incipit
2116 1044 2251 1085 operari
2265 1045 2310 1076 ad
2328 1046 2542 1087 complemenss-

1463 1092 1531 1117 tum
1549 1087 1683 1128 proprii
1705 1088 1856 1129 corporis
1868 1097 1934 1128 per
1948 1088 2080 1119 modum
2097 1088 2289 1120 nutritionis
2312 1094 2344 1121 et
2361 1091 2540 1132 augmenti.

1463 1131 1504 1162 Et
1527 1132 1574 1163 sic
1596 1137 1685 1173 patet
1708 1132 1800 1173 quod
1823 1132 1953 1173 aliquae
1976 1138 2082 1173 partes
2113 1133 2306 1165 secundario
2333 1133 2542 1167 advenientes

1461 1182 1601 1217 possunt
1623 1187 1662 1208 ex
1686 1177 1718 1208 vi
1741 1178 1868 1209 animae
1884 1177 1986 1218 prolis
2001 1176 2100 1208 effici:
2116 1178 2192 1210 licet
2206 1184 2314 1219 partes
2336 1180 2541 1221 principales,

1462 1222 1545 1252 sicut
1569 1231 1636 1259 cor,
1661 1222 1830 1253 cerebrum
1859 1227 1891 1253 et
1917 1221 2118 1259 huiusmodi,
2141 1223 2260 1255 virtute
2293 1224 2422 1256 animae
2442 1234 2542 1266 gene·

1462 1266 1560 1296 rantis
1583 1265 1672 1297 fiant.

1518 1310 1572 1341 IV.
1602 1310 1697 1342 Circa
1726 1311 1878 1351 quintum
1903 1310 2037 1348 dictum,
2066 1310 2187 1352 duplex
2217 1311 2354 1343 dubium
2388 1313 2540 1345 occurrit.

1461 1355 1607 1386 Primum
1619 1356 1636 1372 ⁴*
1653 1361 1701 1386 est
1715 1355 1799 1386 circa
1811 1354 1845 1386 id
1857 1355 1949 1396 quod
1960 1355 2087 1392 dicitur,
2100 1356 2164 1387 vim
2169 1356 2391 1398 for-»nativam
2407 1366 2541 1390 manere

1461 1400 1495 1431 in
1511 1400 1629 1441 spiritu
1653 1410 1674 1431 a
1691 1400 1858 1441 principio
1873 1400 2095 1442 formationis
2110 1410 2212 1442 usque
2226 1401 2260 1432 in
2262 1402 2380 1443 finem.
2404 1401 2541 1435 Videmt

1462 1446 1550 1476 enim
1565 1445 1649 1476 velle
1665 1445 1802 1476 Sanctus
1814 1445 1962 1476 Thomas
1974 1445 2065 1486 quod
2076 1445 2148 1477 talis
2158 1446 2217 1483 vis,
2230 1445 2321 1478 finita
2332 1446 2539 1485 formatione,

1461 1499 1530 1521 non
1546 1489 1650 1528 duret,
1666 1489 1723 1520 sed
1738 1495 1866 1521 tantum
1882 1489 1976 1521 duret
1992 1499 2097 1530 usque
2113 1489 2154 1522 ad
2168 1489 2373 1522 formationis
2392 1491 2539 1534 comple-

1461 1540 1621 1566 mentum.
1645 1534 1753 1566 Huius
1773 1540 1883 1566 autem
1903 1535 2094 1576 oppositum
2117 1535 2254 1567 habetur
2273 1535 2423 1567 Potentia
2445 1545 2477 1578 q.
2492 1546 2538 1576 111,

1462 1589 1490 1610 a.
1508 1589 1538 1620 9,
1556 1578 1596 1610 ad
1618 1579 1666 1616 16,
1683 1579 1740 1610 ubi
1764 1578 1881 1610 dicitur
1897 1578 1988 1620 quod
2005 1579 2109 1610 virtus
2121 1579 2311 1622 for-»nativa
2326 1590 2411 1622 quae
2433 1576 2487 1612 es't¹
2503 1580 2538 1612 in

1460 1624 1583 1655 semine
1606 1623 1639 1654 in
1658 1623 1836 1664 principio,
1861 1628 1971 1654 manet
1985 1624 2083 1654 etiam
2099 1623 2292 1656 adveniente
2306 1624 2419 1656 anima
2435 1624 2539 1657 ratio-

1462 1668 1541 1705 nali,
1565 1669 1650 1702 sicut
1672 1673 1704 1699 et
1725 1668 1870 1709 spiritus,
1895 1668 1928 1699 in
1952 1677 2035 1709 quos
2048 1669 2130 1710 fere
2152 1674 2222 1700 tota
2243 1670 2426 1701 substantia
2448 1676 2538 1712 sp&-

1460 1713 1557 1744 matis
1580 1713 1792 1750 convertitur,
1817 1717 1960 1744 manent.

1518 1767 1547 1788 2.
1562 1757 1750 1788 Secundum
1761 1758 1778 1774 ⁴*
1791 1764 1838 1789 est
1850 1758 1935 1788 circa
1945 1756 1979 1788 id
1994 1756 2086 1798 quod
2098 1757 2225 1795 dicitur,
2239 1758 2397 1799 quoniam
2409 1764 2539 1800 oportet

1460 1802 1493 1832 in
1516 1802 1733 1844 generatione
1755 1802 1899 1833 aliorum
1920 1811 2097 1842 corporum
2119 1811 2188 1834 esse
2204 1802 2459 1844 generationum
2482 1813 2537 1835 or-

1458 1846 1577 1883 dinem,
1595 1851 1736 1889 propter
1758 1847 1877 1877 multas
1890 1846 2028 1888 formas
2051 1845 2175 1878 medias
2194 1846 2280 1878 inter
2292 1848 2446 1889 somam
2463 1849 2538 1893 pri-

1459 1900 1544 1922 mam
1569 1890 1717 1922 elementi
1731 1895 1764 1921 et
1779 1891 1926 1922 ultimam
1932 1891 2086 1932 somnam
2109 1891 2154 1922 ad
2175 1900 2273 1932 quam
2291 1891 2466 1933 generatio
2480 1902 2538 1925 or*

1457 1935 1603 1966 dinatur.
1627 1935 1676 1966 Ex
1698 1935 1764 1966 hoc
1787 1935 1876 1966 enim
1902 1935 2051 1975 sequitur
2072 1935 2164 1975 quod
2189 1936 2324 1967 materia
2353 1942 2449 1970 exuta
2467 1941 2538 1970 ma

1457 1979 1572 2016 forma,
1602 1988 1672 2011 non
1699 1984 1808 2020 potest
1835 1988 2080 2020 quamcumque
2110 1978 2251 2012 formam
2273 1981 2397 2022 absque
2422 1980 2538 2017 ordine

1455 2025 1612 2065 recipere,
1635 2023 1692 2055 sed
1715 2032 1848 2055 necesse
1863 2028 1911 2054 est
1932 2029 1969 2055 ut
1986 2033 2087 2055 unam
2109 2025 2200 2066 prius
2214 2025 2313 2057 altera
2334 2025 2537 2065 ordinate,oe

1455 2068 1612 2109 gradatim
1634 2068 1778 2110 recipiat.
1802 2068 1910 2100 Huius
1933 2073 2043 2100 autem
2066 2069 2258 2110 oppositum
2287 2079 2436 2112 expresse
2458 2067 2537 2104 dicit

1457 2113 1593 2145 Sanctus
1616 2112 1763 2144 Thomas
1785 2112 1815 2144 V
1834 2112 1933 2154 Phys.
1950 2113 1978 2150 ⁴,
2002 2113 2069 2150 ubi,
2097 2113 2271 2146 ostendens
2299 2114 2473 2166 quomodq
2499 2115 2535 2148 in

1457 2158 1633 2190 substantia
1647 2167 1717 2189 non
1740 2157 1781 2188 sit
1797 2158 2015 2194 contrarietas,
2036 2157 2145 2199 inquit
2167 2157 2260 2200 quod
2282 2159 2534 2192 materians-uta

1458 2212 1525 2234 una
1539 2203 1670 2245 forma,
1682 2207 1792 2244 potest
1806 2202 1951 2244 recipere
1966 2202 2113 2234 diversas
2118 2203 2257 2245 formas
2271 2204 2392 2246 absque
2406 2204 2534 2237 oreta-u.

1512 2249 1662 2289 Augetur
1684 2248 1781 2279 etiam
1805 2246 1953 2279 dubium.
1977 2246 2064 2286 Quin
2086 2253 2256 2280 ostensum
2280 2254 2328 2281 est
2349 2250 2534 2291 superium*
2560 2253 2571 2263 ·

1456 2293 1615 2334 quoniam
1637 2291 1742 2323 forma
1757 2291 1921 2333 quaelibet
1941 2291 2167 2330 substantialis,
2182 2292 2331 2325 absolute
2353 2293 2533 2335 loquendo,

1456 2338 1568 2369 unitur
1582 2336 1770 2368 immediate
1785 2336 1938 2368 materiae
1953 2337 2086 2378 primae.
2099 2335 2186 2378 Ergo
2201 2338 2335 2369 materia
2349 2343 2459 2380 potest
2473 2348 2533 2381 per

1455 2382 1699 2423 generationem
1726 2382 1871 2422 recipere
1895 2390 2140 2422 quamcumque
2169 2381 2308 2413 formam
2333 2382 2456 2424 absque
2478 2392 2532 2415 or-

1455 2426 1541 2458 dine.
1560 2445 1580 2449 -
1596 2427 1754 2457 Probatur
1777 2427 2022 2467 consequentia.
2040 2425 2127 2464 Quia
2141 2426 2195 2458 hic
2210 2427 2349 2468 assignat
2371 2428 2531 2460 rationem

1455 2471 1593 2503 Sanctus
1623 2471 1770 2502 Thomas
1800 2480 1901 2512 quare
1930 2480 2107 2512 corporum
2137 2471 2335 2512 simplicium
2364 2473 2531 2513 generatio

1454 2525 1524 2548 non
1553 2515 1701 2558 procedit
1735 2514 1899 2547 ordinate:
1931 2516 2007 2556 quia
2037 2515 2187 2547 videlicet
2216 2515 2386 2557 quodlibet
2415 2525 2530 2560 eomm

1454 2561 1551 2592 habet
1574 2559 1715 2592 formam
1737 2559 1957 2592 immediatam
1980 2561 2133 2592 materiae
2155 2560 2290 2602 primae.

1510 2606 1549 2637 V.
1566 2605 1618 2636 Ad
1642 2605 1783 2646 primum
1807 2606 1926 2636 horum
1942 2605 2157 2646 respondetur
2173 2604 2263 2646 quod
2287 2613 2435 2646 expresse
2451 2605 2531 2638 Snu-

1454 2656 1526 2682 ctus
1552 2650 1708 2688 Thomas,
1739 2649 1846 2680 Prima
1874 2649 1977 2687 Parte,
2008 2650 2064 2681 ubi
2093 2659 2189 2690 supra
2205 2650 2233 2686 ⁹,
2261 2655 2351 2681 tenet
2378 2650 2530 2682 virtutem

1453 2694 1593 2726 activam
1616 2704 1700 2736 quae
1723 2700 1796 2726 erat
1819 2695 1852 2725 in
1876 2694 2007 2731 semine,
2032 2694 2181 2726 desinere
2203 2703 2272 2725 esse
2294 2694 2460 2726 desinente
2479 2704 2530 2727 u-

1452 2740 1539 2771 mine
1562 2745 1593 2771 et
1615 2744 1825 2771 evanescente
1846 2739 1965 2780 spiritu
1981 2739 2038 2780 qui
2052 2739 2086 2770 in
2103 2739 2173 2780 ipso
2190 2739 2438 2771 continebatur:
2459 2749 2529 2775 non

1452 2785 1540 2816 enim
1556 2784 1710 2826 possibile
1725 2789 1773 2815 est
1788 2784 1940 2815 virtutem
1955 2793 2122 2815 remanere
2137 2782 2276 2815 eandem
2293 2793 2445 2821 numere,
2456 2784 2529 2821 eiu·

1451 2830 1600 2860 subiecto
1616 2828 1798 2866 destruam
1823 2837 1900 2860 cum
1915 2828 2065 2860 accidens
2087 2837 2197 2870 neque
2216 2837 2275 2870 per
2298 2837 2332 2860 se
2355 2824 2528 2863 subsistere

1443 2874 1564 2917 possit,
1588 2883 1697 2915 neque
1724 2873 1863 2914 migrare
1891 2872 1932 2904 de
1959 2873 2107 2905 subiecto
2136 2873 2172 2905 in
2201 2872 2396 2905 subiectum.
2426 2871 2529 2914 Quod

1452 2924 1562 2950 autem
1579 2917 1695 2950 dicitur
1711 2918 1744 2949 in
1769 2917 1809 2948 de
1823 2917 1973 2949 Potentia
1990 2923 2062 2955 etc„
2081 2916 2172 2958 quod
2189 2922 2314 2949 manet:
2338 2917 2374 2949 in

1450 2972 1519 2994 non
1544 2962 1658 2994 eadem
1681 2962 1863 2994 secundum
1878 2971 2064 3002 numerum,
2080 2961 2138 2994 sed
2158 2962 2194 2993 in
2217 2971 2279 2994 suo
2302 2961 2409 2994 simili.
2425 2961 2528 3002 Quod

1451 3013 1539 3049 patet
1555 3017 1594 3039 ex
1610 3007 1750 3038 duobus.
1766 3006 1887 3045 Primo,
1904 3007 1982 3048 quia
2003 3006 2142 3048 assignat
2156 3006 2317 3038 rationem
2340 3006 2439 3040 huius
2452 3016 2526 3050 per-

1450 3053 1633 3084 manentiae
1657 3062 1696 3084 ex
1713 3061 1753 3083 eo
1770 3051 1861 3093 quod
1874 3051 2010 3093 spiritus
2025 3051 2059 3082 in
2075 3061 2157 3093 quos
2173 3056 2242 3083 tota
2247 3051 2330 3093 fere
2343 3050 2526 3085 substantia

1450 3097 1621 3138 spermatis
1644 3096 1858 3134 convertitur,
1883 3101 2024 3128 manent.
2042 3095 2180 3128 Constat
2202 3101 2312 3127 autem
2335 3095 2427 3137 quod
2449 3094 2526 3141 suh-

1449 3142 1565 3173 stantia
1587 3141 1755 3182 spermatis
1778 3150 1847 3172 non
1870 3141 2068 3172 convertitur
2090 3141 2125 3172 in
2142 3139 2275 3172 eosdem
2297 3149 2437 3174 numero
2459 3133 2525 3186 φὶ-

1448 3187 1528 3218 ritus
1552 3186 1609 3227 qui
1633 3191 1812 3227 praeerant,
1835 3185 1893 3217 sed
1915 3185 1949 3216 in
1973 3184 2104 3217 similes.
2131 3184 2174 3216 Et
2197 3184 2242 3216 sic
2265 3184 2366 3216 virtus
2389 3182 2523 3227 quidem

1448 3230 1560 3262 similis
1588 3231 1688 3272 priori
1719 3235 1880 3262 remanet:
1909 3239 1978 3261 non
2002 3235 2111 3261 autem
2141 3235 2272 3270 oportet
2295 3234 2332 3261 ut
2358 3228 2523 3260 remaneat

1447 3276 1537 3316 prior
1559 3275 1674 3306 eadem
1698 3273 1879 3306 secundum
1902 3283 2088 3306 numerum.
2104 3292 2127 3297 —
2145 3272 2310 3310 Secunde,
2333 3272 2412 3313 quia
2434 3271 2522 3304 idem

1447 3319 1619 3351 confirmat
1642 3319 1794 3360 exemplo
1818 3319 1941 3351 caloris
1964 3318 2020 3360 qui
2033 3318 2110 3361 suit
2131 3317 2300 3359 dispositio
2319 3315 2522 3359 adformam

1447 3365 1544 3406 ignis,
1561 3365 1618 3406 qui
1633 3369 1788 3400 remanet,
1795 3364 1916 3406 forma
1933 3363 2021 3406 ignis
2036 3361 2235 3394 adveniente.
2250 3359 2459 3393 Manifestum
2474 3366 2523 3393 est

1446 3414 1556 3440 autem
1568 3408 1659 3450 quod
1675 3409 1763 3440 calor
1775 3409 1832 3450 qui
1848 3408 2020 3450 praecessit
2035 3406 2173 3439 formam
2188 3405 2282 3446 ignis,
2297 3415 2365 3436 non
2378 3410 2523 3437 remanet

1444 3453 1531 3484 idern
1555 3462 1705 3490 numero,
1722 3462 1798 3484 cum
1822 3453 1856 3484 in
1879 3452 2020 3484 adventu
2043 3449 2167 3482 formae
2189 3449 2272 3490 ignis
2296 3455 2522 3492 corrumpatur

1445 3499 1627 3529 subiectum
1643 3498 1677 3529 in
1694 3507 1762 3539 quo
1775 3503 1858 3529 erat:
1879 3496 1936 3528 sed
1949 3499 2094 3527 remanet
2109 3493 2221 3526 similis
2237 3494 2324 3525 calor
2339 3493 2521 3527 secundum

1444 3543 1598 3583 speciem.
1620 3560 1643 3565 -
1666 3542 1851 3574 Dicendum
1874 3546 1922 3572 est
1944 3549 2021 3580 ergo
2045 3537 2136 3580 quod
2158 3539 2258 3570 virtus
2279 3538 2448 3571 formative
2470 3547 2520 3570 re-

1444 3593 1554 3618 manet
1568 3588 1602 3618 in
1619 3587 1725 3623 simili,
1741 3596 1810 3618 non
1825 3590 1935 3617 autem
1950 3583 2063 3615 eadem
2080 3583 2260 3615 secundum
2277 3592 2460 3616 numerum.
2477 3582 2519 3614 Et

1444 3641 1528 3672 quae
1546 3631 1642 3673 prius
1665 3635 1738 3662 erat
1756 3629 1906 3671 corporis
1918 3627 2117 3670 formativa‚
2134 3634 2170 3658 ut
2185 3628 2230 3659 ibi
2254 3628 2381 3665 dicitur.
2405 3626 2518 3660 eadem

1444 3675 1624 3707 secundum
1647 3675 1791 3716 speciem
1806 3673 1854 3716 fit
1870 3671 2079 3714 postmodum
2103 3673 2254 3714 corporis
2277 3670 2428 3715 regitiva.

2571 959 2579 968 '
2595 958 2694 987 Queat.
2711 965 2768 983 enti

2579 985 2768 1044 “maffia

2569 1356 2768 1391 'canam-seq

2565 1760 2743 1784 'canamu-

2562 2119 2572 2130 '
2582 2119 2646 2142 Lea.
2655 2125 2678 2149 3:
2687 2119 2716 2142 ad
2726 2125 2768 2149 cap

2561 2151 2588 2174 ιι,
2604 2153 2624 2169 ι.

2556 2656 2632 2706 hQu.
2651 2662 2732 2685 cami,
2752 2663 2768 2686 ι,
