2768 4134
321 303 396 349 570

318 393 336 413 a
352 391 419 422 quo
434 383 578 410 sumatur
593 377 674 407 ratio
689 375 743 406 illa
760 375 813 405 cui
828 373 1011 405 intellectus
1024 372 1158 414 generis
1173 371 1388 402 intentionem

317 425 466 460 attribuit,
491 428 523 453 et
545 432 563 452 a
587 430 654 462 quo
682 425 827 450 sumatur
853 418 933 448 ratio
961 417 1015 448 cui
1042 416 1225 447 attribuitur
1251 416 1388 447 intentio

317 465 529 511 differentiae.

372 523 402 543 2.
426 509 602 543 Sciendum
624 507 779 544 secundo,
804 505 895 548 quod
918 514 1136 546 unaquaeque
1161 505 1286 546 species
1309 514 1389 535 con—

315 558 395 588 tinet
416 555 450 587 id
473 553 563 596 quod
585 553 646 583 sibi
668 560 844 583 commune
869 556 916 581 est
943 559 1020 580 cum
1044 549 1126 586 aliis3
1152 555 1184 580 et
1207 549 1289 580 ultra
1312 549 1387 585 hoc,

315 601 562 633 determinatum
591 596 727 638 gradum
749 597 783 626 in
807 605 848 626 eo
872 594 963 636 quod
992 594 1051 625 sibi
1075 599 1107 624 et
1130 594 1199 624 aliis
1227 599 1275 624 est
1297 603 1389 624 com-

315 655 424 678 mune.
450 645 510 674 Ista
533 647 642 674 autem
665 640 732 672 duo
756 641 790 671 in
813 640 921 680 specie
944 644 1020 670 sunt
1042 648 1108 669 una
1131 643 1164 669 et
1186 637 1301 669 eadem
1327 648 1387 675 res,

315 699 398 731 quae
417 688 538 719 scilicet
554 691 602 717 est
616 691 729 716 natura
748 684 913 725 specifica:
938 684 1022 714 sicut
1044 688 1158 713 natura
1181 683 1332 714 sensitiva
1354 684 1388 714 in

314 734 458 770 homine,
478 730 659 763 secundum
683 739 782 770 quam
806 729 959 760 convenit
983 737 1059 759 cum
1085 727 1196 764 brutis,
1221 733 1253 758 et
1275 733 1388 758 natura

313 778 516 814 intellectiva,
541 774 722 807 secundum
746 783 845 815 quam
869 774 908 804 ab
932 773 1009 814 ipsis
1033 771 1146 809 differt,
1163 781 1232 802 non
1254 777 1332 803 sunt
1354 773 1388 803 in

313 823 447 856 homine
470 821 595 852 realiter
618 819 776 855 distincta,
793 818 849 849 sed
867 823 942 849 sunt
965 817 1052 848 idem
1076 815 1168 857 quod
1190 816 1387 848 humanitas.

314 867 378 900 Sed
400 867 476 898 licet
497 867 558 897 ista
581 864 648 895 duo
673 873 737 894 una
760 873 810 894 res
833 864 906 899 sint,
930 862 1112 893 intellectus
1142 866 1254 892 tamen
1280 867 1389 902 potest

314 912 354 944 de
377 912 430 942 illa
452 921 486 942 re
509 910 648 941 formare
672 908 780 949 plures
804 912 993 947 conceptus,
1018 915 1162 947 quorum
1192 915 1278 937 unus
1308 916 1388 937 con-

314 958 421 988 veniat
450 956 511 987 sibi
540 953 720 986 secundum
751 952 841 992 quod
870 951 1006 982 includit
1029 950 1063 982 id
1087 950 1179 991 quod
1204 950 1316 982 multis
1340 956 1388 983 est

315 1010 501 1037 commune,
525 1000 582 1040 qui
612 1003 659 1029 est
691 1002 863 1037 conceptus
892 996 1085 1038 genet-icus;
1115 996 1196 1026 alius
1225 1005 1303 1026 vero
1327 996 1387 1026 sibi

315 1046 486 1078 conveniat
508 1045 701 1084 inquantum
726 1042 871 1072 continet
902 1040 1038 1081 gradum
1062 1050 1130 1081 quo
1159 1040 1198 1070 ab
1227 1040 1296 1070 aliis
1326 1041 1387 1071 sub

314 1091 370 1122 illo
394 1089 562 1120 communi
578 1087 792 1127 distinguitur,
810 1086 867 1126 qui
888 1091 935 1117 est
951 1090 1124 1126 conceptus
1143 1085 1389 1126 differentialis;

314 1136 394 1166 alius
418 1142 552 1174 quoque
575 1132 635 1162 sibi
659 1131 831 1162 conveniat
846 1136 883 1161 ut
898 1136 1070 1170 utramque
1094 1130 1190 1160 simul
1214 1129 1388 1170 perfectio-

314 1188 390 1210 nem
420 1177 657 1218 complectitur,
683 1177 740 1216 qui
771 1180 819 1206 est
842 1180 1015 1216 conceptus
1037 1175 1215 1216 specificas.
1241 1175 1283 1205 Et
1306 1175 1388 1206 sicut

314 1233 413 1255 unam
429 1229 460 1254 et
477 1221 613 1253 eandem
636 1230 705 1251 rem
729 1220 910 1251 intellectus
934 1219 1150 1251 diversimode
1173 1220 1328 1260 concipit,
1345 1220 1388 1250 ita

313 1268 443 1299 diversis
462 1266 650 1298 nominibus
667 1274 748 1301 eam,
765 1264 982 1296 mediantibus
1005 1264 1138 1295 diversis
1161 1264 1387 1305 conceptibus,

313 1311 483 1353 significan
504 1317 535 1342 et
551 1311 611 1341 illis
631 1309 769 1341 diversas
793 1310 990 1340 intentiones
1013 1310 1166 1346 attribuit,
1187 1309 1309 1340 scilicet
1330 1319 1387 1351 ge-

314 1357 410 1392 neris,
435 1356 640 1397 differentiae
663 1361 694 1386 et
716 1354 842 1395 speciei.

368 1402 444 1432 Hoc
474 1406 583 1432 autem
611 1409 680 1431 non
710 1399 818 1430 solum
848 1400 882 1430 in
913 1398 1104 1439 compositis
1135 1408 1174 1429 ex
1201 1399 1334 1429 materia
1357 1403 1389 1429 et

314 1445 417 1477 forma
446 1446 618 1482 invenitur,
642 1443 700 1475 sed
723 1445 820 1475 etiam
843 1444 876 1474 in
900 1444 1085 1474 substantiis
1111 1443 1387 1474 immaterialibus.

313 1491 409 1528 Quia,
434 1499 510 1521 cum
534 1491 615 1520 inter
638 1489 707 1520 illas
723 1490 763 1520 sit
779 1488 941 1519 distinctio
966 1487 1127 1529 specifica,
1144 1489 1264 1519 habent
1281 1493 1313 1519 et
1331 1488 1388 1519 ali-

314 1535 393 1576 quid
415 1536 449 1566 in
473 1544 540 1575 quo
565 1535 780 1570 conveniunt;
805 1538 837 1564 et
864 1532 986 1573 aliquid
1017 1542 1085 1573 quo
1109 1533 1191 1564 inter
1215 1543 1249 1564 se
1273 1542 1388 1564 secun-

314 1580 393 1611 dum
416 1579 645 1611 determinatos
667 1578 785 1619 gradus
809 1578 892 1609 entis
915 1578 1167 1618 distinguuntur.

370 1625 400 1656 3.
425 1623 600 1656 Sciendum
617 1624 724 1661 tertio,
743 1629 780 1654 ut
802 1623 912 1654 haberi
934 1628 1043 1663 potest
1058 1632 1097 1653 ex
1118 1622 1265 1653 doctrina
1280 1622 1390 1653 Sancti

314 1670 463 1700 Thomae
487 1669 527 1700 de
549 1669 731 1709 Spiritual„
756 1678 784 1699 a.
804 1676 832 1704 1,
849 1667 890 1699 ad
907 1676 964 1706 243
984 1673 1016 1698 et
1030 1667 1064 1698 in
1081 1667 1235 1698 Tractatu
1253 1666 1293 1698 de
1308 1667 1390 1698 Esse

315 1719 346 1744 et
367 1714 536 1750 Essentia;
560 1723 597 1744 ac
621 1714 718 1744 etiam
742 1713 768 1743 11
789 1712 890 1749 Sent„
916 1711 947 1743 d.
963 1722 1008 1748 n1,
1033 1721 1065 1752 q.
1088 1720 1122 1748 1,
1139 1722 1167 1742 a.
1186 1713 1216 1749 5,
1240 1711 1332 1752 quod
1354 1712 1389 1742 in

315 1759 410 1789 rebus
440 1758 657 1789 materialibus
687 1757 754 1788 duo
785 1762 861 1788 sunt
884 1767 902 1787 a
925 1757 1045 1797 quibus
1068 1758 1206 1787 sumitur
1228 1757 1310 1787 ratio
1333 1766 1388 1796 ge-

315 1805 410 1840 neris,
434 1808 466 1834 et
489 1802 556 1833 duo
581 1812 599 1833 a
622 1802 740 1843 quibus
763 1803 901 1833 sumitur
924 1802 1005 1832 ratio
1030 1801 1241 1832 differentiae:
1267 1801 1389 1832 scilicet

315 1847 349 1878 id
364 1858 383 1878 a
398 1857 466 1888 quo
485 1848 632 1888 proxime
652 1851 839 1883 sumuntur;
853 1852 885 1877 et
900 1845 933 1877 id
949 1856 967 1876 a
983 1855 1051 1886 quo
1071 1852 1196 1877 remote
1215 1851 1389 1876 sumuntur

315 1898 347 1923 et
371 1892 574 1932 originaliter.
599 1892 787 1922 Proximum
803 1900 821 1921 a
837 1900 905 1931 quo
921 1896 1104 1927 sumuntur,
1121 1897 1168 1921 est
1186 1891 1256 1930 ipsa
1274 1896 1388 1921 natura

314 1937 444 1977 speciei,
468 1945 552 1976 quae
576 1935 718 1966 diversos
742 1940 922 1975 conceptus
945 1940 1018 1965 nata
1034 1940 1082 1965 est
1097 1934 1242 1971 fundare,
1257 1940 1292 1965 ut
1307 1934 1387 1965 dixi-

314 1991 396 2012 muS.
417 1981 458 2011 Et
475 1981 520 2011 sic
536 1980 575 2010 ab
593 1990 658 2011 una
673 1985 704 2010 et
721 1979 834 2010 eadem
852 1989 886 2009 re
905 1980 1053 2019 proxime
1073 1985 1105 2009 et
1123 1979 1310 2010 immediate
1333 1988 1386 2009 su-

313 2026 412 2056 mitur
433 2034 536 2066 genus
560 2029 591 2054 et
615 2024 806 2055 differentia:
824 2029 912 2065 puta,
937 2024 975 2054 ab
999 2023 1053 2054 illa
1076 2024 1207 2055 entitate
1231 2033 1315 2065 quae
1339 2028 1387 2054 est

313 2070 508 2105 humanitas,
532 2070 671 2100 sumitur
700 2069 826 2099 animal
852 2074 883 2099 et
907 2068 1080 2104 rationale,
1106 2073 1138 2099 et
1165 2074 1231 2099 tam
1261 2068 1387 2099 animal

314 2124 413 2156 quam
444 2114 608 2145 rationale
638 2114 726 2144 illam
756 2112 924 2154 significat,
948 2113 1007 2143 sub
1041 2113 1101 2144 alia
1129 2119 1239 2144 tamen
1267 2119 1299 2144 et
1325 2113 1386 2144 alia

313 2160 447 2196 ratione,
471 2159 596 2190 animal
619 2158 752 2199 quidem
771 2164 808 2189 ut
830 2163 943 2188 natura
966 2158 1117 2188 sensitiva
1141 2164 1197 2195 est,
1222 2158 1388 2189 rationale

313 2213 391 2235 vero
415 2209 451 2234 ut
473 2209 521 2235 est
543 2203 748 2234 intellectiva.
764 2221 787 2226 —
803 2202 905 2241 Quod
927 2208 1037 2233 autem
1060 2203 1167 2243 primo
1192 2208 1223 2234 et
1247 2203 1386 2244 origina-

314 2250 386 2280 liter
415 2248 529 2279 fundat
558 2258 661 2289 genus
686 2253 718 2278 et
741 2247 964 2284 differentiam,
989 2253 1037 2278 est
1059 2248 1192 2278 materia
1216 2254 1247 2279 et
1271 2247 1384 2279 forma.

315 2294 463 2324 Diversas
486 2294 573 2324 enirn
598 2292 813 2333 perfectiones
836 2292 950 2323 ordine
966 2291 1109 2332 quodam
1125 2293 1258 2324 materia
1274 2294 1387 2334 recipit

315 2349 334 2370 a
357 2337 461 2369 forma
483 2347 558 2374 una,
574 2338 657 2368 sicut
672 2343 704 2368 et
718 2337 858 2368 diversas
880 2336 1001 2367 formas
1023 2343 1097 2368 nata
1114 2343 1160 2368 est
1176 2337 1322 2369 ordinate
1337 2347 1386 2369 re-

316 2384 437 2424 cipere:
454 2383 498 2414 ita
514 2382 604 2423 quod
623 2383 682 2413 sub
702 2391 768 2413 una
790 2381 989 2422 perfectione
1013 2388 1220 2422 comparatur
1235 2382 1275 2413 ad
1291 2383 1386 2414 aliam

315 2428 399 2459 sicut
421 2427 596 2468 potentiale
620 2426 660 2457 ad
683 2427 823 2462 actuale,·
838 2427 921 2457 sicut
943 2425 1142 2466 perfectibile
1158 2427 1197 2458 ad
1214 2427 1387 2468 perfectio-

315 2482 402 2509 nem,
426 2478 458 2503 et
481 2472 563 2503 sicut
586 2470 828 2502 determinabile
852 2470 892 2502 ad
915 2470 1141 2502 determinans.
1167 2471 1286 2503 Forma
1308 2482 1386 2503 vero

317 2522 364 2548 est
387 2526 470 2557 quae
493 2517 642 2547 terminat
665 2516 933 2556 potentialitatem
952 2516 1114 2553 materiae,
1131 2516 1240 2547 dando
1256 2517 1302 2548 illi
1318 2527 1387 2549 esse

316 2567 348 2592 et
363 2561 650 2602 complementum.
664 2561 705 2591 Et
720 2561 766 2591 sic
781 2566 895 2591 natura
909 2559 1098 2601 imperfecta
1113 2570 1131 2592 a
1146 2562 1279 2593 materia
1292 2562 1388 2593 habet

316 2605 407 2647 quod
421 2607 461 2637 sit
476 2605 636 2646 possibilis
652 2605 692 2636 ad
711 2615 780 2636 esse
803 2605 994 2646 perfectum,
1018 2606 1213 2646 inquantum
1236 2607 1388 2638 materiae

315 2651 532 2692 potentialitas
558 2660 626 2681 non
656 2650 839 2691 completur
865 2660 923 2692 per
951 2650 1032 2682 illud
1055 2660 1125 2682 esse
1148 2651 1387 2692 imperfectum,

316 2695 372 2727 sed
393 2696 495 2736 magis
526 2695 707 2736 disponitur
730 2695 770 2726 ad
793 2705 862 2726 esse
885 2694 1081 2736 perfectum:
1106 2696 1387 2736 quemadmodum

315 2741 348 2771 in
371 2750 525 2781 processu
548 2741 764 2781 generationis
787 2749 845 2781 per
868 2739 1007 2771 formam
1030 2739 1254 2781 imperfectam
1278 2741 1388 2782 dispo-

315 2786 402 2816 nitur
425 2784 465 2816 ad
487 2785 674 2826 perfectam.
691 2785 769 2816 Esse
789 2790 899 2816 autem
922 2784 1102 2826 perfectum
1125 2786 1222 2817 habet
1237 2797 1255 2817 a
1271 2785 1387 2823 forma,

317 2829 407 2870 quod
421 2831 461 2861 sit
476 2830 640 2861 actualitas
657 2835 688 2861 et
705 2830 899 2866 terminatio,
916 2830 1111 2870 inquantum
1132 2830 1236 2862 forma
1253 2841 1310 2872 per
1325 2831 1388 2862 tale

317 2884 385 2905 esse
403 2875 671 2915 potentialitatem
687 2875 838 2906 materiae
854 2880 886 2906 et
902 2884 970 2906 esse
994 2874 1223 2915 imperfectum
1238 2877 1388 2907 terminat

317 2925 348 2950 et
364 2920 516 2960 complet.
529 2937 552 2942 -
563 2919 605 2950 Et
620 2925 752 2961 propter
767 2920 832 2950 hoc
848 2920 931 2950 bene
947 2919 1025 2951 dicit
1040 2920 1092 2951 hic
1109 2920 1200 2960 quod
1212 2930 1233 2952 a
1249 2922 1387 2952 materia

316 2965 453 2995 sumitur
475 2974 577 3005 genus
594 2965 627 2995 in
644 2965 739 2995 rebus
755 2964 983 3001 materialibus,
1000 2969 1058 2995 aut
1073 2974 1094 2995 a
1111 2965 1293 3004 materiali:
1311 2966 1388 3007 quia

316 3008 464 3040 videlicet
487 3019 505 3040 a
527 3015 596 3040 tota
618 3014 732 3040 natura
754 3009 884 3050 speciei,
905 3014 941 3040 ut
960 3009 1145 3050 potentialis
1169 3016 1226 3047 est,
1250 3011 1389 3042 sumitur

316 3054 473 3094 proxime,
496 3059 652 3095 tanquam
668 3064 686 3085 a
701 3060 815 3085 natura
838 3063 895 3094 per
919 3054 1027 3095 ipsum
1051 3063 1174 3085 nomen
1197 3056 1324 3096 generis
1346 3055 1388 3086 si-

316 3097 480 3138 gnificata;
504 3108 522 3129 a
545 3099 677 3130 materia
707 3108 784 3130 vero
813 3099 951 3130 sumitur
978 3104 1103 3130 remote
1126 3105 1158 3130 et
1182 3100 1387 3140 originaliter,

316 3147 470 3183 tanquam
493 3153 511 3173 a
534 3143 638 3184 prima
661 3144 784 3184 origine
808 3143 1050 3184 potentialitatis
1072 3149 1215 3175 naturae.
1236 3144 1389 3177 Similiter

318 3192 350 3218 et
372 3188 411 3218 ab
434 3188 503 3228 ipsa
527 3187 641 3219 eadem
663 3193 777 3219 natura
804 3187 965 3229 specifica,
989 3194 1026 3219 ut
1048 3189 1181 3220 actualis
1207 3194 1254 3220 est
1277 3195 1309 3221 et
1332 3189 1388 3221 de-

317 3232 500 3269 terminans,
524 3233 662 3264 sumitur
685 3234 831 3273 proxime
855 3232 1044 3269 differentia,
1061 3239 1216 3274 tanquam
1235 3244 1253 3264 a
1276 3240 1389 3266 natura

317 3277 450 3307 nomine
481 3276 677 3308 differentiae
709 3277 901 3318 significata:
927 3288 944 3308 a
968 3277 1074 3309 forma
1100 3287 1178 3309 vero
1209 3284 1333 3310 remote
1357 3285 1389 3310 et

318 3321 512 3361 originaliter
534 3322 681 3358 sumitur,
698 3327 853 3363 tanquam
876 3332 893 3353 a
912 3323 1015 3363 prima
1039 3322 1229 3354 actualitatis
1253 3324 1387 3364 origine.

373 3365 407 3396 In
428 3366 522 3397 rebus
543 3376 620 3397 vero
643 3367 907 3398 immaterialibus
922 3377 990 3398 non
1007 3373 1054 3398 est
1070 3366 1234 3398 distinctio
1249 3369 1388 3408 proximi

319 3413 350 3439 et
372 3411 487 3441 remoti
511 3410 713 3442 fundamenti
737 3413 862 3452 generis
887 3417 918 3443 et
942 3411 1150 3449 differentiae,
1168 3421 1244 3443 cum
1260 3412 1303 3443 ibi
1320 3423 1388 3444 non

318 3454 357 3484 sit
380 3455 575 3495 compositio
600 3465 639 3487 ex
661 3456 808 3496 pluribus
831 3457 989 3497 partibus:
1011 3456 1067 3488 sed
1083 3457 1123 3488 ab
1139 3457 1209 3497 ipsa
1224 3456 1389 3489 dumtaxat

319 3503 440 3535 natura,
472 3505 507 3530 ut
542 3501 750 3541 conceptibili
781 3506 945 3542 conceptu
977 3500 1222 3538 determinabili,
1251 3503 1389 3534 sumitur

318 3543 398 3573 ratio
411 3545 548 3583 generis;
563 3550 598 3576 ut
614 3551 721 3576 autem
738 3546 947 3586 conceptibili
964 3551 1127 3586 conceptu
1143 3545 1388 3584 determinante,

319 3588 455 3618 sumitur
484 3589 564 3620 ratio
595 3589 803 3621 differentiae.
827 3590 868 3621 Et
891 3590 955 3621 hoc
981 3596 1028 3622 est
1055 3590 1147 3632 quod
1171 3591 1224 3622 hic
1251 3590 1389 3622 intendit

320 3629 454 3663 Sanctus
477 3633 631 3670 Thomas,
657 3644 732 3665 cum
763 3636 868 3676 inquit
899 3635 990 3675 quod
1017 3645 1060 3666 ex
1083 3636 1153 3676 ipsa
1177 3635 1307 3666 ratione
1330 3646 1388 3667 na·

320 3678 422 3711 turae,
447 3677 567 3708 scilicet
590 3679 736 3710 absolute
761 3685 792 3710 et
814 3679 1060 3711 indeterminate
1084 3679 1316 3716 consideratae,
1335 3690 1389 3711 su-

812 294 1001 332 SUMMA
1029 292 1252 331 CONTRA
1280 290 1556 336 GENTILES,
1585 290 1680 327 LlB.
1701 290 1743 335 II,
1773 289 1885 327 CAP.
1906 289 2024 328 XCV.

1444 370 1544 400 mitur
1565 376 1692 412 genus;
1707 379 1749 400 ex
1765 369 1996 400 terminatione
2018 374 2127 400 autem
2150 370 2220 401 eius
2242 371 2420 406 secundum
2433 372 2523 413 quod

1444 419 1491 444 est
1509 414 1542 444 in
1563 413 1624 445 tali
1646 413 1757 456 gradu
1781 413 1875 449 entis,
1894 413 2036 444 sumitur
2058 413 2128 444 eius
2151 413 2337 456 differentia
2360 416 2520 458 specifica.

1499 458 1554 489 VI.
1579 458 1628 489 Ex
1650 459 1689 489 iis
1712 462 1802 499 patet
1825 457 1917 499 quod
1940 457 1974 488 in
1991 457 2120 489 duobus
2144 460 2346 491 conveniunt
2367 470 2471 502 genus
2490 469 2522 494 et

1444 502 1623 534 differentia
1638 503 1672 533 in
1688 503 1785 533 rebus
1800 502 2019 533 materialibus
2032 509 2065 533 et
2079 503 2113 533 in
2129 503 2225 534 rebus
2241 504 2520 538 immaterialibus:

1444 548 1524 578 etin
1539 557 1609 578 uno
1633 547 1795 578 differunt.
1821 546 2035 578 Conveniunt
2058 548 2145 578 enim
2169 548 2288 588 primo,
2305 555 2466 589 quantum
2481 551 2522 582 ad

1443 593 1507 623 hoc
1523 591 1615 632 quod
1631 593 1664 622 in
1682 592 1828 632 utrisque
1842 601 1946 632 genus
1962 591 2041 625 dicit
2059 598 2208 624 naturam
2232 592 2521 633 determinabilem,

1443 642 1476 668 et
1502 636 1682 668 differentia
1707 641 1857 667 naturam
1889 635 2174 668 determinantem:
2208 638 2300 678 quod
2325 648 2384 680 per
2410 649 2444 670 se
2466 650 2521 682 ge-

1442 682 1513 712 neri
1537 686 1568 712 et
1595 680 1793 712 differentiae
1822 681 1987 712 convenit.
2015 699 2038 703 —
2067 681 2279 714 Conveniunt
2307 679 2464 722 secundo,
2488 686 2522 716 in

1442 727 1506 757 hoc
1530 725 1622 766 quod
1646 730 1693 756 est
1715 735 1782 756 una
1805 731 1837 756 et
1855 724 1970 756 eadem
1993 731 2107 758 natura
2129 727 2312 758 secundum
2335 738 2414 765 rem,
2432 727 2523 760 diffe-

1442 780 1516 802 rens
1538 775 1666 801 tantum
1689 769 1872 801 secundum
1895 770 2066 807 rationem,
2086 781 2105 802 a
2124 780 2190 811 qua
2212 773 2361 812 proxime
2384 774 2523 805 sumitur

1442 816 1523 846 ratio
1547 815 1674 855 generis
1698 820 1730 845 et
1757 815 1839 846 ratio
1863 814 2061 846 differentiae
2084 816 2119 847 in
2139 816 2295 857 utrisque.
2315 835 2337 840 -
2360 818 2523 850 Differunt

1442 866 1552 892 autem
1575 859 1758 891 secundum
1781 859 1815 891 id
1839 859 1930 900 quod
1952 860 2063 899 generi
2079 866 2112 891 et
2127 860 2325 896 differentiae
2348 863 2464 899 accidit
2486 870 2523 894 ut

1442 911 1518 936 sunt
1540 906 1575 936 in
1601 905 1676 936 hoc.
1705 904 1792 942 Quia
1817 905 1852 935 in
1875 904 1972 936 rebus
2002 905 2219 936 materialibus
2245 915 2350 948 genus
2376 913 2408 938 et
2431 907 2522 939 diffe-

1442 951 1544 981 rentia
1577 948 1826 991 primordialiter
1856 954 1888 980 et
1918 949 2117 989 originaliter
2149 956 2324 982 sumuntur
2346 961 2364 982 a
2390 951 2522 984 diversis

1443 995 1596 1036 partibus,
1621 994 1744 1025 scilicet
1767 1003 1785 1024 a
1808 994 1942 1024 materia
1965 1002 2079 1033 genuS,
2103 1000 2136 1025 et
2159 1004 2177 1025 a
2200 994 2305 1026 forma
2333 995 2520 1028 differentia.

1442 1040 1477 1071 In
1502 1039 1688 1070 substantiis
1711 1044 1821 1070 autern
1845 1038 2111 1070 immaterialibus
2131 1048 2199 1070 non
2221 1045 2395 1071 sumuntur
2411 1041 2521 1082 aliquo

1442 1084 1544 1116 modo
1569 1094 1587 1115 a
1610 1083 1743 1115 diversis
1770 1083 1915 1124 partibus
1945 1084 2077 1125 speciei,
2102 1093 2179 1115 cum
2203 1085 2267 1115 sint
2289 1090 2422 1117 naturae
2445 1087 2522 1117 sim·

1441 1129 1558 1170 plices:
1583 1128 1641 1160 sed
1665 1129 1734 1170 ipsa
1756 1128 1826 1158 sola
1849 1134 1964 1160 natura
1986 1129 2118 1170 speciei,
2142 1134 2179 1160 ut
2202 1129 2419 1162 diversimode
2441 1140 2522 1162 con-

1443 1174 1602 1214 ceptibilis
1626 1178 1658 1204 et
1684 1172 1913 1213 significabilis,
1939 1179 1987 1204 est
2009 1173 2043 1204 id
2066 1183 2085 1204 a
2108 1183 2177 1214 quo
2204 1179 2271 1205 tam
2294 1183 2398 1215 genus
2421 1184 2521 1216 quam

1442 1218 1622 1250 differentia
1645 1219 1793 1249 sumitur.

1498 1263 1551 1294 Ad
1567 1263 1705 1294 dubium
1721 1272 1799 1303 ergo
1822 1262 1940 1294 dicitur
1962 1262 2053 1303 quod
2076 1263 2202 1303 utique,
2223 1269 2260 1294 ut
2281 1264 2347 1294 iam
2370 1264 2520 1302 diximus,

1441 1319 1508 1340 non
1535 1307 1640 1339 differt
1663 1308 1811 1348 acceptio
1834 1308 1962 1348 generis
1977 1313 2009 1339 et
2025 1307 2225 1339 differentiae
2240 1309 2275 1339 in
2291 1309 2387 1339 rebus
2406 1309 2521 1342 imma-

1442 1353 1607 1385 terialibus
1623 1352 1663 1384 ab
1679 1362 1796 1384 eorum
1811 1353 2003 1394 acceptione
2019 1353 2053 1383 in
2068 1353 2165 1384 rebus
2180 1353 2400 1384 materialibus
2417 1364 2520 1395 quan-

1442 1404 1514 1430 tum
1537 1398 1578 1429 ad
1601 1407 1671 1429 rem
1695 1407 1714 1428 a
1737 1407 1802 1438 qua
1831 1398 1981 1438 proxime
2010 1403 2195 1434 sumuntur,
2226 1403 2263 1429 ut
2292 1404 2521 1439 argumentum

1442 1444 1571 1484 probat:
1597 1452 1660 1474 nec
1682 1443 1748 1474 hoc
1770 1442 1909 1474 intendit
1939 1442 2101 1474 deducere
2121 1442 2259 1474 Sanctus
2276 1442 2434 1475 Thomas.
2457 1443 2523 1476 Sed

1443 1487 1548 1520 differt
1575 1493 1700 1519 tantum
1731 1492 1892 1528 quantum
1915 1487 1956 1518 ad
1979 1488 2118 1528 primam
2145 1488 2305 1528 originem
2328 1494 2361 1519 et
2383 1489 2522 1529 primam

1442 1533 1584 1565 radicem
1606 1532 1677 1563 talis
1701 1533 1915 1573 acceptionis:
1939 1533 2017 1573 quia
2037 1533 2071 1563 in
2093 1533 2190 1564 rebus
2211 1532 2432 1565 materialibus
2453 1543 2522 1565 ma-

1442 1579 1522 1610 teria
1538 1583 1570 1609 et
1585 1577 1690 1609 forma
1706 1583 1781 1608 sunt
1797 1577 1890 1618 origo
1906 1578 2034 1618 generis
2047 1583 2078 1608 et
2094 1576 2310 1614 differentiae;
2326 1587 2396 1609 non
2411 1584 2522 1610 autem

1442 1624 1476 1654 in
1488 1623 1585 1654 rebus
1596 1622 1872 1654 immaterialibus.
1879 1622 1921 1652 Et
1931 1622 2013 1653 haec
2024 1620 2204 1654 differentia
2215 1628 2264 1654 est
2276 1632 2376 1663 quam
2384 1623 2522 1655 Sanetus

1443 1668 1590 1699 Thomas
1611 1677 1649 1698 ex
1668 1677 1726 1698 sua
1746 1666 1964 1698 declaratione
1984 1666 2127 1698 deducit.

1498 1712 1566 1743 V11.
1591 1711 1656 1743 Sed
1672 1711 1779 1742 adhuc
1793 1710 2026 1752 inquirendum
2041 1716 2148 1747 restat,
2163 1720 2240 1742 cum
2255 1721 2360 1752 genus
2374 1718 2522 1744 sumatur

1442 1758 1476 1788 in
1506 1757 1692 1788 substantiis
1721 1755 1993 1787 intellectualibus
2019 1765 2058 1786 ex
2080 1756 2150 1796 ipsa
2173 1761 2288 1787 natura
2310 1756 2523 1788 intellectuali
2560 1769 2563 1772 ⁴

1442 1801 1689 1833 indeterminate
1719 1800 1932 1837 considerata,
1956 1799 2137 1831 differentia
2163 1810 2240 1831 vero
2265 1810 2303 1832 ex
2327 1800 2523 1833 detenninffi

1441 1848 1534 1877 tione
1557 1845 1598 1877 ad
1621 1845 1719 1876 talem
1748 1845 1886 1885 gradum
1912 1846 2048 1882 entium,
2073 1845 2256 1876 secundum
2279 1846 2360 1886 quid
2382 1846 2443 1878 ista
2464 1846 2521 1878 de·

1441 1891 1626 1922 terminatio
1650 1889 1690 1920 ad
1714 1895 1838 1920 certum
1862 1889 1999 1929 gradum
2023 1890 2149 1920 entium
2172 1890 2363 1930 accipienda
2384 1891 2435 1922 ait.

1499 1945 1528 1965 2.
1545 1934 1598 1966 Ad
1613 1934 1711 1965 huius
1727 1933 1934 1970 evidentiam,
1951 1933 2226 1965 considerandum
2242 1939 2301 1971 est,
2317 1943 2358 1966 ex
2372 1933 2520 1969 doctrina

1440 1979 1549 2010 Sancti
1569 1979 1719 2010 Thomae
1736 1978 1763 2009 11
1780 1978 1879 2014 Sent„
1902 1978 1979 2009 loco
2002 1978 2234 2019 praeallegato;
2259 1984 2292 2010 et
2314 1979 2348 2010 in
2365 1978 2521 2014 Tractatu

1440 2024 1480 2055 de
1494 2023 1580 2055 Ente
1603 2028 1635 2054 et
1654 2023 1825 2059 Essentia,·
1841 2032 1878 2054 ac
1901 2023 1934 2054 in
1951 2022 2106 2054 Tractatu
2128 2022 2170 2055 de
2189 2023 2321 2055 Natura
2339 2023 2478 2057 Generis
2491 2025 2519 2062 ⁶,

1440 2068 1541 2110 quod,
1550 2077 1627 2100 cum
1638 2069 1721 2099 ratio
1733 2068 1931 2099 substantiae
1943 2077 2028 2108 quae
2040 2073 2089 2099 est
2100 2067 2394 2109 praedicamentale
2404 2078 2520 2110 genus,

1439 2113 1621 2145 secundum
1633 2118 1779 2144 mentem
1794 2113 1994 2149 Avicennae,
2010 2113 2050 2144 sit
2064 2113 2185 2145 habere
2206 2123 2276 2145 esse
2298 2113 2391 2145 aliua
2413 2123 2434 2145 a
2456 2123 2519 2146 sua

1439 2159 1629 2200 quidditate,
1641 2167 1705 2199 per
1721 2167 1757 2189 se
1771 2162 1803 2189 et
1818 2167 1884 2189 non
1905 2158 1938 2188 in
1955 2158 2023 2189 alio
2028 2165 2041 2195 ;
2064 2158 2129 2189 hoc
2153 2163 2202 2189 est
2224 2167 2403 2191 commune
2426 2159 2519 2192 omni

1439 2204 1637 2235 substantiae
1660 2203 1810 2234 existenti
1831 2203 1865 2234 in
1888 2211 2018 2243 genere,
2042 2202 2134 2244 quod
2154 2203 2188 2234 in
2205 2212 2244 2235 ea
2257 2203 2299 2235 sit
2319 2203 2519 2245 compositio

1440 2258 1479 2280 ex
1495 2249 1632 2280 essentia
1648 2253 1680 2279 et
1696 2257 1776 2279 esse.
1800 2247 1842 2278 Et
1866 2248 1943 2288 quia
1965 2248 2104 2279 essentia
2119 2247 2269 2280 distincta
2285 2247 2325 2279 ab
2341 2257 2412 2280 esse
2427 2257 2518 2282 con-

1439 2299 1570 2334 paratur
1592 2292 1633 2323 ad
1659 2302 1756 2324 suum
1785 2301 1856 2324 esse
1886 2292 1970 2324 sicut
2000 2292 2147 2333 potentia
2169 2292 2210 2324 ad
2233 2298 2354 2330 actum,
2377 2292 2454 2326 ideo
2483 2294 2518 2326 in

1440 2339 1532 2370 omni
1555 2338 1734 2369 substantia
1757 2337 1913 2368 existente
1931 2338 1967 2369 in
1984 2346 2114 2378 genere,
2129 2337 2253 2378 aliquid
2275 2338 2518 2379 potentialitatis

1440 2389 1488 2414 est
1512 2389 1543 2414 et
1566 2382 1690 2424 aliquid
1712 2382 1915 2414 actualitatis.

1495 2427 1584 2459 Cum
1608 2437 1686 2468 ergo
1709 2436 1813 2468 genus
1841 2426 1928 2458 dicat
1958 2425 2082 2468 aliquid
2111 2426 2299 2467 potentiale,
2327 2432 2459 2468 oportet
2480 2433 2518 2460 ut

1440 2473 1480 2503 ab
1503 2473 1573 2514 ipsa
1596 2471 1786 2513 quidditate‚
1811 2480 1896 2512 quae
1920 2477 1968 2502 est
1997 2471 2184 2512 potentialis
2207 2470 2248 2503 ad
2270 2481 2350 2508 esse,
2373 2477 2519 2505 sumtur

1440 2527 1553 2559 genus.
1583 2516 1772 2549 Differentia
1795 2517 1904 2554 etiam,
1927 2525 2005 2548 cum
2028 2516 2068 2547 ab
2092 2525 2172 2553 esse,
2196 2515 2289 2557 quod
2311 2521 2360 2548 est
2382 2517 2518 2554 mutale,

1441 2563 1544 2594 immo
1569 2567 1671 2598 actus,
1695 2562 1780 2593 sumi
1802 2570 1871 2593 non
1895 2562 2009 2602 possit,
2025 2561 2103 2602 quia
2121 2560 2155 2592 id
2170 2570 2189 2591 a
2205 2570 2273 2602 quo
2297 2561 2436 2593 sumitur
2457 2560 2520 2595 dif-

1441 2607 1586 2644 ferentia,
1611 2612 1743 2648 oportet
1773 2615 1843 2637 esse
1873 2605 1914 2637 de
1945 2605 2126 2646 quidditate
2153 2612 2186 2637 et
2208 2606 2346 2639 essentia
2368 2606 2426 2643 rei,
2450 2615 2521 2639 esse

1441 2658 1551 2684 autem
1574 2661 1643 2684 non
1667 2657 1715 2683 est
1738 2650 1779 2682 de
1802 2650 1982 2691 quidditate
1996 2651 2043 2682 rei
2062 2656 2202 2682 creatae:
2219 2660 2352 2683 necesse
2370 2657 2419 2683 est
2437 2656 2474 2685 ut
2488 2656 2520 2685 et

1441 2698 1482 2728 ab
1501 2698 1571 2738 ipsa
1589 2696 1770 2738 quidditate
1793 2701 1950 2733 sumatur,
1966 2695 2024 2727 sed
2046 2695 2273 2728 diversimode.
2297 2696 2409 2729 Potest
2431 2696 2520 2729 enim

1442 2741 1604 2783 quidditas
1628 2740 1824 2773 considerari
1849 2740 1997 2773 absolute
2019 2746 2052 2772 et
2069 2739 2265 2778 indistincte,
2281 2746 2318 2773 ut
2333 2740 2520 2782 potenti-lis

1442 2786 1482 2818 ad
1506 2796 1590 2818 esse:
1615 2792 1647 2818 et
1670 2791 1779 2827 potest
1801 2785 2000 2818 considerari
2022 2791 2059 2817 ut
2081 2786 2270 2827 propinqua
2291 2786 2354 2827 ipsi
2372 2794 2452 2823 esse,
2468 2790 2520 2819 ut-

1441 2838 1519 2872 pote
1543 2831 1755 2863 determinata
1778 2836 1811 2862 et
1829 2831 2004 2863 constituta
2020 2830 2055 2862 in
2070 2830 2182 2872 aliquo
2205 2830 2306 2871 gradu
2330 2831 2519 2872 propinquo

1441 2876 1482 2908 ad
1498 2886 1577 2908 esse.
1594 2877 1646 2908 Ab
1665 2877 1735 2917 ipsa
1753 2881 1791 2907 ut
1814 2876 1962 2907 absolute
1986 2875 2172 2916 potentialis
2194 2881 2252 2912 est,
2275 2876 2416 2908 sumitur
2437 2875 2519 2908 ratio

1441 2922 1582 2962 generis:
1600 2922 1640 2952 ab
1657 2921 1727 2962 ipsa
1742 2930 1821 2952 vero
1837 2926 1874 2952 ut
1889 2920 2195 2952 determinationem
2217 2920 2315 2952 habet
2336 2919 2519 2953 secundum

1442 2976 1542 3007 quam
1565 2966 1808 3007 appropinquat
1830 2964 1871 2996 ad
1895 2975 1975 3002 esse,
1999 2965 2139 2999 sumitur
2159 2964 2348 2997 differentia.

1498 3011 1539 3042 Et
1558 3011 1622 3042 hoc
1642 3019 1821 3042 commune
1845 3015 1893 3042 est
1915 3015 1982 3042 tam
2005 3009 2225 3042 materialibus
2248 3019 2348 3052 quam
2371 3010 2520 3043 immate-

1441 3056 1583 3087 rialibus.
1608 3055 1672 3087 Sed
1695 3056 1729 3086 in
1753 3055 1818 3086 hoc
1843 3053 1951 3087 differt
1971 3064 2021 3086 res
2044 3054 2217 3086 materialis
2240 3055 2280 3086 ab
2303 3054 2519 3091 immateriali.

1442 3100 1534 3142 quod
1563 3100 1783 3141 potentialitas
1814 3099 2000 3140 quidditatis
2031 3099 2191 3140 originem
2214 3099 2311 3131 habet
2333 3109 2352 3130 a
2374 3099 2519 3136 materis.

1442 3155 1527 3187 quae
1543 3151 1591 3176 est
1606 3146 1750 3186 primum
1766 3145 1988 3185 susceptivum
2000 3149 2032 3176 et
2047 3145 2191 3185 primum
2202 3144 2401 3181 subiectum
2413 3143 2519 3177 deter-

1442 3191 1578 3222 minatio
1594 3199 1672 3222 vero
1689 3188 1878 3231 quidditatis
1892 3189 2032 3221 sumitur
2049 3189 2247 3230 originaliter
2261 3198 2280 3220 a
2295 3187 2410 3225 foma,
2425 3187 2518 3221 euius

1443 3240 1490 3266 est
1513 3235 1784 3276 potentialitatem
1807 3234 1960 3266 materiae
1983 3233 2207 3266 determinare.
2224 3233 2304 3265 ideo
2323 3242 2391 3264 non
2409 3231 2518 3263 solum

1443 3290 1461 3311 a
1488 3279 1667 3321 quidditate
1691 3285 1727 3311 ut
1749 3278 1997 3315 determinabili,
2022 3284 2054 3310 et
2077 3283 2113 3310 ut
2137 3277 2356 3313 determinata.
2380 3277 2519 3309 sumitur

1443 3325 1476 3356 in
1501 3325 1547 3356 eis
1570 3333 1673 3365 genus
1697 3330 1729 3355 et
1752 3323 1942 3361 differentia,
1961 3322 2019 3355 sed
2041 3323 2139 3356 etiam
2162 3332 2180 3354 a
2202 3321 2335 3354 materia
2359 3326 2391 3352 et
2414 3320 2519 3355 forma

1443 3369 1651 3410 originaliter,
1668 3374 1704 3400 ut
1719 3369 1869 3410 superius
1880 3369 1897 3386 ⁹
1913 3367 2126 3400 ostendimus.
2137 3383 2161 3390 -
2172 3366 2208 3398 ln
2223 3366 2320 3398 rebus
2331 3371 2442 3398 autem
2457 3366 2518 3399 im-

1443 3414 1672 3450 materialibus,
1696 3422 1773 3446 cum
1796 3422 1864 3445 non
1889 3413 2029 3444 habeant
2056 3411 2224 3444 materiam
2248 3415 2280 3442 et
2304 3410 2454 3447 formam,
2477 3411 2518 3443 ab

1442 3459 1511 3499 ipsa
1535 3458 1713 3499 quidditate
1737 3463 1865 3489 tantum
1889 3462 1921 3489 et
1942 3462 2056 3488 natura
2078 3455 2288 3487 intellectuali
2315 3455 2463 3488 absolute
2485 3460 2518 3487 et

1442 3502 1627 3534 indistincte
1643 3508 1787 3544 accepta,
1799 3507 1836 3534 ut
1848 3507 1896 3534 est
1907 3500 2092 3543 potentialis
2104 3499 2144 3532 ad
2156 3508 2236 3536 esse,
2249 3501 2388 3532 sumitur
2397 3509 2516 3542 genus3

1443 3548 1483 3578 ab
1498 3548 1568 3588 ipsa
1584 3557 1662 3578 vero
1678 3552 1714 3578 ut
1729 3547 1834 3579 taliter
1849 3545 2059 3578 determinata
2075 3550 2107 3576 et
2122 3545 2307 3586 propinqua
2319 3544 2359 3576 ad
2372 3554 2451 3582 esse,
2463 3554 2517 3579 su-

1443 3593 1541 3623 mitur
1565 3591 1752 3623 differentia.

1500 3637 1530 3668 3.
1548 3637 1596 3668 Ex
1612 3637 1650 3667 iis
1665 3641 1754 3677 patet
1772 3634 1980 3676 propositum
2003 3632 2095 3674 quod
2117 3634 2292 3674 quaeritur.
2318 3633 2406 3666 Cum
2428 3634 2517 3666 enim

1444 3680 1622 3713 differentia
1649 3682 1683 3712 in
1710 3681 1755 3712 eis
1782 3683 1927 3711 sumatur
1953 3687 1992 3709 ex
2018 3687 2147 3710 recessu
2176 3688 2195 3709 a
2220 3678 2456 3719 potentialitate
2485 3683 2518 3710 et

2546 2023 2762 2081 ἕηΖΡέἒὲὴᾶἓέῑ

2549 2085 2557 2101 ι
2560 2077 2621 2108 57⁰)-

2546 3371 2555 3381 ·
2569 3369 2641 3393 Nam.
2650 3375 2673 3392 v.
