2768 4134
53 2137 63 2147 ·
79 2136 114 2158 cf.
130 2142 152 2158 n.
163 2142 195 2157 vr.

56 2313 66 2323 ·
80 2312 115 2334 Cf.
130 2318 153 2333 n.
163 2318 205 2334 vn.

60 3675 70 3684 ⁶
84 3673 154 3695 Num.
169 3680 191 3699 ν,
208 3673 277 3701 Quod

58 3702 275 3733 patetexquatuor.

301 394 436 425 viduum
466 397 512 422 est
542 392 642 421 homo
673 399 730 430 per
759 389 959 419 intellectum
986 385 1186 426 possibilem,
1216 385 1283 415 sive
1313 392 1370 424 per

300 439 440 469 animam
462 435 699 466 intellectivam.
724 433 821 473 Ergo,
845 433 871 463 si
898 432 995 462 habet
1021 431 1162 461 animam
1186 429 1371 460 sensitivam

300 482 394 512 aliam
417 481 455 510 ab
471 480 538 516 illo,
555 488 623 509 non
639 484 748 509 autem
764 477 863 508 alium
884 476 1095 511 intellectum,
1119 475 1195 505 licet
1217 474 1280 504 sint
1303 473 1370 504 duo

299 525 458 561 animalia,
478 529 571 555 erunt
594 529 701 554 tamen
725 531 810 553 unus
839 521 952 551 homo.
981 519 1138 550 Probatur
1167 517 1370 549 antecedens.

299 570 384 608 Quia
406 569 508 599 homo
525 573 572 598 est
594 568 696 598 homo
712 576 770 607 per
785 565 818 596 id
835 575 902 606 quo
918 564 1076 604 intelligit,
1094 573 1170 594 cum
1193 562 1371 602 intelligere

299 615 339 645 sit
361 613 491 654 propria
514 613 660 652 operatio
684 611 836 646 hominis,
853 616 890 640 ut
905 609 1022 640 dicitur
1038 609 1051 639 I
1066 608 1279 639 Ethicorum:
1294 616 1371 647 pro-

298 659 366 699 pria
385 658 472 688 enim
496 657 642 697 operatio
666 655 877 695 consequitur
894 660 928 693 et·
941 654 1140 685 demonstrat
1155 653 1298 693 speciem
1314 651 1370 681 rei.

299 703 334 733 Id
357 707 465 732 autem
489 711 556 742 quo
579 701 727 740 iutelligit
750 701 863 736 homo,
887 699 939 730 vel
963 699 1078 734 anima,
1104 703 1151 728 est
1178 696 1369 727 intellectus.

354 747 392 777 V.
410 746 443 776 Si
466 745 699 786 respondeatur
717 744 757 775 ad
772 744 950 785 praedictas
974 743 1123 778 rationes,
1137 747 1173 772 ut
1195 740 1371 781 respondet

298 792 467 827 Averroes,
492 790 533 820 111
550 790 589 821 de
612 790 740 826 Anima,
766 794 954 820 commento
973 788 1002 824 5,
1023 786 1123 827 quod,
1147 786 1223 817 licet
1245 785 1370 815 intelle-

299 842 368 866 ctus
391 845 460 866 non
483 835 714 875 multiplicetur
736 834 861 864 ratione
885 842 962 863 suae
985 831 1190 867 substantiae,
1213 829 1369 870 multipli-

299 886 388 910 catur
411 885 520 910 tamen
535 881 659 910 ratione
675 888 751 909 suae
767 878 900 913 formae,
917 886 957 907 eo
977 875 1068 916 quod
1084 876 1294 906 continuetur
1308 883 1369 904 no-

299 925 425 955 biscum
440 933 498 965 per
513 925 655 965 speciem
678 922 922 962 intelligibilem,
943 922 1035 951 cuius
1058 929 1163 951 unum
1187 920 1370 950 subiectum

299 975 347 999 est
375 970 566 1010 phantasma
595 969 628 998 in
658 968 752 998 nobis
780 967 927 1002 existens,
953 964 1044 1005 quod
1067 970 1115 995 est
1144 963 1308 994 diversum
1335 964 1369 994 in

299 1014 404 1050 nobis,
430 1019 461 1044 et
476 1022 534 1053 per
549 1021 753 1052 consequens
769 1012 838 1051 ipsa
853 1010 977 1051 species
992 1009 1226 1049 multiplicatur
1244 1009 1370 1039 ratione

299 1058 348 1088 sui
365 1057 576 1093 fundamenti,
589 1056 679 1096 quod
691 1062 738 1086 est
750 1056 954 1095 phantasma:
967 1072 990 1077 —
1001 1055 1082 1084 haec
1098 1053 1268 1094 responsio
1280 1052 1370 1083 nulla

299 1108 355 1133 est.
380 1103 420 1132 Et
444 1112 482 1132 ex
505 1111 545 1132 eo
570 1100 660 1141 quod
684 1106 851 1130 ostensum
875 1106 923 1130 est
949 1108 1057 1139 supra,
1082 1098 1172 1139 quod
1195 1098 1266 1128 talis
1289 1107 1370 1129 con—

297 1147 434 1176 tinuatio
450 1146 631 1176 intellectus
647 1145 820 1175 nobiscum
837 1154 905 1175 non
928 1143 1046 1175 sufficit
1069 1143 1109 1174 ad
1132 1143 1196 1174 hoc
1212 1148 1249 1173 ut
1271 1143 1368 1173 homo

298 1191 469 1232 intelligat.
494 1191 535 1221 Et
551 1200 589 1220 ex
606 1199 646 1220 eo
663 1189 764 1230 quod,
781 1189 878 1220 etiam
902 1188 1043 1220 admisso
1068 1188 1158 1228 quod
1181 1187 1266 1218 dicta
1290 1197 1369 1218 con-

296 1235 432 1265 tinuatio
452 1234 612 1265 sufficeret
635 1234 675 1264 ad
704 1233 962 1274 intelligendum,
979 1233 1085 1264 adhuc
1101 1234 1182 1264 haec
1197 1233 1369 1273 responsio

296 1289 392 1320 supra
416 1279 514 1310 dictas
537 1280 677 1310 rationes
700 1288 768 1309 non
795 1278 901 1309 solvit.

352 1323 453 1362 Quod
475 1329 578 1365 patet:
604 1330 675 1355 tum
699 1324 775 1364 quia
804 1324 850 1354 sic
873 1323 953 1354 nihil
976 1322 1017 1353 ad
1046 1322 1248 1353 intellectum
1271 1323 1368 1363 perti-

295 1378 376 1399 nens
392 1369 570 1399 remanebit
585 1374 792 1399 numeratum
808 1367 989 1399 secundum
1001 1367 1246 1398 multitudinem
1262 1367 1370 1398 homi-

296 1423 387 1450 num,
407 1414 468 1444 nisi
491 1414 598 1445 solum
622 1414 823 1454 phantasma.
839 1413 1033 1443 Phantasma
1049 1418 1170 1449 autem,
1186 1411 1369 1443 secundum

297 1457 386 1498 quod
401 1459 643 1499 multiplicatur,
659 1468 728 1489 non
746 1457 872 1489 excedit
886 1457 1022 1498 gradum
1039 1458 1165 1488 animae
1181 1457 1369 1488 sensitivae:

297 1512 372 1533 cum
395 1513 463 1534 non
486 1503 719 1543 multiplicetur
743 1502 925 1534 secundum
938 1502 1032 1543 quod
1048 1508 1095 1533 est
1117 1502 1320 1534 intellectum
1335 1502 1370 1533 in

296 1553 379 1584 actu,
396 1547 452 1578 sed
475 1554 601 1579 tanturn
618 1547 798 1579 secundum
815 1547 906 1588 quod
922 1553 970 1578 est
984 1547 1186 1578 intellectum
1202 1548 1236 1578 in
1252 1553 1370 1587 poten—

295 1593 353 1629 tia3
369 1611 391 1615 —
407 1592 499 1630 idest,
516 1603 592 1624 curn
609 1592 791 1624 secundum
807 1592 898 1633 quod
914 1597 962 1622 est
984 1592 1018 1623 in
1042 1601 1166 1632 organo
1182 1593 1370 1632 phantasiae

295 1637 538 1677 multiplicetur,
555 1647 621 1668 non
641 1637 822 1668 secundum
838 1636 929 1678 quod
948 1641 996 1668 est
1018 1637 1051 1667 in
1074 1637 1239 1668 intellectu
1253 1655 1276 1659 -
1292 1646 1369 1668 cum

296 1691 362 1712 una
384 1687 510 1712 tanturn
534 1683 657 1723 species
680 1683 719 1712 ab
742 1683 895 1713 omnibus
922 1681 1199 1722 phantasmatibus
1223 1681 1369 1712 eiusdem

297 1726 418 1766 speciei
440 1727 480 1757 sit
498 1727 531 1757 in
555 1727 731 1757 intellectu.
747 1745 771 1749 —
786 1726 875 1757 Tum
891 1727 968 1766 quia
983 1725 1090 1756 adhuc
1105 1736 1173 1757 non
1190 1726 1371 1758 remanebit

298 1771 378 1801 alius
401 1771 454 1802 hic
478 1771 580 1801 homo
600 1771 639 1801 ab
654 1771 710 1802 illo
731 1772 792 1802 nisi
808 1781 866 1812 per
881 1771 1024 1801 animam
1047 1771 1242 1802 sensitivam.
1256 1771 1301 1802 Et
1323 1771 1370 1802 sic

298 1825 365 1846 non
393 1821 487 1846 erunt
514 1816 621 1856 plures
652 1817 812 1852 homines,
841 1821 877 1846 ut
903 1816 1105 1855 arguebatur.
1129 1833 1153 1837 -
1176 1815 1265 1846 Tum
1292 1817 1370 1856 quia

297 1869 354 1900 per
369 1861 559 1900 phantasma
574 1870 643 1891 non
662 1861 794 1891 sortitur
816 1861 880 1891 hoc
903 1859 1109 1891 individuum
1133 1861 1278 1900 speciem
1301 1861 1370 1891 ani-

296 1904 389 1934 malis
411 1905 608 1935 intellectivi.

353 1948 454 1986 Quod
469 1954 557 1989 patet
573 1959 611 1980 ex
627 1954 777 1989 quatuor.
801 1948 922 1979 Primo.
939 1948 1025 1986 Quia
1041 1953 1089 1979 est
1107 1954 1235 1979 tantum
1257 1949 1291 1979 in
1306 1957 1368 1988 po-

295 1994 395 2023 tentia
423 1993 464 2023 ad
487 2003 556 2024 esse
580 1993 790 2033 intelligibile.
814 1993 903 2023 Nihil
929 1998 1039 2023 autem
1067 1993 1199 2024 sortitur
1225 1993 1369 2033 speciem

295 2047 353 2077 per
367 2037 400 2068 id
417 2037 507 2078 quod
523 2043 571 2068 est
585 2039 618 2068 in
635 2037 791 2078 potentia,
808 2036 865 2068 sed
887 2046 946 2077 per
960 2037 994 2068 id
1010 2036 1101 2077 quod
1117 2043 1165 2068 est
1187 2037 1221 2068 in
1243 2043 1329 2068 actu.
1345 2054 1369 2060 —

296 2082 458 2114 Secundo.
486 2081 571 2120 Quia
598 2082 788 2123 phantasma
813 2091 883 2112 non
910 2087 958 2112 est
983 2081 1141 2122 perfectio
1169 2083 1284 2122 prima,
1311 2082 1368 2113 sed

295 2127 436 2158 secunda
451 2128 484 2157 *z
510 2136 586 2157 cum
616 2127 783 2167 phantasia
806 2127 846 2157 sit
874 2131 980 2157 motus
998 2126 1117 2168 factus
1147 2136 1168 2157 a
1195 2136 1292 2158 sensu
1318 2136 1368 2158 se-

295 2172 436 2203 cundum
460 2177 577 2208 actum,
594 2177 631 2202 ut
654 2171 771 2202 dicitur
793 2171 826 2201 in
843 2170 926 2202 libro
942 2170 982 2202 de
1004 2171 1135 2202 Anima.
1159 2171 1242 2202 Illud
1258 2177 1369 2203 autem

295 2226 352 2257 per
375 2216 466 2258 quod
489 2218 618 2247 sortitur
641 2217 784 2256 speciem
800 2215 1064 2256 unumquodque
1079 2217 1202 2254 vivens,
1226 2222 1274 2248 est
1296 2226 1369 2257 per-

295 2261 393 2292 fectio
417 2263 531 2302 prima.
546 2280 569 2284 -
585 2261 708 2292 Tertio.
728 2261 815 2299 Quia
837 2261 1060 2302 phantasmata
1076 2270 1160 2302 quae
1176 2267 1252 2292 sunt
1274 2262 1368 2293 intel-

295 2307 378 2337 lecta
401 2307 434 2337 in
458 2306 614 2346 potentia,
634 2305 758 2339 diversa
780 2311 855 2336 sunt
867 2306 894 2336 ’ἦ
911 2305 995 2336 Illud
1017 2311 1126 2337 autem
1152 2315 1220 2346 quo
1244 2306 1368 2348 aliquid

296 2352 438 2391 speciem
461 2352 602 2388 sortitur,
619 2356 749 2391 oportet
765 2359 835 2381 esse
850 2359 970 2381 unum:
996 2351 1120 2392 species
1137 2351 1224 2382 enim
1239 2361 1306 2382 una
1321 2358 1368 2383 est

296 2396 403 2426 unius.
415 2414 437 2417 —
450 2395 585 2433 Quarto.
603 2395 689 2433 Quia
704 2395 927 2436 phantasmata
941 2405 1009 2426 non
1026 2405 1154 2436 semper
1170 2395 1283 2428 eadem
1300 2406 1368 2427 ma-

295 2446 374 2471 nent
396 2441 430 2471 in
453 2450 521 2471 uno
545 2441 689 2471 homine.
706 2439 789 2471 Illud
804 2445 914 2470 autem
930 2449 998 2481 quo
1021 2441 1124 2471 homo
1140 2441 1272 2472 sortitur
1295 2451 1368 2482 spe-

297 2486 390 2522 ciem,
414 2490 544 2525 oportet
573 2494 701 2525 semper
729 2494 798 2515 esse
826 2494 960 2515 manens
987 2485 1020 2515 in
1051 2485 1167 2517 eodem
1198 2485 1367 2518 individuo

296 2530 374 2561 dum
398 2529 504 2560 durat:
529 2530 605 2560 alias
629 2539 697 2560 non
721 2535 804 2560 esset
826 2539 954 2570 semper
978 2529 1123 2561 eiusdem
1147 2531 1276 2571 speciei.

350 2575 399 2605 Ex
422 2574 575 2605 omnibus
597 2575 694 2614 igitur
709 2575 746 2605 iis
763 2579 850 2615 patet
869 2573 960 2614 quod
978 2584 1035 2615 per
1051 2575 1241 2615 phantasma
1264 2576 1367 2607 homo

294 2628 401 2660 neque
425 2619 556 2650 sortitur
578 2619 735 2660 speciem;
756 2629 864 2660 neque
880 2619 1090 2651 continuatur
1104 2621 1266 2661 principio
1289 2630 1368 2652 suae

294 2664 423 2704 speciei,
449 2664 505 2704 qui
530 2669 577 2694 est
599 2664 781 2695 intellectus
805 2664 977 2705 possibilis.

351 2718 379 2739 2.
397 2708 530 2739 Dicetur
547 2707 630 2739 forte
643 2708 734 2749 quod
745 2719 812 2740 non
829 2709 868 2740 ab
881 2709 958 2749 ipsis
971 2709 1248 2749 phantasmatibus
1264 2710 1367 2740 homo

294 2754 424 2784 sortitur
451 2753 605 2794 speciem,
629 2753 685 2784 sed
709 2763 727 2784 a
756 2754 927 2785 virtutibus
956 2754 990 2784 in
1014 2754 1133 2794 quibus
1161 2759 1237 2785 sunt
1264 2754 1368 2795 phan-

292 2803 436 2834 tasmata,
450 2798 571 2829 scilicet
586 2798 801 2839 imaginativa,
814 2798 1026 2829 memorativa
1042 2804 1074 2829 et
1085 2799 1266 2838 cogitativa,
1284 2808 1369 2840 quae

294 2848 340 2873 est
359 2843 489 2883 propria
505 2843 640 2879 homini,
661 2848 692 2874 et
707 2853 726 2874 a
741 2843 953 2884 Philosopho,
970 2842 1012 2873 111
1029 2843 1068 2874 de
1084 2843 1213 2879 Anima,
1234 2850 1369 2875 vocatur

294 2888 474 2919 intellectus
490 2887 653 2928 passivus.

349 2931 413 2963 Sed
432 2932 496 2963 hoc
512 2932 609 2963 etiam
625 2931 703 2962 nihil
720 2937 783 2962 est:
801 2942 877 2963 narn
897 2932 1010 2964 eadem
1033 2933 1296 2964 inconvenientia
1319 2943 1369 2964 se-

295 2982 447 3016 quuntur.
462 2977 550 3008 Tum
563 2977 639 3017 quia
652 2977 823 3016 cogitativa
835 2986 903 3007 non
915 2976 1111 3008 transcendit
1122 2987 1225 3018 genus
1241 2978 1369 3009 animae

294 3021 479 3052 sensitivae:
502 3031 578 3053 cum
601 3021 718 3052 habeat
741 3021 966 3061 operationem
989 3022 1097 3053 solum
1121 3022 1205 3053 cirea
1229 3023 1369 3063 particu-

294 3065 380 3102 laria,
405 3075 548 3106 quorum
571 3066 769 3097 intentiones
793 3065 905 3097 dividit
929 3072 960 3097 et
983 3067 1170 3106 componit;
1196 3072 1227 3098 et
1254 3067 1370 3099 habeat

295 3119 453 3150 organum
477 3110 655 3152 corporale.
685 3110 799 3141 Homo
822 3116 932 3141 autem
955 3120 994 3142 ex
1017 3111 1124 3142 anima
1147 3115 1280 3142 tantum·
1296 3122 1369 3143 sen-

295 3154 385 3185 sitiva
408 3164 477 3186 non
500 3156 596 3186 habet
620 3154 710 3196 quod
733 3156 773 3186 sit
796 3155 909 3186 homo.

351 3199 439 3230 Tum
463 3200 539 3240 quia
562 3209 630 3231 non
655 3205 702 3230 est
725 3199 758 3230 id
782 3209 848 3240 quo
873 3199 1096 3240 intelligimus:
1122 3209 1198 3231 cum
1217 3207 1369 3241 operetur

296 3251 352 3282 per
376 3253 546 3284 organum,
577 3243 668 3284 quod
699 3254 767 3275 non
799 3244 953 3275 convenit
981 3245 1067 3276 actui
1098 3244 1309 3285 intelligendi.
1334 3245 1369 3277 Id

297 3293 404 3319 autem
429 3298 496 3329 quo
520 3289 739 3329 intelligimus,
757 3295 804 3319 est
820 3289 852 3320 id
869 3298 936 3330 quo
961 3289 1063 3320 homo
1087 3294 1135 3320 est
1158 3289 1274 3320 homo:
1293 3300 1369 3321 cum

297 3331 474 3373 intelligere
498 3333 538 3364 sit
553 3334 684 3374 propria
707 3334 849 3365 hominis
866 3334 1013 3375 operatio
1030 3334 1100 3365 eius
1123 3334 1267 3374 speciem
1290 3344 1370 3366 con-

298 3391 446 3422 sequens.

354 3427 441 3458 Tum
471 3428 547 3468 quia
578 3428 724 3468 operatio
756 3429 958 3469 cogitativae‚
990 3438 1074 3469 quae
1103 3434 1151 3459 est
1181 3439 1369 3470 praeparare

300 3471 518 3510 phantasmata
533 3477 570 3503 ut
592 3482 650 3513 per
672 3473 873 3504 intellectum
890 3478 1039 3514 agentem
1057 3472 1136 3504 fiant
1158 3474 1369 3515 intelligibilia

300 3515 334 3544 in
357 3521 430 3546 actu
454 3522 486 3547 et
509 3515 676 3557 perficiant
698 3518 900 3549 intellectum
927 3518 1127 3558 possibilem,
1150 3528 1219 3549 non
1242 3528 1371 3560 semper

302 3558 414 3590 eadem
437 3566 545 3591 manet
560 3562 593 3591 in
609 3562 714 3592 nobis.
738 3562 847 3593 Virtus
863 3568 972 3593 autem
989 3563 1161 3603 cogitativa
1183 3572 1251 3594 non
1274 3564 1371 3595 habet

304 3602 449 3634 ordinem
473 3604 512 3635 ad
534 3605 734 3637 intellectum
758 3607 946 3647 possibilem
967 3607 1030 3638 nisi
1053 3616 1111 3648 per
1137 3607 1226 3638 hunc
1249 3613 1368 3639 actum.

356 3647 409 3678 VI.
435 3647 528 3679 Circa
549 3650 637 3680 illam
652 3652 922 3691 propositionem,
938 3652 1137 3683 Phantasma
1153 3661 1219 3683 non
1236 3658 1284 3683 est
1292 3662 1370 3693 per·

294 3690 401 3731 sectio
419 3693 540 3731 prima,
563 3694 619 3724 sed
640 3695 782 3726 secunda
797 3696 824 3732 ⁴,
841 3695 1013 3727 dubitatur.
1039 3695 1125 3734 Quia
1147 3696 1304 3737 perfectio
1321 3707 1369 3728 se-

768 311 955 349 SUMMA
984 309 1207 346 CONTRA
1235 305 1511 350 GENTILES,
1540 305 1635 341 LIB.
1655 305 1697 350 11,
1728 303 1839 341 CAP.
1860 303 2032 340 LXXIII.

1425 380 1532 411 cunda
1555 386 1603 411 est
1630 380 1788 420 operatio.
1816 380 2011 410 Phantasma
2040 383 2150 410 autem
2172 390 2242 412 non
2265 388 2313 413 est
2336 385 2502 424 operatio:

1426 435 1502 456 cum
1526 425 1566 455 sit
1588 424 1768 455 similitudo
1793 424 1963 461 individui,
1988 429 2024 454 ut
2047 422 2165 455 dicitur
2190 425 2307 464 Prima,
2332 437 2364 468 q.
2388 438 2502 466 Lxxxv,

1425 480 1453 500 a.
1482 478 1509 506 1,
1534 469 1574 500 ad
1598 469 1628 500 3.
1653 469 1740 510 Ergo
1764 478 1834 500 non
1857 475 1905 499 est
1927 467 2086 509 perfectio
2110 469 2262 501 secunda.

1478 513 1682 554 Responderi
1705 518 1814 554 potest
1837 513 2018 554 dupliciter.
2045 511 2166 551 Primo,
2191 514 2283 555 quod
2305 525 2364 556 per
2387 526 2502 548 secun-

1425 557 1501 589 dam
1523 558 1760 600 perfectionem
1783 568 1852 589 non
1880 559 2036 600 accipitur
2068 561 2133 600 hoc
2162 559 2239 590 loco
2263 561 2423 600 operatio,
2445 561 2504 593 sed

1423 602 1581 643 perfectio
1613 602 1830 634 accidentalis.
1858 604 1910 634 Ab
1941 604 2002 634 hac
2033 606 2121 636 enim
2152 605 2328 635 substantia
2359 606 2503 646 speciem

1423 657 1492 678 non
1517 648 1645 688 accipit,
1662 647 1719 684 sed
1741 648 1782 678 ab
1805 653 1880 679 actu
1903 649 2115 681 substantiali.
2132 649 2174 680 Et
2196 648 2284 686 ideo,
2299 659 2378 681 cum
2399 650 2505 691 phane

1424 698 1526 722 tasma
1542 693 1582 722 sit
1597 692 1804 723 accidentalis
1819 692 1989 733 perfectio,
2005 703 2074 726 non
2090 699 2199 736 potest
2215 694 2254 725 ab
2269 695 2343 735 ipso
2359 696 2503 736 speciem

1423 737 1527 767 homo
1551 737 1666 767 sortiri.

1479 781 1632 812 Secundo
1648 781 1875 822 respondetur,
1888 787 1919 812 et
1934 782 2063 820 melius,
2080 783 2171 824 quod
2185 783 2344 824 perfectio
2361 783 2504 815 secunda

1423 825 1487 856 dici
1509 832 1619 866 potest
1640 836 1710 856 non
1733 826 1842 857 solum
1865 827 1935 867 ipsa
1958 829 2117 868 operatio,
2141 828 2198 859 sed
2221 829 2318 860 etiam
2345 830 2504 860 terminus

1424 871 1635 911 operationis,
1666 876 1703 901 ut
1730 871 1790 902 sic:
1822 872 1970 912 operatio
1994 873 2083 903 enim
2105 882 2183 904 cum
2205 882 2267 904 suo
2291 875 2431 905 termino
2455 880 2503 906 est

1422 915 1581 956 perfectio
1597 915 1741 946 secunda
1756 917 1930 956 operantis.
1947 917 2141 948 Phantasma
2156 923 2267 949 autem
2282 924 2331 949 est
2345 919 2503 950 terminus

1423 961 1623 1001 operationis
1655 961 1815 991 hominis:
1848 961 1925 1001 quia
1955 968 2114 993 causatur
2145 972 2166 993 a
2196 972 2294 994 sensu
2324 964 2502 995 secundum

1423 1011 1531 1038 actum
1543 1006 1570 1036 ἃ,
1588 1004 1666 1036 Ideo
1683 1005 1724 1036 ad
1747 1006 1925 1037 secundam
1940 1007 2084 1038 hominis
2099 1006 2337 1048 perfectionem
2352 1010 2502 1049 pertinet,

1422 1059 1492 1081 non
1516 1055 1626 1081 autem
1649 1050 1690 1081 ad
1713 1051 1862 1091 primam.
1887 1051 1929 1082 Et
1947 1058 2081 1093 propter
2104 1052 2179 1090 hoc,
2203 1062 2272 1084 non
2295 1058 2404 1094 potest
2427 1053 2509 1086 dare⁴

1422 1095 1550 1125 homini
1573 1095 1728 1135 speciem.

1479 1140 1548 1170 V11.
1566 1140 1660 1171 Circa
1683 1140 1772 1171 illam
1788 1141 2061 1181 propositionem,
2077 1141 2313 1177 Phantasmata
2328 1152 2413 1184 quae
2427 1148 2510 1175 sunt·

1423 1185 1586 1215 intellecta
1602 1185 1635 1215 in
1646 1185 1807 1226 potentia,
1823 1185 1954 1217 diversa
1976 1191 2054 1217 sunt
2069 1187 2086 1203 ἢ*
2109 1186 2215 1228 (quod
2237 1187 2364 1219 videtur
2386 1187 2504 1220 intelli-

1422 1229 1568 1270 gendum
1592 1229 1632 1261 de
1655 1231 1935 1271 phantasmatibus
1957 1231 1992 1261 in
2015 1241 2084 1262 uno
2114 1232 2250 1263 homine
2277 1233 2513 1264 existentibus:

1422 1274 1500 1305 alias
1522 1284 1591 1306 non
1615 1281 1700 1306 esset
1715 1275 1755 1306 ad
1777 1275 2012 1316 propositum),
2028 1275 2263 1308 advertendum
2282 1277 2374 1318 quod
2397 1277 2505 1319 dupli-

1423 1319 1501 1350 citer
1523 1325 1633 1361 potest
1656 1320 1806 1360 intelligi:
1831 1320 1955 1351 scilicet
1978 1326 2010 1351 et
2041 1321 2081 1352 de
2110 1322 2390 1362 phantasmatibus
2418 1332 2503 1364 quae

1420 1363 1589 1396 individua
1620 1365 1819 1396 diversarum
1847 1366 2032 1406 specierum
2060 1372 2318 1407 repraesentant,
2348 1368 2434 1399 sicut
2456 1367 2504 1401 Vde

1422 1410 1700 1450 phantasmatibus
1723 1410 1821 1441 huius
1843 1410 1987 1442 hominis
2003 1416 2035 1441 et
2050 1411 2148 1442 huius
2163 1412 2255 1452 equi;
2280 1418 2313 1443 et
2335 1412 2378 1444 de
2400 1413 2503 1454 phan-

1421 1455 1612 1486 tasmatibus
1634 1455 1882 1487 individuorum
1906 1455 2054 1487 eiusdem
2076 1457 2209 1496 speciei,
2228 1462 2265 1488 ut
2287 1456 2328 1488 de
2350 1458 2504 1498 phanta&

1422 1505 1509 1530 mate
1532 1499 1635 1531 Sortis
1658 1506 1690 1531 et
1713 1500 1868 1532 Platonis.
1893 1501 2043 1541 Utroque
2069 1501 2173 1533 modo
2202 1511 2318 1533 verum
2340 1508 2389 1534 est
2411 1502 2516 1544 quodr

1421 1545 1647 1585 phantasmata
1670 1555 1755 1586 quae
1778 1552 1854 1577 sunt
1875 1546 1911 1577 in
1935 1555 2060 1587 organo
2074 1547 2274 1587 phantasiae,
2298 1557 2382 1588 quae
2405 1553 2442 1580 ut
2455 1548 2504 1580 sic

1421 1599 1490 1621 non
1515 1595 1590 1620 sunt
1611 1590 1776 1621 intellecta
1799 1591 1860 1621 nisi
1885 1591 1918 1621 in
1934 1591 2092 1632 potentia,
2108 1597 2185 1623 sunt
2207 1591 2333 1624 diversa
2355 1592 2454 1624 simul
2467 1593 2514 1625 in·

1422 1644 1491 1665 uno
1515 1634 1661 1665 homine.

1478 1679 1528 1710 De
1551 1680 1664 1720 primis
1680 1679 1815 1720 quidem
1830 1689 1899 1711 non
1923 1685 1971 1711 est
1986 1679 2125 1711 dubium
2145 1681 2226 1721 quin
2249 1682 2314 1714 sint
2328 1681 2453 1714 diversa
2467 1682 2503 1713 in

1422 1733 1491 1755 uno
1515 1724 1661 1755 homine.
1677 1742 1700 1746 —
1721 1724 1772 1755 De
1795 1724 1948 1756 secundis
1970 1731 2081 1756 autem
2104 1731 2194 1766 patet
2216 1734 2256 1757 ex
2277 1727 2317 1758 iis
2346 1736 2431 1767 quae
2453 1725 2503 1759 di-

1422 1774 1541 1800 cuntur
1555 1769 1672 1806 Prima,
1690 1778 1722 1810 q.
1739 1779 1843 1806 Lxxvr,
1862 1779 1891 1800 a.
1909 1778 1940 1806 2,
1960 1770 2016 1800 ubi
2040 1770 2158 1801 dicitur
2181 1770 2272 1811 quod
2295 1771 2328 1802 in
2354 1781 2420 1803 uno
2443 1771 2503 1803 ho-

1421 1814 1509 1845 mine
1517 1819 1660 1854 possunt
1680 1823 1748 1845 esse
1770 1814 1902 1845 diversa
1917 1814 2154 1855 phantasmata
2177 1815 2316 1856 lapidis.-
2339 1816 2432 1857 quod
2453 1817 2503 1848 vi-

1421 1858 1516 1890 detur
1526 1858 1775 1899 intelligendum
1787 1868 1856 1890 non
1867 1864 1996 1890 tantum
2008 1861 2201 1898 successive,
2213 1860 2272 1892 sed
2282 1861 2380 1893 etiam
2391 1861 2502 1894 simul.

1421 1903 1558 1934 Nullum
1574 1904 1662 1934 enim
1678 1904 1913 1935 inconveniens
1925 1910 1973 1935 est
1987 1905 2212 1945 phantasmata
2227 1905 2370 1938 duorum
2380 1905 2502 1941 >indivi-

1421 1947 1564 1978 duorum
1580 1947 1726 1979 eiusdem
1749 1948 1870 1989 speciei
1894 1958 1964 1980 esse
1986 1949 2084 1980 simul
2107 1950 2141 1981 in
2156 1959 2282 1990 organo
2297 1950 2500 1991 phantasiae:

1422 1993 1570 2032 quamvis
1597 1992 1777 2024 accidentia
1803 1993 1876 2024 solo
1898 2002 2038 2025 numero
2062 1993 2242 2026 differentia
2266 2004 2337 2027 non
2363 2002 2511 2037 possunt-

1422 2046 1492 2068 esse
1514 2038 1549 2068 in
1573 2037 1693 2068 eodem
1713 2038 1873 2069 subiecto.
1898 2037 1961 2069 Ista
1984 2039 2074 2070 enim
2102 2045 2179 2071 sunt
2207 2039 2355 2072 eiusdem
2380 2041 2515 2083 speciei>

1420 2082 1618 2123 inquantum
1640 2082 1808 2114 individua
1831 2082 1979 2114 eiusdem
2001 2084 2123 2125 speciei
2145 2085 2353 2117 materialiter
2373 2095 2504 2128 reprae-

1421 2132 1565 2158 sentant:
1585 2126 1764 2158 formaliter
1778 2133 1889 2159 tamen
1912 2134 1988 2159 sunt
2011 2128 2210 2161 diversarum
2226 2131 2420 2171 specierum.
2442 2131 2502 2163 Al-

1421 2173 1521 2203 terius
1544 2173 1633 2203 enim
1659 2173 1780 2213 speciei
1803 2182 1873 2204 esse
1903 2179 2012 2214 potest
2038 2175 2229 2214 phantasma
2257 2181 2503 2217 repraesentans

1420 2217 1653 2258 proprietatem
1669 2217 1767 2249 huius
1782 2217 1952 2255 individui,
1968 2228 1987 2249 a
2001 2219 2226 2259 phantasmate
2239 2226 2503 2262 repraesentante

1420 2263 1635 2303 proprietates
1650 2261 1864 2294 individuales
1880 2262 2009 2294 alterius
2024 2263 2198 2302 individui;
2214 2266 2411 2306 inquantum
2426 2271 2502 2308 pot-

1422 2313 1470 2338 est
1495 2308 1688 2348 phantasma
1710 2308 1808 2339 huius
1834 2307 1950 2348 lapidis
1973 2315 2222 2349 repraesentare
2239 2310 2382 2351 lapidem
2410 2311 2502 2343 hunc

1421 2353 1482 2384 sub
1504 2351 1607 2393 figura
1633 2352 1784 2393 trianguli
1807 2358 1863 2383 aut
1886 2353 1947 2384 sub
1969 2353 2149 2394 nigredine,
2176 2355 2368 2396 phantasma
2389 2361 2501 2388 autem

1421 2397 1552 2429 alterius
1570 2397 1685 2438 lapidis
1701 2403 1942 2438 repraesentare
1957 2398 2050 2430 illum
2065 2398 2209 2440 lapidem
2224 2400 2285 2431 sub
2301 2399 2405 2442 figura
2420 2410 2502 2442 qua-

1421 2442 1604 2483 drangulari
1627 2448 1683 2473 aut
1706 2443 1766 2474 sub
1790 2442 1949 2474 albedine.
1973 2443 2015 2474 Et
2037 2444 2095 2482 sic,
2110 2444 2188 2476 licet
2207 2443 2296 2476 idem
2318 2445 2501 2479 seeundum

1420 2488 1564 2529 speciem
1576 2487 1782 2519 materialiter
1793 2493 2046 2528 repraesentent,
2062 2488 2241 2521 formaliter
2251 2494 2359 2522 tamen
2376 2489 2502 2524 diversa

1420 2533 1529 2574 specie
1544 2538 1794 2573 repraesentant.
1812 2532 1854 2563 Et
1869 2533 1915 2563 sic
1929 2533 1999 2574 ipsa
2014 2539 2091 2565 sunt
2109 2533 2288 2566 formaliter
2303 2534 2503 2568 diversarum

1421 2578 1614 2619 specierum.
1638 2594 1661 2600 -—
1683 2577 1862 2614 Praeterea,
1890 2578 2039 2618 quamvis
2066 2578 2164 2610 etiam
2191 2578 2370 2611 formaliter
2395 2586 2504 2615 esent

1422 2622 1568 2654 eiusdem
1589 2622 1720 2663 speciei,
1736 2622 1843 2654 adhuc
1858 2623 1955 2654 simul
1971 2632 2042 2655 esse
2056 2629 2191 2664 possent
2205 2624 2240 2655 in
2258 2634 2383 2665 organo
2398 2625 2509 2667 paam.

1420 2668 1519 2699 tasiae
1542 2667 1725 2699 secundum
1747 2667 1888 2698 diversas
1917 2673 2024 2708 partes
2051 2669 2181 2709 organi;
2206 2674 2262 2700 aut
2291 2670 2368 2710 quia
2395 2676 2503 2703 essent

1420 2718 1552 2753 recepta
1574 2713 1607 2743 in
1631 2712 1764 2744 diversis
1786 2712 1951 2753 spiritibus
1975 2714 2159 2754 operationi
2181 2714 2368 2755 phantasiae
2395 2714 2502 2748 deser-

1422 2757 1595 2789 vientibus.

1480 2811 1510 2833 2.
1533 2801 1611 2833 Non
1634 2801 1784 2842 approbo
1807 2806 1917 2833 autem
1938 2801 2029 2833 illam
2050 2802 2302 2843 responsionem
2325 2812 2409 2845 quae
2424 2803 2504 2836 dicit

1422 2845 1612 2878 huiusmodi
1627 2847 1852 2887 phantasmata
1866 2855 1938 2878 esse
1953 2846 2100 2878 eiusdem
2114 2847 2236 2888 speciei
2258 2848 2292 2879 in
2315 2857 2503 2890 repraesen-

1422 2891 1533 2929 tando,
1556 2900 1625 2923 non
1648 2896 1758 2922 autem
1781 2892 1815 2922 in
1846 2890 1996 2923 essendo·
2019 2891 2107 2930 Quia
2135 2892 2326 2924 huiusmodi
2352 2892 2503 2926 similim-

1422 2936 1514 2968 dines
1538 2946 1607 2968 non
1633 2936 1799 2977 accipiunt
1830 2937 1975 2977 speciem
1998 2935 2129 2968 aliunde
2151 2946 2252 2978 quam
2282 2937 2322 2969 ab
2351 2937 2503 2970 obiecto:

1422 2982 1506 3013 sicut
1529 2987 1561 3012 et
1585 2981 1709 3022 species
1732 2980 1960 3021 intelligibiles.
1977 2980 2019 3012 Et
2033 2981 2120 3018 ideo,
2143 2982 2171 3013 si
2186 2981 2301 3014 eadem
2324 2980 2505 3015 formaliter

1422 3025 1605 3058 secundum
1628 3026 1773 3067 speciem
1795 3031 2051 3066 repraesentent,
2075 3031 2152 3058 sunt
2180 3025 2358 3058 formaliter
2386 3026 2502 3060 eadem

1423 3070 1606 3103 secundum
1628 3071 1791 3112 speciem;
1810 3071 1836 3101 si
1860 3069 1985 3102 diversa
2007 3069 2191 3102 secundum
2214 3072 2358 3112 speciem
2373 3080 2502 3113 repne-

1423 3121 1560 3152 sentent,
1584 3122 1660 3147 sunt
1684 3121 1717 3147 et
1745 3115 1835 3156 ipsae
1863 3114 2045 3147 secundum
2073 3116 2218 3156 speciem
2240 3115 2403 3153 diversae:
2425 3115 2504 3148 lieet

1422 3161 1630 3192 materialiter
1657 3165 1690 3191 et
1718 3160 1896 3191 subiective
1923 3165 2023 3201 atque
2050 3160 2229 3192 extrinsece
2257 3160 2385 3201 possint
2409 3159 2503 3192 aliter

1422 3206 1595 3237 nominari.
1619 3205 1704 3236 Nam
1720 3205 1944 3246 phantasmata
1959 3204 2074 3246 lapidis
2089 3205 2124 3236 in
2139 3205 2275 3237 homine
2290 3210 2323 3236 et
2341 3205 2377 3236 in
2400 3213 2501 3245 equo,

1422 3251 1498 3282 licet
1522 3249 1699 3281 formaliter
1723 3249 1803 3281 etin
1826 3250 1940 3290 seipsis
1956 3249 2157 3281 considerata
2171 3249 2236 3281 sint
2257 3247 2403 3280 eiusdem
2426 3257 2500 3290 spe-

1423 3295 1494 3332 ciei,
1518 3300 1657 3336 possunt
1679 3300 1789 3325 tamen
1818 3294 2023 3326 materialiter
2054 3293 2120 3326 dici
2147 3292 2346 3325 diversarum
2375 3293 2499 3334 specie-

1422 3349 1506 3376 rum,
1527 3340 1603 3381 quia
1626 3344 1702 3370 sunt
1724 3339 1758 3370 in
1781 3338 1930 3370 subiecto
1953 3338 2062 3380 primo
2085 3337 2282 3369 diversarum
2304 3337 2498 3378 specierum.

1423 3384 1465 3415 Et
1481 3393 1566 3425 quae
1580 3389 1656 3415 sunt
1671 3383 1869 3414 diversarum
1885 3384 2068 3424 specierum
2079 3381 2265 3418 formaliter,
2281 3388 2420 3422 possunt
2435 3381 2501 3414 dici

1423 3429 1630 3461 materialiter
1653 3427 1800 3460 eiusdem
1827 3428 1959 3469 speciei,
1984 3428 2181 3467 inquantum
2210 3431 2286 3457 sunt
2315 3427 2349 3457 in
2379 3426 2500 3459 eodem

1423 3475 1570 3506 subiecto
1594 3472 1776 3505 secundum
1800 3473 1954 3514 speciem.
1977 3471 2061 3502 sicut
2083 3475 2132 3501 est
2151 3470 2192 3501 de
2207 3471 2431 3511 phantasmate
2445 3471 2500 3503 la·

1423 3518 1506 3559 pidis
1530 3524 1562 3550 et
1585 3518 1809 3559 phantasmate
1825 3517 1902 3558 equi
1917 3516 1952 3547 in
1967 3515 2112 3547 homine.
2137 3514 2202 3546 Sed
2225 3515 2290 3546 hoc
2312 3525 2382 3547 non
2404 3524 2503 3547 secus

1424 3563 1540 3594 dicitur
1563 3571 1663 3603 quam
1687 3562 1713 3593 si
1737 3561 1918 3593 diceremus
1940 3558 2124 3591 albedinem
2148 3560 2244 3602 cygni
2260 3565 2291 3591 et
2314 3559 2499 3592 albedinem

1423 3609 1506 3639 nivis
1530 3617 1599 3639 esse
1626 3606 1824 3638 diversarum
1849 3604 2046 3645 specierum
2080 3609 2136 3635 aut
2166 3603 2370 3645 nigredinem
2395 3603 2501 3636 Sertis

1425 3658 1455 3683 et
1472 3651 1655 3684 albedinem
1677 3650 1822 3682 Platonis
1837 3658 1906 3680 esse
1929 3647 2075 3680 eiusdem
2094 3649 2231 3690 speciei:
2257 3648 2348 3690 quod
2371 3654 2499 3681 constat

1424 3706 1492 3728 non
1509 3706 1578 3728 esse
1602 3695 1726 3727 dictum
1749 3694 1789 3726 de
1811 3694 1890 3734 ipsis
1913 3691 2089 3725 formaliter
2104 3698 2136 3725 et
2158 3694 2192 3725 in
2215 3703 2249 3725 se
2272 3693 2420 3735 sumptis,
2441 3692 2499 3725 sed

2530 1012 2539 1021 ·
2551 1009 2590 1032 ef.
2600 1015 2666 1042 rrum.
2673 1015 2697 1037 v,
2705 1013 2749 1038 pa-

2530 1043 2579 1065 rag.
2596 1040 2676 1060 cauto.

2531 1189 2540 1198 '
2555 1187 2629 1210 Num.
2645 1194 2666 1214 v,
2687 1186 2748 1210 ibis.
