2768 4134
59 1245 67 1255 '
79 1244 272 1270 Lib.ll,c.xcv1n.

310 274 382 314 138

357 350 497 382 Adverte
509 347 600 389 quod
612 348 651 378 ab
663 346 901 379 universalitate
913 346 1004 376 istius
1016 345 1251 386 propositionis
1268 345 1376 375 exclu-
1401 342 1406 395 Ι

303 395 407 428 denda
431 399 477 424 est
501 393 638 423 essentia
666 391 784 425 divina,
809 399 893 431 quae
921 390 1101 421 intellectui
1124 390 1295 420 beatorum
1320 399 1378 430 per

302 439 439 472 modum
462 437 582 478 speciei
598 437 722 467 unitur:
746 435 802 466 illa
817 435 906 466 enim
921 444 990 466 non
1014 435 1111 465 habet
1135 443 1204 465 esse
1229 433 1378 465 acciden-

302 486 373 516 tale.
391 501 413 505 -
427 482 489 513 Vel
511 480 687 512 dicendum
711 479 802 521 quod
824 479 971 520 loquitur
994 480 1047 510 hic
1070 479 1207 510 Sanctus
1231 479 1378 509 Thomas

302 530 342 561 de
357 528 466 568 specie
481 535 566 567 quae
582 527 693 557 unitur
709 525 887 556 formaliter
902 524 1081 555 intellectui
1093 522 1276 555 secundum
1293 533 1376 554 esse:

302 583 369 615 quo
388 571 490 603 modo
507 580 576 602 non
592 571 702 602 unitur
720 570 858 601 essentia
874 568 983 599 divina
998 568 1178 599 intellectui
1194 568 1376 599 beatorum.

360 617 498 654 Quarto.
523 616 580 647 Illa
602 616 727 657 species
754 615 813 645 erit
842 612 1021 644 similitudo
1041 618 1097 643 aut
1120 612 1248 644 divinae
1270 622 1378 643 essen-

301 663 374 699 tiae,
399 667 454 692 aut
477 661 606 692 alterius
630 661 691 691 rei:
717 660 792 700 quia
816 658 940 700 species
962 657 1172 698 intelligibilis
1196 663 1244 688 est
1266 658 1378 689 simili-

302 707 381 738 tudo
406 706 542 737 alicuius
566 705 730 736 intellecti.
755 704 831 734 Non
851 703 978 734 divinae
1003 703 1173 733 essentiae:
1199 703 1275 743 quia
1299 708 1377 733 tunc

301 762 369 783 non
394 757 476 782 esset
491 750 698 790 intelligibilis
714 759 772 790 per
787 749 935 789 seipsam,
953 747 1009 778 sed
1025 757 1083 788 per
1106 748 1210 788 ipsam
1233 748 1378 788 speciem

301 796 393 828 fieret
415 795 633 836 intelligibilis.
651 813 673 816 —
687 794 765 825 Non
789 794 924 824 alicuius
949 793 1092 823 alterius:
1111 792 1188 832 quia
1211 792 1377 832 imprime-

301 847 388 873 retur
411 841 441 872 ei
464 846 520 871 aut
542 850 561 870 a
584 850 628 876 se,
653 845 708 870 aut
731 839 770 869 ab
787 838 861 869 alio.
886 838 962 869 Non
987 848 1004 868 a
1028 847 1076 868 se:
1102 842 1173 867 tum
1197 837 1274 876 quia
1289 836 1377 868 idem

301 891 385 917 esset
407 895 504 926 agens
521 890 553 915 et
575 884 718 925 patiens;
735 889 806 915 tum
823 883 899 924 quia
914 887 999 913 esset
1013 881 1148 923 aliquod
1171 890 1271 923 agens
1285 880 1379 922 quod

301 940 370 962 non
393 928 638 961 similitudinem
662 929 713 959 sui
736 927 792 959 sed
816 928 944 958 alterius
968 927 1002 957 in
1029 927 1174 967 patiente
1197 924 1378 963 induceret,

302 981 334 1006 et
357 975 403 1005 sic
426 984 495 1005 non
520 983 619 1004 omne
647 983 745 1014 agens
768 978 875 1013 ageret
905 972 965 1002 sibi
997 971 1111 1002 simile.
1136 971 1206 1001 Nec
1230 971 1270 1002 ab
1294 971 1377 1003 alio:

302 1021 378 1061 quia
402 1026 479 1050 tunc
504 1024 587 1049 esset
611 1017 744 1058 aliquod
768 1027 866 1058 agens
890 1017 979 1058 prius
1004 1026 1055 1047 eo.
1078 1035 1102 1038 —
1125 1016 1212 1056 Ergo
1237 1022 1298 1047 etc.

358 1065 395 1095 ΙΙ.
420 1063 483 1095 Sed
507 1069 682 1094 occurrunt
705 1063 739 1093 in
759 1062 820 1093 hac
841 1062 966 1094 ratione
984 1061 1078 1102 plura
1101 1061 1210 1093 dubia.
1231 1061 1379 1094 Primum

301 1115 358 1146 est,
376 1109 452 1150 quia
475 1118 543 1139 non
559 1107 685 1139 videtur
709 1107 812 1148 sequi,
829 1107 855 1138 si
871 1108 904 1138 in
921 1106 1088 1138 intellectu
1104 1105 1216 1137 divino
1235 1107 1276 1138 sit
1290 1106 1379 1138 simi-

300 1153 404 1185 litudo
429 1154 530 1194 ipsius
554 1152 680 1184 divinae
705 1152 872 1188 essentiae,
898 1151 988 1193 quod
1012 1152 1081 1192 ipsa
1104 1161 1173 1181 non
1197 1151 1238 1182 sit
1260 1150 1379 1182 intelli-

300 1199 404 1239 gibilis
429 1207 486 1239 per
509 1198 657 1239 seipsam.
682 1197 765 1227 Nam
789 1206 875 1228 unus
891 1197 1035 1238 angelus,
1052 1202 1088 1227 ut
1111 1195 1246 1227 inferius
1269 1202 1379 1227 osten-

301 1244 394 1275 detur
405 1244 432 1279 *‚
449 1243 549 1274 alium
565 1252 622 1284 per
638 1242 783 1283 speciem
799 1243 868 1274 eius
887 1242 1052 1282 intelligit:
1070 1247 1102 1273 et
1117 1246 1226 1275 tamen
1242 1241 1380 1282 quilibet

301 1294 348 1319 est
371 1287 551 1318 secundum
576 1297 610 1318 se
634 1286 854 1327 intelligibilis,
879 1296 955 1318 cum
979 1286 1020 1317 sit
1043 1286 1272 1318 immaterialis.

356 1332 545 1364 Secundum
561 1338 618 1369 est,
635 1333 711 1373 quia
734 1341 803 1363 non
827 1331 953 1363 videtur
975 1330 1210 1363 inconveniens
1234 1340 1272 1362 ex
1289 1336 1379 1372 parte

300 1377 482 1408 intellectus
506 1376 597 1418 quod
612 1376 700 1408 idem
715 1377 757 1407 sit
772 1386 870 1418 agens
887 1382 920 1408 et
934 1376 1070 1418 patiens.
1087 1376 1173 1407 Nam
1196 1375 1379 1407 intellectus

301 1423 365 1463 agit
386 1422 420 1453 in
444 1422 552 1463 seipso
577 1427 687 1454 actum
709 1421 911 1462 intelligendi
935 1426 967 1453 et
990 1426 1200 1462 conceptum.

357 1467 507 1498 Tertium
530 1472 589 1504 est,
613 1468 691 1508 quia
713 1476 782 1499 non
802 1466 930 1499 videtur
952 1467 1190 1499 inconveniens
1213 1465 1304 1507 quod
1323 1466 1380 1498 ali-

302 1511 381 1553 quid
403 1511 533 1544 alterius
556 1511 803 1544 similitudinem
830 1511 1004 1552 producat:
1029 1511 1114 1543 sicut
1139 1511 1323 1543 intellectus
1345 1511 1380 1542 in

301 1561 375 1587 actu
391 1556 543 1598 producit
558 1562 758 1599 conceptum
774 1557 831 1597 qui
848 1561 896 1588 est
911 1555 1089 1588 similitudo
1112 1556 1158 1587 rei
1182 1555 1378 1592 intellectae;

302 1606 334 1632 et
355 1602 545 1642 imaginatio
569 1602 603 1633 in
626 1611 660 1633 se
683 1600 837 1642 producit
860 1600 1108 1632 similitudinem
1134 1601 1257 1632 montis
1281 1601 1379 1632 aurei.

358 1645 410 1677 111.
434 1645 664 1688 Respondetur
687 1645 727 1677 ad
741 1646 886 1688 primum
905 1644 996 1687 quod
1013 1655 1084 1678 non
1106 1645 1182 1677 ideo
1206 1645 1282 1677 facit
1300 1645 1380 1677 San-

303 1695 374 1722 ctus
397 1691 543 1722 Thomas
566 1691 656 1723 illam
679 1691 949 1732 consequentiam
973 1691 1065 1731 quasi
1079 1691 1210 1722 nullum
1233 1696 1308 1722 actu
1330 1691 1380 1721 in·

301 1735 466 1776 telligibile
489 1737 591 1777 possit
619 1736 766 1767 absolute
790 1746 848 1777 per
878 1736 1022 1777 speciem
1046 1736 1198 1777 intelligi:
1223 1735 1280 1769 sed
1303 1736 1380 1776 quia

301 1790 370 1812 non
385 1780 508 1821 indiget
525 1781 633 1822 specie
653 1786 691 1812 ut
711 1791 730 1812 a
750 1782 859 1823 seipso
883 1780 1090 1822 intelligatur.
1110 1782 1204 1817 Nam,
1224 1790 1300 1813 cum
1320 1780 1379 1812 sibi

301 1825 363 1866 ipsi
387 1835 538 1867 praesens
566 1826 616 1862 sit,
642 1835 710 1857 non
741 1831 789 1856 est
819 1835 905 1866 opus
934 1826 1043 1867 specie
1066 1826 1175 1867 ipsum
1199 1825 1379 1857 intellectui

300 1875 560 1911 repraesentante
584 1871 618 1901 in
642 1879 712 1901 esse
734 1870 938 1911 intelligibili,
955 1871 981 1900 si
998 1875 1046 1901 est
1069 1876 1144 1902 actu
1167 1869 1379 1911 intelligibile.

301 1914 343 1945 Et
365 1915 391 1945 si
415 1915 551 1946 alicuius
574 1915 620 1946 rei
643 1915 782 1946 essentia
801 1915 924 1956 indiget
942 1915 1052 1956 specie
1075 1914 1115 1946 ad
1139 1915 1203 1946 hoc
1227 1920 1264 1945 ut
1285 1914 1380 1946 intel·

300 1959 416 1999 ligatur
438 1969 457 1990 a
480 1961 596 2001 seipsa,
618 1960 750 2001 signum
773 1965 822 1991 est
844 1959 937 2001 quod
960 1959 1143 1991 secundum
1167 1960 1306 2000 seipsam
1330 1960 1380 1990 in-

797 267 987 305 SUMMA
1016 266 1240 304 CONTRA
1269 265 1547 313 GENTILES,
1577 265 1689 304 CAP.
1711 267 1846 315 XLVI,
1866 267 2016 305 XLVII.

1431 344 1605 385 telligibilis
1619 354 1689 376 non
1710 351 1770 383 est,
1792 355 1902 387 neque
1917 347 2052 387 ponitur
2067 347 2101 377 in
2121 355 2241 386 genere
2256 346 2507 387 intelligibilium

1431 395 1588 430 tanquam
1607 395 1699 420 actus
1721 396 1777 422 aut
1793 391 1932 422 existens
1948 392 1981 422 in
1997 397 2082 427 actu,
2099 389 2157 422 sed
2171 396 2328 431 tanquam
2345 392 2506 431 potentia:

1431 433 1712 475 quemadmodum
1735 435 1918 467 intellectus
1941 441 2061 467 noster.

1485 478 1538 509 Ad
1561 477 1743 510 secundum
1759 479 1877 511 dicitur
1893 480 1984 521 quod
2003 481 2101 512 etiam
2117 478 2205 520 apud
2220 479 2423 512 intellectum
2438 490 2507 511 non

1430 529 1539 563 potest
1561 522 1648 554 idem
1664 524 1803 555 omnino
1818 533 1889 556 esse
1903 534 2003 566 agens
2019 530 2051 556 et
2066 525 2202 565 patiens.
2219 523 2404 556 Intellectus
2420 526 2508 556 eriim

1430 567 1528 598 simul
1551 576 1628 598 cum
1652 569 1762 608 specie
1789 577 1856 609 qua
1883 569 2043 610 intelligit,
2074 569 2228 610 producit
2257 574 2368 600 actum
2390 569 2510 601 intelli·-

1430 611 1528 653 gendi
1543 617 1577 642 et
1592 618 1803 652 conceptum.
1820 612 1917 644 Solus
1933 620 2043 645 autem
2059 614 2147 645 illam
2170 614 2295 655 recipit.
2320 614 2416 645 Unde
2439 622 2508 646 non

1431 662 1478 688 est
1502 657 1640 687 omnino
1668 656 1756 687 idem
1780 667 1879 698 agens
1906 663 1938 689 et
1960 659 2097 699 patiens.
2127 659 2161 691 Si
2185 664 2295 690 autem
2325 659 2509 691 intellectus

1431 701 1560 732 divinus
1583 707 1729 732 causaret
1751 701 1785 732 in
1809 711 1842 732 se
1866 703 1991 742 species
2009 703 2226 744 intelligibiles
2250 704 2368 744 quibus
2392 704 2508 735 intelli-

1430 752 1529 787 geret,
1554 745 1643 776 idem
1666 747 1805 776 omnino
1829 751 1913 777 esset
1936 756 2034 787 agens
2057 753 2090 778 et
2113 749 2248 789 patiens.

1486 790 1539 822 Ad
1561 791 1693 822 tertium
1717 790 1834 822 dicitur
1857 790 1948 832 quod
1970 801 2040 822 non
2063 797 2112 823 est
2133 793 2370 824 inconveniens
2394 799 2429 824 ut
2452 793 2509 824 ali-

1431 835 1511 877 quid
1535 835 1665 867 alterius
1688 835 1936 867 similitudinem
1959 836 2121 877 producat
2139 836 2273 877 quando
2296 837 2378 869 illud
2402 838 2510 879 agenti

1429 881 1529 915 etiam
1551 880 1658 912 simile
1681 879 1794 913 fuerit:
1820 881 1898 922 quia
1913 879 2006 924 quod
2023 886 2072 912 est
2085 881 2266 917 n'militudo
2291 882 2437 918 alicuius,
2462 888 2510 914 est

1431 926 1529 957 etiam
1552 924 1732 957 similitudo
1755 924 1842 956 illius
1865 925 1920 957 cui
1941 925 2024 957 illud
2047 925 2250 957 assimilatur.
2267 925 2332 958 Sed
2354 928 2509 959 inconve-

1430 971 1524 1002 niens
1541 975 1589 1001 est
1605 970 1696 1011 quod
1712 979 1811 1011 agens
1826 969 1988 1011 producat
2008 969 2149 1002 formam
2168 980 2253 1012 quae
2269 971 2398 1003 alterius
2421 973 2510 1003 simi-

1430 1015 1536 1047 litudo
1560 1020 1687 1046 tantum
1711 1016 1752 1046 sit
1774 1021 1806 1046 et
1829 1024 1898 1046 non
1920 1016 2023 1056 ipsius
2047 1016 2181 1056 agentis.
2198 1015 2300 1054 Quod
2323 1017 2465 1048 eveniret
2484 1018 2510 1048 si

1430 1060 1615 1093 intellectus
1639 1059 1778 1097 divinus,
1801 1060 1891 1093 nude
1914 1059 2148 1097 consideratus
2173 1066 2319 1092 causaret
2345 1061 2378 1092 in
2402 1062 2510 1102 seipso

1429 1105 1679 1138 similitudinem
1701 1105 1839 1138 alicuius
1862 1105 2083 1146 intelligibilis.

1487 1149 1589 1190 Quod
1613 1155 1723 1182 autem
1745 1149 1884 1181 instatur
1907 1149 1948 1182 de
1971 1150 2138 1182 intellectu
2163 1156 2195 1182 et
2218 1150 2465 1191 imaginatione:
2490 1168 2512 1172 —

1431 1195 1549 1227 dicitur
1564 1194 1656 1236 quod
1672 1201 1852 1236 conceptus
1868 1195 1908 1226 ab
1923 1195 2091 1227 intellectu
2107 1194 2288 1236 productus
2302 1205 2371 1226 non
2384 1201 2512 1227 tantum

1432 1246 1481 1272 est
1502 1239 1682 1273 similitudo
1705 1240 1752 1271 rei
1774 1239 1968 1278 intellectae,
1993 1240 2051 1272 sed
2073 1241 2171 1273 etiam
2191 1239 2371 1272 similitudo
2386 1239 2512 1273 intelle-

1432 1291 1503 1317 ctus
1526 1284 1694 1317 informati
1715 1286 1824 1326 specie
1845 1285 2050 1329 intelligibili,
2066 1285 2263 1327 inquantum
2279 1284 2462 1318 intellectus
2474 1285 2512 1317 in

1432 1336 1507 1362 actu
1531 1339 1608 1363 cum
1630 1339 1665 1362 re
1695 1329 1890 1371 intelligibili
1919 1330 2167 1363 similitudinem
2196 1330 2304 1366 habet,
2326 1327 2439 1363 immo
2455 1329 2512 1365 di·-

1433 1375 1564 1417 qualem
1587 1374 1800 1407 identitatem.
1816 1392 1840 1397 -
1854 1375 2008 1407 Similiter
2029 1376 2154 1407 montis
2173 1375 2263 1407 aurei
2276 1373 2456 1409 similitudo
2470 1374 2513 1414 'ab

1431 1421 1665 1461 imaginatione
1696 1419 1834 1452 formam
1861 1425 1911 1452 est
1936 1421 2035 1452 etiam
2061 1419 2241 1453 similitudo
2270 1419 2513 1461 imaginatio*

1432 1466 1580 1498 habentis
1603 1466 1637 1497 in
1659 1474 1695 1497 se
1717 1466 1863 1507 speciem
1886 1466 1956 1499 auri
1977 1470 2012 1497 et
2035 1465 2179 1506 speciem
2202 1465 2335 1498 montis.

1490 1510 1544 1542 lV.
1571 1509 1706 1547 Quinto.
1730 1509 1930 1552 Sequeretur
1945 1509 2037 1552 quod
2051 1515 2136 1542 esset
2159 1518 2218 1551 per
2240 1509 2366 1551 aliquid
2387 1507 2477 1543 aliud
2494 1518 2514 1551 a

1433 1565 1492 1587 sua
1511 1555 1660 1587 essentia.
1676 1573 1700 1578 -
1714 1555 1873 1589 Probatur
1889 1555 2136 1597 consequentia.
2153 1554 2241 1595 Quia
2256 1554 2435 1596 intelligere
2450 1550 2513 1587 Dei

1434 1605 1482 1632 est
1505 1600 1575 1631 eius
1599 1601 1746 1632 essentia.

1489 1644 1631 1677 Adverte
1655 1644 1747 1686 quod
1778 1644 1837 1676 ista
1864 1645 1947 1676 ratio
1977 1643 2084 1676 differt
2113 1654 2132 1675 a
2159 1645 2274 1685 prina.
2296 1642 2386 1683 Quia
2408 1640 2514 1685 prima

1434 1690 1587 1731 arguebat
1611 1690 1651 1721 de
1667 1690 1816 1727 essentia,
1832 1689 1925 1731 quod
1947 1690 2081 1721 haberet
2104 1689 2303 1731 principium
2324 1694 2359 1720 et
2382 1695 2514 1720 eausam

1434 1734 1676 1776 productivum:
1693 1736 1727 1766 in
1743 1735 1804 1767 hac
1819 1740 1931 1768 autem
1945 1735 2091 1776 arguitur
2106 1733 2199 1775 quod
2222 1734 2332 1776 ipsum
2348 1742 2421 1767 esse
2436 1735 2514 1775 peo-

1434 1779 1570 1813 ductum
1594 1785 1680 1812 esset
1701 1780 1742 1812 ab
1765 1779 1841 1817 alio,
1858 1780 1942 1812 sicut
1964 1781 2074 1822 ipsum
2092 1779 2284 1821 intelligere,
2303 1784 2338 1812 et
2359 1779 2406 1812 sic
2424 1778 2514 1812 Deus

1433 1834 1492 1866 per
1514 1823 1602 1858 aliud
1623 1830 1708 1857 esset
1730 1825 1764 1857 in
1780 1834 1890 1857 rerum
1912 1830 2027 1858 namra
2049 1829 2207 1868 tanquam
2229 1833 2289 1868 per
2310 1833 2443 1858 causam
2461 1824 2516 1858 sui

1434 1878 1513 1901 esse.
1537 1869 1630 1901 Licet
1650 1875 1760 1901 autem
1785 1879 1855 1901 esse
1871 1874 1904 1900 et
1919 1869 2058 1901 essentia
2081 1869 2115 1900 in
2138 1869 2211 1910 ipso
2234 1869 2300 1900 sint
2321 1867 2421 1906 idem,
2437 1869 2515 1914 quia

1433 1920 1542 1946 tamen
1566 1914 1744 1946 formaliter
1767 1924 1806 1946 ex
1820 1920 1912 1956 parte
1932 1914 2116 1949 intellectus
2139 1914 2242 1946 nostri
2261 1913 2513 1955 distinguimur.

1432 1958 1508 1990 ideo
1530 1959 1572 1990 ab
1596 1959 1674 2001 ipsis
1697 1958 1840 1991 diversae
1864 1959 2006 1991 rationes
2028 1959 2115 1990 sumi
2137 1963 2287 2000 possunt.
2436 1976 2437 1979 =

1359 2063 1449 2109 ᾖ

549 2213 1037 2270 CAPITULUM
1073 2212 1799 2293 QUADRAGESLMUM
1818 2213 2271 2274 ‘SEPTmUM

1181 2324 1211 2356 A
1240 2332 1303 2356 12r
1341 2325 1410 2366 b29

1435 2325 1504 2356 sine
1528 2324 1633 2355 titulo.

700 2403 876 2458 QUOD
911 2404 1076 2447 DEUS
1110 2405 1460 2448 INTELLIGIT
1492 2405 1812 2448 PERFECTE
1847 2404 2108 2449 SEIPSUM

492 2548 536 2575 x
565 2536 642 2574 hoc
669 2543 799 2574 autem
835 2535 994 2574 ulterius
1029 2544 1133 2586 patet
1159 2537 1268 2586 quod
1297 2537 1380 2588 ipse

330 2611 335 2618 »
406 2590 426 2612 ⁴2·
526 2589 700 2638 seipsum
728 2589 895 2639 perfecte
925 2589 1106 2638 intelligit.

375 2672 404 2691 ν,
430 2650 460 2693 4·
568 2642 671 2680 Cum
692 2643 798 2680 enim
817 2655 888 2693 per
907 2643 1079 2693 speciem
1103 2643 1380 2693 intelligibilem

336 2694 342 2708 ¹
390 2706 395 2709 ’
432 2696 440 2702 ’
525 2695 738 2734 intellectus
774 2696 814 2734 in
848 2709 931 2734 rem
964 2696 1195 2735 intellectam
1223 2697 1400 2746 feratur,.

301 2762 347 2787 ex
377 2749 533 2787 duobus
556 2749 738 2800 perfectio
763 2749 1026 2788 intellectualis
1054 2750 1289 2801 operationis
1312 2751 1378 2790 de·
1401 2770 1411 2791 5

300 2803 454 2853 pendet.
476 2802 610 2841 Unum
631 2811 686 2840 est
710 2811 752 2841 ut
776 2802 923 2853 species
948 2803 1190 2854 intelligibilis
1213 2805 1379 2855 perfecte

301 2856 355 2894 rei
384 2856 594 2894 intellectae
618 2856 894 2894 conformetur.
924 2857 1039 2895 Aliud
1064 2867 1119 2895 est
1144 2867 1186 2896 ut
1214 2859 1379 2910 perfecte

302 2909 508 2948 intellectui
543 2910 816 2959 coniungatur:
851 2911 959 2960 quod
996 2911 1156 2961 quidem
1191 2920 1299 2951 tanto
1337 2911 1381 2951 fit

301 2963 470 3016 amplius
498 2971 645 3014 quanto
675 2963 888 3002 intellectus
917 2963 956 3002 in
985 2964 1232 3015 intelligendo
1258 2966 1379 3005 maio-

301 3029 386 3056 rem
405 3016 620 3056 efficaciam
644 3016 771 3056 habet.
791 3018 878 3068 Ipsa
896 3026 1028 3056 autem
1052 3019 1184 3058 divina
1203 3020 1380 3069 essentia,
1396 3043 1422 3058 ,ο

264 3089 273 3097 ·
301 3083 403 3121 quae
431 3078 488 3108 est
515 3070 664 3122 species
701 3070 943 3120 intelligibilis
971 3084 1051 3122 qua
1079 3073 1291 3112 intellectus
1324 3074 1380 3112 di-

302 3124 416 3162 vinus
436 3124 619 3174 intelligit,
640 3132 696 3162 est
715 3124 788 3175 ipsi
808 3125 893 3162 Deo
917 3125 1072 3175 penitus
1099 3127 1223 3173 idem;
1245 3135 1380 3179 estque

302 3177 507 3216 intellectui
546 3178 667 3228 ipsius
700 3177 806 3217 idem
839 3178 1015 3216 omnino.
1051 3180 1234 3232 Seipsum
1268 3180 1381 3230 igitur

302 3231 409 3270 Deus
437 3231 712 3283 perfectissime
736 3231 944 3282 cognoscit.

1436 2544 1575 2585 ratum,
1596 2538 1673 2575 hoc
1691 2545 1749 2575 est
1767 2536 1998 2587 intelligibile
2020 2537 2243 2575 secundum
2265 2549 2380 2576 suam
2402 2545 2514 2579 nm

1435 2603 1532 2629 ram.
1560 2590 1639 2630 Sed
1661 2603 1782 2629 omne
1805 2590 2038 2640 intelligibile
2055 2590 2514 2642 intelligimrsecundum

1435 2644 1544 2695 quod
1565 2652 1622 2682 est
1640 2657 1768 2683 unum
1787 2653 1875 2683 actu
1895 2656 1986 2683 cum
2012 2643 2255 2695 intelligente.
2275 2646 2360 2696 Ipse
2381 2653 2513 2684 autem

1434 2699 1543 2736 Deus
1576 2698 1790 2748 intelligens
1823 2706 1891 2745 est,
1929 2706 1971 2736 ut
2002 2700 2215 2749 probatum
2246 2707 2304 2737 est
2316 2699 2348 2737 ¹¹⁸.
2384 2697 2512 2761 Igitur,
2540 2699 2550 2709 ‘

1434 2763 1527 2790 cum
1547 2752 1594 2790 sit
1613 2751 1877 2792 immaterialis
1896 2751 2073 2801 omnino,
2093 2760 2132 2792 et
2149 2751 2223 2792 sibi
2246 2751 2319 2804 ipsi
2341 2763 2512 2792 maxime

1434 2805 1481 2844 sit
1508 2818 1647 2854 unum,
1677 2806 1848 2844 maxime
1875 2805 2048 2857 seipsum
2077 2806 2258 2857 intelligit.

1489 2861 1596 2898 Item.
1627 2861 1686 2898 Ex
1713 2861 1789 2898 hoc
1808 2859 1953 2910 aliquid
1973 2869 2062 2899 actu
2086 2860 2306 2911 intelligitur
2327 2860 2435 2912 quod
2456 2859 2512 2898 in-

1434 2914 1606 2952 tellectus
1621 2912 1661 2951 in
1676 2921 1764 2952 actu
1783 2922 1821 2952 et
1839 2913 2075 2952 intellectum
2093 2914 2134 2953 in
2153 2922 2242 2953 actu
2263 2926 2390 2952 unum
2410 2921 2511 2952 sunt.

1435 2967 1602 3006 Divinus
1631 2975 1763 3006 autem
1792 2967 2006 3007 intellectus
2033 2976 2091 3006 est
2117 2980 2275 3020 semper
2300 2967 2513 3022 intellectps

1435 3021 1476 3060 in
1494 3029 1599 3060 actu:
1620 3020 1718 3059 nihil
1734 3021 1841 3060 enim
1861 3029 1918 3060 est
1935 3022 1977 3060 in
1995 3021 2169 3073 potentia
2186 3030 2224 3060 et
2243 3021 2513 3073 imperfectum

1434 3075 1475 3113 in
1503 3076 1602 3113 Deo.
1632 3075 1809 3113 Essentia
1834 3083 1967 3114 autem
1993 3075 2066 3114 Dei
2095 3076 2316 3115 secundum
2343 3075 2512 3127 seipsam

1434 3128 1601 3179 perfecte
1629 3127 1870 3178 intelligibilis
1898 3137 1965 3177 est,
1986 3137 2030 3168 ut
2057 3142 2104 3168 ex
2132 3128 2243 3168 dictis
2268 3136 2385 3181 patet.
2406 3128 2511 3167 Cum

1435 3182 1549 3233 igitur
1576 3182 1789 3221 intellectus
1827 3182 1984 3222 divinus
2012 3191 2050 3223 et
2081 3182 2246 3223 essentia
2273 3180 2406 3221 divina
2438 3181 2512 3220 sint

1435 3248 1574 3284 unum,
1590 3248 1638 3274 ex
1656 3236 1767 3275 dictis
1779 3235 1812 3284 ¹⁸²,
1832 3236 2084 3276 manifestum
2095 3245 2153 3276 est
2169 3236 2280 3287 quod
2293 3235 2404 3275 Deus
2424 3248 2511 3287 per·

357 3285 508 3323 Adhuc.
535 3286 613 3324 Res
637 3285 843 3324 materialis
868 3285 1108 3335 intelligibilis
1128 3286 1292 3326 efficitur
1310 3301 1381 3339 per
1396 3309 1418 3330 ις
1434 3290 1529 3328 fecte
1557 3289 1733 3340 seipsum
1761 3290 1958 3340 intelligat:
1988 3291 2097 3329 Deus
2129 3289 2236 3329 enim
2268 3297 2324 3327 est
2351 3297 2388 3327 et
2415 3301 2512 3329 suus

303 3339 379 3377 hoc
399 3339 507 3388 quod
527 3352 551 3377 a
568 3339 731 3377 materia
749 3347 787 3377 et
804 3339 1067 3378 materialibus
1091 3340 1379 3380 conditionibus

304 3400 512 3441 separatur.
543 3394 665 3441 Quod
699 3404 792 3442 ergo
827 3401 884 3431 est
916 3405 987 3444 per
1021 3393 1081 3431 sui
1114 3402 1294 3433 naturam
1330 3396 1380 3434 ab

305 3446 412 3483 omni
433 3446 591 3484 materia
612 3454 650 3484 et
674 3445 938 3485 materialibus
957 3446 1246 3486 conditionibus
1270 3461 1379 3500 sepa-

362 3560 394 3586 26
413 3566 438 3586 et
456 3562 566 3594 GWZlu
585 3568 610 3589 et
629 3571 652 3589 a.

361 3594 374 3620 3
395 3602 436 3621 eat
453 3604 495 3622 om
516 3597 566 3624 αΝ.

306 3631 329 3655 Α
348 3631 432 3662 solun
452 3633 596 3665 praedictis.

746 3563 778 3589 18
797 3563 832 3598 etl
853 3568 879 3589 et
896 3571 912 3590 a
929 3563 1004 3590 ιΝΙ).

655 3607 673 3631 4
691 3598 847 3634 intelligeml
867 3599 1014 3626 intellectus
1034 3607 1059 3625 c.

1153 3598 1166 3625 5
1187 3599 1236 3626 sibi
1260 3600 1309 3635 ipsi
1330 3604 1394 3633 post
1417 3602 1529 3628 maxime
1555 3603 1617 3629 aPc.

1434 3343 1647 3382 intellectus
1675 3352 1712 3382 et
1739 3356 1811 3382 sua
1838 3343 2014 3383 essentia.

1488 3397 1641 3436 Adhuc.
1666 3398 1798 3436 Omne
1850 3397 1930 3436 uod
1954 3405 2011 3436 est
2034 3396 2074 3436 in
2095 3395 2226 3448 aliquo
2250 3407 2322 3447 per
2342 3396 2510 3436 modum

1435 3450 1720 3500 intelligibilem,
1750 3450 1970 3501 inteligitur
2001 3450 2050 3488 ab
2079 3462 2139 3488 eo.
2174 3449 2351 3489 Essentia
2378 3458 2510 3491 autem

1708 3611 1726 3639 9
1744 3602 1891 3629 intellectus
1909 3602 1959 3630 alt.
1975 3601 2042 3636 loco}
2069 3601 2217 3636 intelligens
2243 3602 2292 3629 Pa.
2384 3609 2416 3628 n
2436 3603 2511 3628 dietis

682 3640 715 3666 ¹4
735 3642 765 3660 ex
785 3635 858 3662 dictis
879 3634 1046 3661 manifestum
1067 3641 1107 3662 est
1125 3635 1197 3669 quod
1217 3635 1292 3669 (ante
1311 3644 1341 3662 ex
1359 3637 1460 3671 legitur
1478 3644 1514 3670 ut,
1532 3638 1609 3665 cuius
1627 3644 1637 3664 t
1654 3636 1865 3672 super-scriptum
1885 3637 1970 3663 deleri
1988 3637 2106 3670 m'detur)
2126 3638 2149 3663 Α
2161 3637 2247 3668 solun
2265 3643 2294 3665 ut
2312 3646 2343 3664 ex
2363 3638 2436 3664 dictis
2456 3646 2512 3665 ma-

307 3665 429 3692 nifestum
449 3672 496 3698 ent,
516 3668 669 3702 relinquitur
688 3671 768 3703 quod.
791 3671 825 3696 E?
843 3671 894 3697 hoc
911 3671 1054 3704 legendum
1074 3671 1134 3701 erit,
1154 3671 1179 3697 si
1195 3677 1226 3698 ut
1244 3679 1296 3698 non
1317 3673 1432 3698 deletum
1452 3677 1500 3700 ese.

2539 3238 2548 3246 ·
2564 3235 2622 3264 Cap.
2634 3242 2686 3259 xu-
