2768 4134
39 544 49 554 ·
62 542 98 564 cf.
113 542 159 564 loc.
173 541 213 564 cit.
229 541 252 563 in

38 575 111 597 marg.
126 572 182 590 text.

15 1387 17 1389 ¹
39 1391 167 1416 ‘umam

40 2551 52 2561 ⁶
67 2550 123 2579 cup.
140 2555 216 2579 praec.

40 2658 52 2668 ⁸
67 2657 126 2680 ibid.

46 3635 58 3645 ‘
72 3634 108 3657 Cf.
129 3635 262 3667 Commem.

45 3667 98 3689 etp.
113 3668 145 3687 vi.
158 3666 207 3685 init.

770 282 958 319 SUMMA
988 282 1210 321 CONTRA
1239 286 1511 334 GENTILES,
1541 291 1634 327 LIB.
1656 293 1696 336 ΙΙ,
1727 293 1837 330 CAP.
1859 295 1904 339 X,
1926 295 1986 331 XI.

338 360 374 390 11.
400 360 550 391 Secunda
574 361 742 391 conclusio
767 366 828 391 est:
855 361 893 390 In
923 361 994 390 Deo
1025 362 1201 392 secundum
1234 366 1281 394 rei
1305 375 1355 395 ve-

282 405 410 435 ritatem
435 410 482 436 est
500 406 648 446 potentia
667 415 731 446 per
754 411 931 445 respectum
956 405 1000 435 ad
1013 406 1123 446 sacta.
1144 425 1167 428 —
1190 407 1355 439 Probatur.

282 450 317 480 In
334 450 406 480 Deo
424 456 471 480 est
486 451 630 490 potentia
654 450 836 480 secundum
859 450 905 480 rei
925 451 1102 480 veritatem.
1127 450 1191 480 Sed
1214 454 1357 491 potentia

279 500 463 535 respectum
494 494 534 525 ad
564 495 700 525 alterum
732 495 884 535 importat
915 495 948 524 in
979 495 1103 524 ratione
1133 496 1296 535 principii:
1321 503 1358 527 ut

281 545 369 579 patet
393 549 431 570 ex
455 539 644 570 definitione
668 540 833 580 potentiae
857 539 979 569 activae
1003 539 1046 568 lx
1068 539 1314 580 Metaphysicae
1329 542 1356 571 ’ἦ

281 584 368 624 Ergo
391 585 426 614 in
450 584 522 614 Deo
546 585 693 624 potentia
716 583 792 614 dicit
823 584 983 614 rationem
1013 584 1163 624 principii
1187 585 1220 614 in
1244 585 1357 615 ordine

281 628 321 659 ad
345 628 438 665 facta,
463 638 540 659 cum
563 638 632 658 non
657 628 742 659 dicat
770 628 804 658 in
835 628 948 659 ordine
975 628 1015 658 ad
1046 629 1285 668 operationem:
1312 635 1358 660 est

281 674 368 704 enim
391 673 589 714 principium
612 682 721 703 rerum
745 679 924 704 creatarum
948 672 1188 713 productivum.

337 718 389 748 111.
414 717 634 748 Corollarium
664 718 806 758 primum
837 723 896 748 est:
928 719 1084 758 Respectu
1109 717 1275 747 actionum
1300 718 1358 748 im-

281 763 479 792 manentium
501 772 567 792 non
587 763 727 803 ponitur
742 763 775 793 in
792 763 864 793 Deo
884 763 1032 803 potentia
1048 762 1225 792 secundum
1243 763 1291 792 rei
1307 773 1358 793 ve-

281 807 419 843 ritatem,
443 806 500 837 sed
523 812 649 838 tantum
673 808 849 838 secundum
874 807 1007 838 modum
1030 806 1245 847 intelligendi.
1270 807 1359 837 Patet

281 861 318 881 ex
342 852 535 891 praemissis.
561 852 648 890 Quia
671 853 817 892 potentia
840 853 989 882 nominat
1011 852 1208 891 principium
1235 852 1360 882 realiter

280 895 521 936 productivum.
546 897 678 928 Dictum
703 903 750 927 est
778 902 887 927 autem
915 895 1006 936 quod
1035 896 1181 936 potentia
1208 905 1276 926 non
1303 897 1358 926 ha-

281 941 335 971 bet
357 941 539 972 secundum
561 943 606 972 rei
630 942 811 978 veritatem,
835 941 892 972 sed
921 946 1049 971 tantum
1078 940 1259 971 secundum
1287 950 1359 971 mo-

281 985 360 1016 dum
386 986 597 1027 intelligendi,
621 987 780 1017 rationem
803 986 953 1026 principii
977 990 1125 1025 respectu
1150 986 1358 1025 operationis.

281 1030 358 1061 Ideo
382 1037 443 1062 etc.
468 1050 491 1054 -
514 1032 563 1062 Ex
593 1040 661 1071 quo
693 1032 839 1071 sequitur
869 1030 1003 1060 ulterius
1034 1029 1125 1070 quod
1155 1031 1304 1060 voluntas
1328 1037 1360 1061 et

281 1075 464 1107 intellectus
493 1077 527 1107 in
558 1076 630 1106 Deo
660 1085 729 1106 non
753 1081 828 1106 sunt
851 1081 888 1106 ut
910 1075 1086 1115 potentiae,
1112 1074 1168 1105 sed
1192 1075 1299 1106 solum
1323 1081 1359 1106 ut

282 1120 436 1151 actiones.
1023 1132 1025 1134 ·

341 1174 370 1195 2.
387 1165 451 1196 Sed
474 1165 600 1196 videtur
623 1174 691 1195 esse
715 1164 893 1205 implicatio
918 1164 1183 1195 contradictionis
1206 1165 1240 1195 in
1256 1165 1360 1195 verbis

282 1209 391 1241 Sancti
406 1210 566 1240 Thomae.
589 1210 658 1239 Aut
681 1210 768 1239 enim
791 1209 940 1249 intelligit
956 1209 1156 1239 voluntatem
1181 1214 1213 1239 et
1235 1209 1359 1240 intelle-

282 1259 371 1285 ctum
387 1263 456 1285 esse
471 1255 506 1285 in
522 1254 594 1285 Deo
619 1259 655 1284 ut
678 1263 753 1284 vere
777 1259 809 1284 et
832 1254 958 1284 realiter
973 1254 1131 1284 actiones:
1157 1259 1212 1284 aut
1227 1259 1360 1293 ‚tantum

282 1299 463 1330 secundum
486 1299 656 1335 rationem.
688 1298 721 1329 Si
748 1298 929 1329 secundum
952 1308 1032 1335 rem,
1057 1308 1134 1339 ergo
1158 1304 1288 1339 oportet
1311 1309 1360 1329 re-

269 1342 561 1385 aepoetti‘ip'sarum
592 1353 661 1374 esse
692 1343 822 1374 realiter
848 1344 1042 1383 potentiam:
1073 1344 1149 1384 quia
1173 1343 1212 1374 de
1236 1345 1360 1375 ratione

255 1392 257 1395 ⁴
282 1389 481 1431 operationis
511 1394 560 1420 est
581 1388 700 1419 habere
723 1388 931 1429 principium,
957 1394 991 1419 ut
1016 1387 1192 1419 adductum
1216 1394 1264 1419 est
1279 1390 1296 1405 ³*
1320 1399 1359 1419 ex

283 1434 474 1475 quaestione
490 1433 530 1464 de
545 1433 695 1464 Potentia
711 1433 783 1464 Dei.
800 1451 823 1456 -
845 1432 879 1464 Si
903 1433 1085 1464 secundum
1108 1434 1267 1464 rationem
1291 1439 1360 1464 tan-

282 1484 364 1516 tum,
388 1488 466 1519 ergo
490 1483 622 1519 oportet
650 1479 696 1509 ibi
725 1487 849 1519 ponere
877 1478 1080 1509 intellectum
1104 1483 1135 1508 et
1158 1478 1360 1509 voluntatem

283 1529 320 1555 ut
341 1524 503 1565 potentias
526 1522 707 1554 secundum
730 1524 900 1554 rationem.

339 1568 568 1609 Respondetur
592 1567 683 1608 quod
713 1568 862 1608 intelligit
892 1567 961 1598 illas
991 1577 1060 1598 esse
1085 1577 1158 1598 vere
1182 1573 1214 1598 et
1236 1568 1361 1598 realiter

283 1613 437 1649 actiones,
462 1618 494 1644 et
516 1622 588 1644 non·
608 1617 735 1644 tantum
758 1612 940 1644 secundum
964 1613 1134 1644 rationem.
1163 1612 1227 1644 Sed
1251 1612 1362 1643 adver-

281 1657 419 1690 tendum
441 1657 542 1698 quod,
567 1666 643 1688 cum
668 1657 885 1698 perfectiones
909 1663 1127 1688 creaturarum
1158 1658 1362 1688 inveniantur

281 1703 316 1734 in
339 1702 412 1734 Deo
426 1707 595 1743 -quantum
619 1702 660 1733 ad
682 1702 716 1733 id
740 1702 831 1743 quod
854 1702 1063 1743 perfectionis
1087 1708 1144 1739 est,
1160 1711 1229 1733 non
1252 1707 1362 1733 autem

283 1752 443 1788 quantum
454 1746 495 1778 ad
509 1746 793 1788 imperfectionem
805 1757 905 1788 quam
921 1747 1103 1784 includunt,
1117 1753 1246 1788 oportet
1262 1748 1362 1778 actio-

281 1801 340 1824 nes
355 1793 582 1829 immanentes,
598 1802 683 1833 quae
699 1798 775 1824 sunt
798 1792 976 1833 intelligere
996 1798 1028 1823 et
1043 1792 1136 1829 velle,
1153 1793 1187 1823 in
1203 1792 1275 1823 Deo
1293 1801 1362 1822 esse

281 1837 407 1868 ratione
430 1837 648 1878 perfectionis,
665 1847 734 1868 non
757 1843 868 1868 autem
890 1838 1016 1868 ratione
1038 1836 1304 1878 imperfectionis.
1327 1837 1362 1868 ln

282 1881 359 1923 ipris
389 1887 499 1913 autem
529 1881 739 1923 perfectionis
762 1888 810 1913 est
833 1882 924 1923 quod
947 1883 1011 1914 sint
1033 1882 1187 1913 ultimum
1217 1882 1363 1922 comple-

281 1931 443 1963 mentum,
459 1926 585 1958 nullam
599 1927 695 1958 aliam
710 1926 946 1968 perfectionem
970 1932 1189 1968 expectantes:
1215 1927 1362 1968 operatio

283 1972 372 2003 enim
387 1973 569 2003 immanens
585 1977 633 2003 est
648 1971 802 2003 ultimum
826 1972 1106 2012 complementum
1129 1973 1305 2012 potentiae.
1322 1971 1363 2002 Et

283 2020 444 2057 quantum
466 2015 508 2047 ad
531 2017 595 2047 hoc
618 2022 788 2057 ponuntur
810 2017 844 2047 in
868 2017 940 2048 Deo
964 2017 1043 2048 tales
1063 2018 1221 2048 actiones:
1246 2016 1363 2048 intelli-

2396 299 2470 347 287

1408 369 1492 406 gitur
1508 371 1594 400 enim
1609 371 1716 410 ipsum
1732 373 1906 413 intelligere
1923 380 1954 404 et
1970 375 2049 405 velle
2066 381 2218 417 tanquam
2234 377 2366 408 ultimus
2383 385 2471 410 actus

1408 412 1535 443 nullum
1550 414 1682 445 ulterius
1698 422 1805 446 actum
1829 424 2008 457 expectans,
2032 420 2208 452 Procedere
2227 428 2335 453 autem
2351 433 2368 453 a
2384 424 2471 463 prin-

1410 456 1495 495 cipio
1519 457 1643 488 realiter
1666 459 1704 488 ab
1728 460 1804 499 ipsis
1834 462 2011 492 secundum
2042 474 2109 495 esse
2137 465 2296 503 distincto,
2320 468 2470 507 imperfe-

1410 500 1526 530 ctionis
1550 507 1606 531 est.
1631 501 1708 532 Ideo
1732 510 1889 542 quantum
1912 506 1951 536 ad
1974 507 2047 543 hoc,
2066 518 2134 539 non
2156 516 2322 550 ponuntur
2337 512 2370 542 in
2387 512 2468 543 Deo.

1411 543 1497 573 Cum
1521 554 1597 584 ergo
1621 547 1762 585 arguitur
1785 549 1874 587 quod
1897 549 1936 579 de
1966 552 2088 582 ratione
2118 555 2250 585 actionis
2281 561 2328 586 est
2354 557 2469 587 habere

1410 588 1606 628 principium
1629 590 1857 629 productivum
1873 593 2050 625 secundum
2066 606 2146 626 rem:
2172 598 2286 629 dicitur
2302 600 2391 640 quod
2406 601 2469 631 hoc

1411 630 1527 662 falsum
1550 639 1597 663 est
1621 639 1778 673 quantum
1794 635 1834 666 ad
1848 636 1881 666 id
1897 637 1986 676 quod
2004 640 2207 678 perfectionis
2223 649 2269 673 est
2284 644 2317 674 in
2333 646 2468 681 actione,

1412 681 1443 705 et
1466 675 1505 706 de
1529 678 1655 707 actione
1678 678 1878 716 subsistente,
1903 681 2005 721 qualis
2029 689 2075 713 est
2098 684 2203 715 divina
2233 690 2390 727 operatio;
2415 689 2469 719 sed

1412 720 1494 751 bene
1517 730 1630 752 verum
1655 728 1701 752 est
1724 722 1764 753 de
1787 725 1913 754 actione
1937 734 2019 765 quae
2043 728 2189 759 accidens
2212 737 2257 761 est
2273 732 2311 761 ab
2327 733 2394 772 ipsa
2411 743 2469 773 po-

1411 765 1510 795 tentia
1533 765 1729 797 distinctum.
1760 768 1800 798 Et
1823 769 2041 801 universaliter
2063 771 2102 802 de
2125 774 2247 804 ratione
2270 777 2402 807 actionis
2425 783 2471 807 est

1412 809 1528 840 habere
1551 811 1746 851 principium
1776 813 2001 852 productivum
2033 822 2087 847 aut
2117 818 2294 849 secundum
2317 830 2393 856 rem,
2418 827 2471 851 aut

1412 854 1591 885 secundum
1622 855 1757 886 modum
1787 857 1985 898 intelligendi
2012 870 2044 890 se
2068 866 2230 892 tenentem
2254 873 2291 893 ex
2314 870 2400 903 parte
2424 866 2471 895 in-

1412 898 1567 929 tellectus.

1469 943 1521 974 IV.
1546 944 1732 976 Secundum
1757 946 1962 978 corollarium
1987 953 2033 979 est
2057 958 2094 979 ex
2117 951 2296 989 praemissis
2319 961 2471 992 sequens:

1413 988 1589 1018 Multitudo
1614 990 1777 1020 actionum
1802 1001 1884 1031 quae
1903 993 1974 1023 Deo
1998 993 2227 1030 attribuuntur,
2246 1005 2310 1025 non
2330 1002 2406 1026 sunt
2424 997 2471 1027 di-

1413 1036 1525 1063 versae
1549 1043 1610 1064 res.
1634 1053 1655 1056 —
1679 1035 1843 1066 Probatur.
1868 1036 1952 1074 Quia
1976 1047 2089 1069 omnes
2112 1045 2186 1069 sunt
2208 1040 2314 1080 ipsum
2338 1050 2405 1071 esse
2428 1041 2474 1072 di-

1413 1078 1535 1114 vinum,
1561 1078 1651 1118 quod
1674 1089 1777 1110 unum
1798 1086 1854 1110 est.

1468 1122 1606 1153 Adverte
1631 1124 1720 1164 quod
1744 1132 1955 1156 connumerat
1978 1126 2111 1157 Sanctus
2132 1128 2275 1159 Thomas
2298 1129 2474 1169 producere

1412 1176 1460 1197 res
1484 1168 1566 1197 inter
1589 1169 1731 1199 actiones
1755 1169 1876 1200 divinas
1899 1176 2053 1211 tanquam
2076 1173 2114 1202 ab
2138 1173 2312 1213 intelligere
2336 1180 2367 1204 et
2392 1175 2474 1205 velle

1413 1211 1608 1248 distinctum,
1632 1223 1699 1243 non
1724 1215 1799 1254 quia
1823 1216 1957 1246 omnino
1988 1216 2162 1247 formaliter
2184 1218 2222 1248 ab
2246 1218 2419 1259 intelligere
2444 1226 2474 1250 et

1413 1256 1494 1286 velle
1518 1256 1737 1297 distinguatur,
1762 1258 1817 1288 sed
1840 1260 1915 1299 quia
1939 1260 2026 1291 addit
2048 1261 2088 1291 acl
2110 1261 2163 1292 illa
2185 1269 2366 1303 respectum
2388 1264 2473 1303 prin-

1414 1301 1488 1340 cipii
1505 1301 1544 1331 ad
1560 1308 1718 1333 creaturas
1734 1312 1791 1343 per
1806 1304 1942 1335 modum
1958 1307 2164 1336 executionis.
2189 1307 2232 1337 Ut
2251 1308 2337 1338 enim
2353 1308 2474 1339 dictum

1414 1351 1460 1375 est
1482 1346 1515 1376 in
1540 1347 1645 1386 primo
1669 1348 1810 1387 capitulo
1834 1349 1928 1379 huius
1951 1350 2084 1380 secundi
2107 1350 2176 1380 libri
2192 1352 2218 1387 θ’,
2242 1353 2386 1391 potentia
2407 1362 2474 1383 non

1414 1389 1618 1431 distinguitur
1647 1393 1686 1422 ab
1716 1392 1880 1423 intellectu
1904 1400 1935 1424 et
1957 1394 2122 1425 voluntate
2152 1396 2185 1425 in
2216 1396 2286 1427 Deo
2316 1398 2377 1427 nisi
2400 1399 2475 1437 quia

1414 1444 1510 1475 super
1532 1436 1585 1466 illa
1608 1436 1695 1467 addit
1718 1443 1900 1477 respectum
1924 1439 2070 1479 principii
2087 1441 2253 1471 executivi.
2277 1441 2370 1472 Unde
2387 1442 2476 1482 quod

1413 1480 1518 1520 inquit
1542 1480 1678 1511 Sanctus
1694 1481 1848 1518 Thomas,
1866 1484 2022 1522 quoniam
2039 1484 2216 1515 intellectus
2232 1490 2263 1516 et
2277 1487 2427 1517 voluntas
2442 1487 2474 1516 in

1414 1524 1484 1555 Deo
1503 1535 1567 1555 non
1591 1531 1666 1556 sunt
1690 1531 1725 1556 ut
1742 1528 1917 1566 potentiae,
1933 1528 2118 1568 intelligitur
2142 1529 2329 1569 inquantum
2354 1531 2476 1561 intelle-

1414 1574 1484 1599 ctus
1506 1575 1538 1600 et
1560 1571 1710 1600 voluntas
1732 1576 1816 1605 sunt,
1842 1577 1878 1602 ut
1901 1573 2021 1603 scilicet
2043 1574 2217 1613 respiciunt
2246 1576 2387 1605 actiones
2417 1576 2476 1605 im-

1414 1620 1580 1645 manentes
1604 1615 1750 1646 absolute
1774 1622 1930 1656 acceptas.
1955 1617 2017 1647 Sed
2041 1618 2121 1648 bene
2145 1624 2181 1648 ut
2203 1619 2279 1659 ipsis
2307 1619 2477 1650 co-intelli-

1414 1659 1498 1698 gitur
1521 1665 1684 1699 respectus
1706 1660 1855 1700 principii
1879 1661 2059 1701 productivi
2090 1662 2129 1692 ad
2158 1668 2324 1700 creaturas,
2348 1669 2422 1694 sunt
2443 1665 2477 1694 in

1416 1703 1487 1743 ipso
1511 1709 1547 1734 ut
1570 1705 1744 1744 potentiae.

1472 1748 1652 1785 Posramto,
1677 1750 1754 1789 quia
1776 1755 1886 1789 posset
1909 1750 2023 1791 aliquis
2047 1750 2151 1782 dicere
2176 1751 2265 1792 quod
2287 1753 2346 1782 ista
2371 1752 2479 1783 multi—

1416 1793 1540 1833 plicitas
1563 1794 1792 1834 operationum
1816 1794 1996 1825 divinarum
2019 1796 2197 1826 secundum
2213 1797 2370 1827 rationem
2385 1806 2479 1837 repu-

1416 1844 1493 1877 gnat
1515 1838 1631 1868 unitati
1655 1844 1686 1869 et
1709 1839 1902 1879 simplicitati
1926 1839 2061 1877 divinae,
2086 1841 2267 1881 respondet,
2284 1851 2322 1872 ex
2343 1842 2381 1872 iis
2397 1851 2479 1882 quae

1417 1883 1450 1913 in
1480 1883 1587 1923 primo
1618 1883 1700 1914 libro
1732 1890 1806 1914 sunt
1836 1890 1972 1920 ostensa,
2003 1891 2111 1925 patere
2142 1885 2231 1926 quod
2261 1886 2479 1926 multiplicitas

1415 1927 1667 1969 signficationis
1691 1929 1788 1959 unius
1811 1929 1868 1964 rei,
1893 1929 1983 1965 idest,
2007 1930 2097 1970 quod
2126 1940 2190 1960 una
2213 1939 2262 1961 res
2289 1931 2397 1961 multis
2420 1940 2479 1961 no-

1416 1972 1558 2003 minibus
1580 1972 1776 2013 significetur
1798 1979 1830 2004 et
1852 1983 1909 2014 per
1932 1984 2133 2014 consequens
2156 1974 2285 2005 diversis
2304 1975 2479 2006 rationibus

1417 2018 1627 2057 concipiatur,
1653 2018 1770 2048 unitati
1785 2019 1801 2035 ὓ
1826 2028 1890 2048 ηοη
1909 2019 2125 2058 praeiudicat.

875 2212 1364 2269 CAPITULUM

1275 2305 1366 2336 A30

1401 2213 1892 2269 UNDECIMUM

1379 2316 1393 2335 r
1430 2314 1511 2346 a19.

433 2376 608 2430 QUOD
645 2378 729 2418 DE
763 2378 891 2419 DEO
926 2378 1178 2419 DICITUR
1212 2378 1469 2430 ALIQUID
1503 2378 1810 2418 RELATIVE
1844 2377 1928 2417 AD
1964 2377 2332 2419 CREATURAS

448 2503 550 2538 mum
578 2498 711 2529 autem
744 2491 917 2541 potentia
949 2492 1035 2530 Deo
1071 2492 1279 2530 conveniat
1307 2505 1363 2530 re-

339 2589 341 2592 *
377 2535 404 2588 ς,
511 2552 645 2594 spectu
683 2557 848 2583 suorum
886 2546 1099 2584 effectuum
1118 2546 1155 2592 *3
1193 2545 1364 2596 potentia

294 2595 299 2607 ⁴
340 2598 362 2644 ζ,
450 2609 482 2647 „93
511 2606 643 2636 autem
664 2599 856 2637 rationem
876 2599 1054 2649 principii
1074 2600 1225 2646 habeat,
1241 2607 1284 2636 ut
1307 2599 1363 2637 di-

396 2648 415 2668 '⁴‘
511 2659 618 2689 ctum
639 2660 696 2690 est
713 2653 750 2699 *;
779 2652 1017 2703 principium
1046 2661 1178 2691 autem
1208 2653 1361 2690 relative

287 2703 337 2742 ad
373 2702 648 2755 principiamm
686 2705 839 2744 dicitur:
875 2706 1124 2745 manifestum
1162 2715 1217 2744 est
1255 2707 1361 2756 quod

288 2756 434 2808 aliquid
465 2759 622 2812 relative
657 2767 783 2810 potest
818 2759 892 2798 dici
920 2760 969 2798 de
998 2761 1084 2798 Deo
1114 2761 1153 2798 in
1188 2768 1362 2810 respectu

288 2823 453 2850 suorum
481 2813 705 2851 effectuum.

341 2866 449 2902 Item.
479 2867 574 2904 Non
601 2874 728 2916 potest
756 2867 911 2916 intelligi
940 2868 1086 2918 aliquid
1113 2867 1267 2905 relative
1287 2866 1361 2903 dici

288 2918 337 2956 ad
371 2920 534 2957 alterum
567 2919 640 2958 nisi
673 2932 694 2958 e
727 2933 918 2959 converso
951 2921 1044 2959 illud
1079 2921 1232 2958 relative
1261 2920 1361 2957 dice-

289 2979 395 3009 retur
421 2972 472 3010 ad
499 2973 642 3024 ipsum.
674 2974 752 3012 Sed
780 2987 840 3012 res
869 2974 964 3013 aliae
999 2974 1152 3013 relative
1182 2974 1362 3011 dicuntur

288 3026 339 3063 ad
366 3026 514 3064 Deum:
544 3035 679 3078 utpote
708 3029 926 3067 secundum
956 3042 1073 3067 suurn
1097 3040 1191 3073 esse,
1212 3027 1319 3077 quod
1339 3039 1361 3063 a

288 3079 377 3116 Deo
403 3080 559 3127 habent,
587 3089 630 3119 ut
658 3090 859 3120 ostensum
888 3090 943 3119 est
961 3083 992 3128 ²¹⁶,
1022 3082 1071 3119 ab
1100 3083 1184 3131 ipso
1217 3081 1360 3129 depen-

287 3132 434 3170 dentes.
464 3134 573 3172 Deus
601 3135 714 3184 igitur
741 3148 762 3173 e
791 3149 983 3174 converso
1012 3135 1166 3173 relative
1190 3134 1239 3171 ad
1258 3145 1359 3170 crea-

227 3225 231 3228 ,
287 3194 392 3224 turas
420 3187 580 3226 dicetur.

341 3240 495 3279 Adhuc.
527 3241 749 3280 Similitudo
777 3251 834 3281 est
862 3243 994 3281 relatio
1018 3241 1223 3292 quaedam.
1253 3240 1358 3276 Deus

344 3363 356 3382 ι
378 3357 446 3383 Cum
465 3358 503 3388 D;
521 3359 557 3384 Si.
649 3359 681 3384 15
702 3365 743 3385 est
760 3366 825 3385 casu
844 3367 887 3384 om
907 3360 942 3390 A;
959 3362 1022 3391 post
1040 3357 1168 3390 quaedam
1188 3355 1219 3379 D.

345 3391 359 3417 5
379 3392 472 3424 dicitur
490 3393 539 3427 (ex
557 3394 677 3428 dicetur)]
699 3395 799 3421 dicetur
818 3395 928 3420 aGWY.

1419 2500 1559 2537 autem,
1590 2491 1686 2528 sicut
1713 2499 1749 2527 et
1776 2498 1899 2527 cetera
1927 2489 2085 2538 agentia,
2105 2490 2176 2527 sibi
2204 2486 2325 2528 simile
2353 2491 2427 2540 agit
2445 2492 2475 2529 *.

1419 2545 1566 2583 Dicitur
1593 2544 1705 2593 igitur
1731 2543 1874 2593 aliquid
1903 2543 2056 2580 relative
2085 2543 2133 2580 de
2161 2543 2257 2593 ipso.

1471 2597 1658 2647 Amplius.
1690 2596 1853 2634 Scientia
1887 2596 1936 2633 ad
1971 2596 2108 2633 scitum
2142 2597 2297 2634 relative
2326 2597 2473 2635 dicitur.

1418 2653 1523 2689 Deus
1542 2659 1671 2688 autem
1691 2662 1770 2687 non
1790 2651 1917 2687 solum
1937 2649 1996 2686 sui
2015 2649 2144 2699 ipsius,
2165 2649 2231 2686 sed
2252 2650 2364 2687 etiam
2384 2651 2474 2689 alio-

1384 2720 1392 2739 5
1417 2718 1504 2742 rum
1524 2704 1719 2742 scientiam
1739 2703 1853 2741 habet
1871 2703 1902 2740 ³².
1932 2702 2046 2751 Igitur
2073 2702 2216 2752 aliquid
2245 2703 2398 2740 relative
2418 2703 2473 2741 di-

1416 2758 1512 2796 citur
1540 2758 1586 2795 de
1614 2758 1699 2794 Deo
1728 2756 1776 2794 ad
1805 2756 1887 2793 alia.

1469 2811 1619 2848 Adhuc.
1649 2811 1815 2847 Movens
1843 2809 1980 2846 dicitur
2008 2809 2159 2846 relative
2179 2809 2227 2846 ad
2254 2816 2416 2855 motum,
2437 2817 2474 2846 et

1416 2877 1531 2913 agens
1559 2864 1607 2901 ad
1635 2864 1788 2901 sactum.
1819 2863 1924 2899 Deus
1944 2870 2074 2899 autem
2102 2870 2157 2899 est
2184 2874 2298 2910 agens
2326 2870 2362 2899 et
2390 2875 2472 2899 mo-

1415 2931 1509 2955 vens
1542 2929 1622 2954 non
1657 2924 1820 2961 motum,
1849 2923 1892 2952 ut
1924 2923 2123 2952 ostensum
2152 2923 2206 2952 est
2224 2915 2254 2952 ²¹³.
2284 2915 2474 2953 Dicuntur

1377 2990 1401 3005 ιο
1416 2971 1526 3020 igitur
1553 2971 1600 3007 de
1629 2970 1712 3019 ipso
1742 2968 1954 3006 relationes.

1467 3026 1572 3061 Item.
1601 3025 1771 3060 Primum
1799 3022 2022 3059 relationem
2051 3022 2248 3070 quandam
2276 3021 2470 3070 importat:

1414 3077 1584 3115 similiter
1596 3088 1794 3113 summum.
1811 3076 2022 3112 Ostensum
2037 3082 2092 3112 est
2110 3082 2239 3111 autem
2259 3074 2298 3110 in
2312 3074 2473 3111 Primo*

1415 3131 1541 3180 ipsum
1562 3142 1644 3166 esse
1663 3129 1834 3178 primum
1854 3140 1922 3165 ens
1941 3135 1978 3164 et
1997 3139 2197 3164 summum
2217 3127 2377 3164 bonum.

1467 3185 1574 3220 Patet
1606 3182 1718 3230 igitur
1751 3182 1856 3231 quod
1892 3182 2011 3218 multa
2040 3181 2087 3217 de
2116 3181 2200 3217 Deo
2235 3179 2389 3217 relative
2417 3179 2472 3216 di-

1375 3256 1396 3275 ις
1414 3245 1563 3274 cuntur.

1021 3400 1051 3418 12
1071 3390 1196 3424 similiter]
1217 3395 1242 3414 et
1260 3389 1378 3414 similiter
1396 3389 1418 3413 D
1437 3391 1464 3413 et
1475 3388 1595 3420 fortasse
1614 3388 1645 3416 Α,
1665 3386 1782 3411 similiter
1800 3390 1826 3410 et
1844 3385 1872 3409 Ρ.

1050 3460 1383 3495 Commentaria
1411 3458 1717 3491 Fen-ariensis

345 3553 493 3575 ostoun:
509 3544 733 3576 determinavit
748 3546 884 3576 Sanctus
901 3545 1044 3574 Thomas
1066 3541 1106 3571 de
1128 3540 1271 3581 potentia
1288 3539 1357 3575 Dei,

293 3555 584 3630 peonsequenter
614 3590 654 3621 de
685 3590 894 3621 relationibus
918 3587 1032 3619 divinis
1055 3586 1094 3616 ad
1119 3590 1275 3634 creaturas
1305 3582 1359 3634 de-

290 3630 440 3664 terminat
455 3635 489 3665 *i
507 3633 602 3665 Circa
625 3635 689 3665 hoc
713 3640 821 3665 autern
853 3634 910 3664 tria
940 3632 1027 3662 facit:
1052 3631 1156 3670 primo
1181 3637 1267 3658 emm
1295 3632 1359 3667 agit

291 3676 331 3708 de
353 3678 432 3718 ipsis
454 3685 614 3719 quantum
642 3679 682 3709 ad
711 3678 998 3719 praedicationem:
1023 3673 1176 3708 secundo,
1201 3676 1358 3712 quantum

1384 3537 1387 3597 b
1415 3537 1453 3568 ad
1477 3547 1545 3567 esse
1575 3538 1726 3577 ipsarum,
1752 3545 1820 3575 cap.
1843 3544 1899 3569 xm
1926 3533 2028 3569 tertio,
2052 3538 2209 3573 quantum
2233 3532 2273 3563 ad
2295 3532 2473 3564 multitudi-

1385 3599 1386 3603 =
1413 3591 1499 3617 nem,
1524 3591 1593 3621 cap.
1616 3590 1668 3610 xiv
1683 3581 1709 3610 ’ἢ

1384 3605 1386 3645 ⁴
1469 3626 1491 3656 1.
1516 3625 1682 3663 Quantum
1713 3623 1752 3654 ad
1781 3623 1930 3663 primum,
1960 3621 2091 3661 ponitur
2122 3621 2304 3652 conclusio:
2329 3622 2379 3653 De
2401 3622 2472 3653 Deo

1383 3647 1386 3707 l
1413 3670 1537 3710 aliquid
1559 3669 1693 3699 relative
1715 3667 1834 3697 dicitur
1856 3671 1999 3706 respectu
2023 3675 2156 3696 suorum
2181 3666 2360 3707 effectuum,
2378 3666 2472 3697 idest:

2502 1355 2511 1364 ‘
2525 1353 2594 1375 Num.
2611 1360 2632 1380 x,
2646 1359 2667 1375 2.

2506 2020 2515 2028 ·
2523 2019 2558 2040 Cf.
2569 2022 2624 2040 text.
2636 2022 2656 2040 et
2667 2024 2713 2040 var.

2504 2494 2513 2503 ·
2519 2493 2569 2515 Lib.
2574 2493 2593 2520 Ι,
2600 2499 2712 2521 εειρ.ιιιι.

2501 2707 2510 2715 '
2525 2705 2592 2732 1bid.‚
2602 2711 2652 2732 cap.
2661 2711 2711 2726 xux

2501 2738 2552 2760 sqq.

2500 2917 2509 2926 '
2524 2915 2590 2942 1bid.‚
2602 2922 2651 2943 cap.
2660 2921 2710 2937 xm.

2500 3077 2508 3085 '¹
2523 3074 2578 3102 Cap.
2589 3081 2641 3102 ¹111,
2651 3081 2698 3096 xm.

2501 3581 2509 3590 ·
2518 3579 2624 3607 Cap.x1n
2633 3582 2656 3600 et
2666 3585 2709 3605 xiv,

2500 3613 2523 3627 n.
2534 3613 2556 3628 v.
