2768 4134
43 1371 52 1379 ·
68 1370 118 1391 Art.
132 1375 149 1395 i,
161 1367 188 1389 ad
199 1373 219 1389 2.

45 1772 54 1780 ·
68 1769 136 1797 Ῑδίά.,
148 1775 212 1797 corp.

44 2224 53 2233 ·
69 2222 106 2244 Cf.
121 2221 175 2244 init.
188 2221 259 2243 Com-

44 2252 116 2271 ment.

54 3212 63 3221 ·
79 3210 128 3232 Fol.
144 3216 205 3237 24η,
229 3210 265 3232 cd.

54 3237 114 3259 Ven.
131 3243 194 3265 ¹497·

59 3611 68 3620 ⁶
85 3609 141 3638 esp.
154 3615 185 3636 ιν.
196 3609 218 3631 8.

293 261 365 299 126

286 338 365 369 illud
387 334 570 375 Augustini,
590 333 634 363 VI
654 331 755 366 Trin.,
772 339 842 370 cap.
858 339 924 364 vm,
948 328 988 358 In
1013 327 1053 358 iis
1075 336 1160 368 quae
1183 336 1249 357 non
1273 325 1359 356 mole

286 390 407 423 magna
423 384 508 414 sunt,
525 378 609 408 idem
625 381 673 407 est
688 375 793 406 maius
812 383 880 405 esse
895 373 982 414 quod
997 372 1122 403 melius.
1146 372 1188 402 Et
1204 372 1249 402 sic
1265 371 1358 401 abso-

286 428 351 458 lute
368 425 515 455 dicentur
529 421 673 453 infinitae
689 418 869 451 secundum
892 417 1031 448 modum
1047 427 1124 448 suae
1139 415 1358 458 perfectionis.

341 467 489 501 Secunda
512 473 568 497 est.
600 465 766 496 Infinitum
798 463 914 494 dicitur
940 461 1124 503 dupliciter:
1150 461 1272 492 scilicet
1295 460 1359 501 pri-

284 515 397 549 vative,
423 518 454 543 et
476 512 633 552 negative.

339 558 427 589 Cum
451 566 529 597 ergo
551 556 668 587 dicitur
690 554 799 585 Deum
822 562 890 583 esse
912 551 1089 588 infinitum,
1105 559 1175 582 non
1193 551 1362 591 loquimur

284 603 324 635 de
347 602 506 634 infinitate
529 599 714 642 quantitatis
737 597 924 638 corporalis,
949 597 1026 637 quia
1047 606 1116 627 non
1141 601 1190 628 est
1214 594 1361 627 infinitus

283 647 464 679 secundum
497 645 750 680 multitudinem,
781 652 858 674 cum
888 643 927 673 sit
957 651 1054 678 unus,
1085 650 1147 673 nec
1179 639 1361 672 secundum

284 693 496 734 quantitatem
519 690 720 724 continuam,
745 698 821 718 cum
844 697 913 718 non
937 687 977 717 sit
1000 694 1134 726 corpus:
1159 685 1216 716 sed
1232 685 1272 716 de
1288 683 1361 716 infi-

283 738 381 769 nitate
409 736 594 778 quantitatis
625 733 806 775 spiritualis‚
831 732 897 763 sive
921 730 1139 772 perfectionis.
1162 749 1185 753 -
1209 730 1362 762 Similiter

283 792 351 813 non
375 782 531 822 accipitur
552 780 717 813 infinitum
740 778 909 819 privative:
934 776 1010 817 quia
1026 775 1149 816 aliquid
1164 775 1282 807 dicitur
1296 775 1361 816 pri-

283 828 388 858 vative
403 825 568 857 infinitum
585 834 623 855 ex
639 834 679 855 eo
697 822 787 864 quod
809 828 924 853 natum
939 827 987 852 est
1002 821 1121 852 habere
1137 820 1239 851 finem
1254 826 1287 851 et
1301 820 1363 851 sibi

284 872 489 907 subtrahitur,
517 875 649 911 propter
674 867 766 909 quod
793 873 840 898 est
870 865 1115 907 imperfectum
1147 865 1220 897 Deo
1251 871 1362 897 autem

283 916 486 958 imperfectio
513 925 580 945 non
609 914 770 944 convenit.
796 911 859 943 Sed
886 911 1003 942 dicitur
1029 911 1176 952 negative
1199 909 1360 942 infinitus:

284 963 361 1003 quia
385 967 432 992 est
455 969 582 991 summe
605 959 776 999 perfectus,
801 963 832 988 et
855 956 965 987 nullus
989 962 1037 986 est
1058 954 1268 997 perfectionis
1284 965 1362 987 suae

283 1007 440 1038 terminus
463 1010 518 1036 aut
541 1003 624 1035 finis.

339 1049 583 1082 Advertendum
610 1047 700 1089 quod
722 1046 887 1078 infinitum
909 1046 1066 1087 privative
1089 1045 1205 1077 dicitur
1228 1050 1363 1086 propter

283 1096 500 1127 remotionem
515 1093 650 1129 formae,
665 1092 801 1133 privatio
818 1091 905 1122 enim
922 1090 999 1122 dicit
1013 1091 1223 1131 negationem
1238 1090 1362 1121 formae

284 1140 410 1172 debitae
432 1141 551 1170 inesse:
577 1144 608 1169 et
631 1137 706 1168 ideo
729 1137 886 1168 terminus
902 1137 959 1176 qui
975 1135 1156 1167 excluditur
1172 1145 1230 1177 per
1249 1136 1362 1166 huius-

283 1185 374 1216 modi
397 1184 571 1219 infinitum,
596 1183 691 1214 habet
714 1182 873 1212 rationem
896 1180 1031 1218 formae,
1048 1190 1087 1212 ex
1110 1190 1176 1222 qua
1199 1190 1249 1212 res
1272 1179 1363 1212 finita

283 1231 379 1261 habet
403 1229 681 1269 complementum
698 1236 775 1257 suae
791 1227 1052 1257 mensurationis.
1076 1226 1251 1268 Propterea
1272 1226 1363 1268 quod

284 1280 370 1306 caret
393 1274 447 1305 tali
470 1274 609 1304 termino
633 1273 693 1303 sibi
717 1271 838 1307 debito,
855 1270 947 1312 quod
962 1277 1010 1302 est
1025 1280 1094 1302 esse
1117 1270 1282 1302 infinitum
1298 1272 1362 1312 pri-

284 1320 398 1355 vative,
414 1324 500 1349 caret
516 1327 574 1348 sua
589 1317 788 1358 perfectione
812 1321 844 1347 et
867 1315 982 1347 forma.
1007 1315 1049 1347 Et
1071 1322 1205 1357 propter
1219 1317 1284 1347 hoc
1299 1316 1363 1347 tale

283 1364 458 1400 infinitum,
471 1362 562 1404 quod
578 1363 674 1393 etiam
687 1362 793 1392 Prima
805 1361 909 1399 Parte,
925 1371 958 1402 q.
967 1371 1013 1392 vn
1021 1362 1050 1398 ⁵,
1067 1361 1185 1392 dicitur
1200 1361 1363 1403 infinitum

282 1420 317 1441 se
341 1415 451 1440 tenens
474 1418 516 1439 ex
534 1413 632 1449 parte
651 1407 820 1444 materiae,
844 1406 1073 1447 imperfectum
1097 1413 1155 1438 est.

340 1453 506 1485 Infinitum
530 1458 640 1484 autem
662 1453 811 1493 negative
833 1452 867 1482 in
891 1452 987 1482 rebus
1009 1452 1228 1492 spiritualibus
1247 1450 1364 1482 dicitur

283 1505 416 1540 propter
428 1499 646 1529 remotionem
656 1497 830 1538 susceptivi
841 1502 873 1527 et
884 1497 1036 1528 materiae
1048 1496 1214 1528 limitantis
1224 1495 1363 1527 formam

284 1543 324 1575 ad
337 1544 479 1584 aliquem
491 1543 627 1584 gradum
639 1552 716 1573 suae
732 1542 954 1583 perfectionis:
967 1550 1045 1572 nam
1061 1547 1093 1573 et
1108 1541 1232 1572 formae
1248 1541 1363 1582 ampli-

284 1589 365 1620 tudo
382 1598 440 1630 per
455 1589 622 1619 materiam
639 1593 671 1618 et
686 1587 907 1628 susceptivum
923 1586 1087 1618 limitatur.
1107 1587 1150 1618 Et
1165 1586 1242 1628 quia
1258 1586 1364 1617 forma

284 1643 354 1665 non
365 1634 499 1664 limitata
513 1633 555 1664 ad
570 1633 713 1673 aliquem
725 1641 861 1663 suorum
872 1631 1033 1672 graduum
1049 1631 1105 1663 sed
1121 1640 1255 1662 omnem
1270 1641 1363 1662 suam

285 1680 406 1711 habens
430 1678 666 1719 perfectionem
695 1683 744 1708 est
771 1676 946 1718 perfectior
968 1686 1067 1717 quam
1090 1677 1117 1707 si
1140 1677 1182 1707 sit
1204 1676 1245 1708 ad
1267 1677 1364 1717 parti-

286 1724 428 1757 cularem
445 1724 588 1765 aliquem
604 1721 741 1764 gradum
755 1721 902 1758 limitata,
913 1720 989 1753 ideo
1005 1722 1068 1753 tale
1082 1721 1260 1758 infinitum,
1273 1721 1364 1762 quod

285 1769 403 1800 dicitur
418 1768 580 1810 infinitum
595 1777 630 1798 se
646 1772 757 1798 tenens
772 1777 814 1797 ex
831 1771 931 1808 parte
944 1767 1084 1809 formae
1091 1767 1118 1802 ⁹.
1136 1773 1184 1798 est
1199 1765 1363 1808 perfectis-

286 1814 422 1847 simum:
447 1819 502 1845 aut
525 1813 722 1854 simpliciter,
739 1813 766 1842 si
781 1813 822 1843 sit
844 1811 1033 1853 simpliciter
1055 1811 1234 1849 infinitum;
1259 1818 1314 1843 aut
1329 1813 1362 1843 in

286 1869 347 1891 suo
371 1867 499 1899 genere,
523 1859 550 1889 si
573 1859 612 1889 sit
634 1855 798 1888 infinitum
821 1856 855 1887 in
878 1865 1007 1897 genere.

342 1904 479 1944 Propter
485 1904 560 1939 hoc,
573 1903 687 1933 volens
699 1901 870 1932 ostendere
882 1901 1019 1932 Sanctus
1031 1902 1177 1933 Thomas
1190 1901 1362 1943 quomodo

286 1949 326 1979 sit
350 1949 439 1980 Deus
459 1947 605 1979 infinitus
629 1947 751 1987 absque
770 1945 1028 1986 imperfectione,
1043 1947 1110 1978 sive
1126 1947 1275 1987 negative
1290 1945 1363 1978 infi-

285 1994 383 2030 nitus,
407 1993 514 2033 inquit
537 1991 629 2033 quod
657 1992 768 2023 nullus
790 1996 839 2023 est
856 1991 1073 2033 perfectionis
1094 2001 1175 2023 suae
1194 1991 1361 2027 terminus,

285 2038 342 2069 sed
364 2043 412 2068 est
434 2047 557 2068 summe
576 2037 754 2079 perfectus,
771 2035 867 2067 idest:
892 2046 961 2067 non
985 2042 1034 2068 est
1051 2036 1187 2068 limitata
1216 2046 1275 2068 sua
1290 2045 1363 2078 per-

286 2083 384 2115 fectio
413 2083 453 2115 ad
476 2083 620 2124 aliquem
647 2080 858 2123 perfectionis
886 2080 1033 2122 gradum,
1065 2082 1110 2112 ita
1140 2081 1231 2124 quod
1262 2091 1363 2113 unam

285 2127 521 2169 perfectionem
544 2128 661 2159 habeat
684 2132 715 2158 et
739 2135 807 2157 non
831 2125 938 2163 aliam,
963 2125 1020 2157 sed
1036 2135 1171 2158 omnem
1189 2126 1363 2167 perfectio-

285 2173 362 2204 nein
378 2178 410 2204 et
425 2182 561 2204 omnem
573 2172 782 2214 perfectionis
796 2171 935 2202 modum
951 2172 985 2202 in
1001 2180 1037 2202 se
1051 2172 1148 2203 habet
1172 2172 1364 2203 eminenter.

342 2218 380 2250 11.
398 2218 568 2256 Quantum
580 2217 622 2250 ad
633 2216 813 2248 secundum
827 2217 854 2253 *‚
871 2217 1028 2257 probatur
1042 2215 1224 2248 conclusio.
1241 2217 1363 2248 Primo.

286 2263 377 2294 Deus
391 2272 461 2294 non
477 2268 526 2306 est
540 2263 574 2293 in
590 2271 719 2303 genere,
735 2261 792 2294 sed
808 2260 1026 2302 perfectiones
1041 2262 1192 2293 omnium
1207 2270 1366 2302 generum

287 2308 443 2344 continet.
467 2313 503 2338 ut
527 2307 675 2347 superius
703 2312 751 2339 est
779 2311 957 2339 ostensum.
981 2306 1069 2347 Ergo
1093 2312 1142 2338 est
1163 2305 1320 2340 infinitus.
1345 2323 1366 2330 —

286 2353 445 2384 Probatur
460 2353 704 2393 consequentia.
717 2351 803 2390 Quia
819 2360 918 2382 omne
931 2350 1060 2382 finitum
1075 2351 1258 2382 secundum
1273 2361 1366 2383 suam

286 2403 434 2430 naturam
458 2395 499 2427 ad
520 2397 647 2437 generis
671 2396 807 2434 alicuius
829 2396 989 2427 rationem
1012 2395 1253 2427 determinatur.

343 2442 484 2474 Adverte
502 2441 605 2482 quod,
618 2450 695 2472 cum
712 2440 972 2482 praedicamenta
991 2441 1154 2482 explicent
1167 2450 1283 2472 omnes
1294 2450 1367 2472 mo-

288 2487 349 2519 dos
371 2487 535 2528 generales
559 2486 686 2518 essendi
714 2486 797 2518 entis
826 2484 920 2523 finiti,
943 2485 1024 2518 nihil
1046 2491 1155 2527 potest
1177 2486 1296 2518 babere
1319 2483 1368 2518 1⁵0-ss

287 2533 412 2565 tionem
435 2532 518 2563 entis
540 2531 623 2564 finiti
645 2532 708 2563 nisi
730 2530 771 2563 ad
793 2530 927 2572 aliquod
949 2540 1054 2572 genus
1076 2530 1368 2572 praedIcamentale

288 2577 455 2619 pertineat.
469 2576 510 2607 Et
522 2582 693 2618 propterea
704 2576 812 2616 inquit
823 2575 961 2607 Sanctus
967 2575 1114 2608 Thomas
1125 2585 1225 2608 omne
1238 2575 1368 2609 finitum

288 2621 469 2653 secundum
494 2631 585 2652 suam
601 2627 749 2652 naturam
765 2620 806 2651 ad
820 2621 947 2661 generis
962 2620 1098 2652 alicuius
1114 2621 1274 2652 rationem
1295 2630 1367 2662 per-

288 2668 400 2703 tinere,
420 2666 496 2707 quia
513 2671 642 2707 oportet
665 2671 702 2697 ut
724 2666 784 2697 sub
808 2665 919 2709 aliquo
943 2675 1061 2706 genere
1084 2665 1368 2708 praedicamentali

289 2712 504 2744 contineatur.
745 2751 747 2753 ι

346 2755 506 2788 Secundo.
530 2754 620 2786 Deus
643 2760 692 2787 est
715 2761 806 2787 actus
828 2753 920 2788 nullo
943 2755 1046 2789 modo
1070 2755 1104 2787 in
1128 2755 1192 2788 alio
1213 2756 1367 2788 existens:

290 2811 366 2834 cum
385 2811 447 2833 nec
462 2802 503 2832 sit
526 2799 631 2832 forma
645 2801 680 2832 in
695 2799 839 2836 materia,
854 2809 916 2831 nec
933 2810 1002 2831 esse
1018 2809 1116 2831 suum
1131 2801 1227 2832 alicui
1243 2800 1369 2834 formae

289 2846 341 2878 vel
355 2852 489 2878 naturae
499 2845 674 2882 inhaereat,
686 2844 744 2876 sed
758 2845 799 2876 sit
814 2845 1001 2876 subsistens.
1017 2845 1105 2885 Ergo
1117 2851 1165 2876 est
1179 2845 1336 2877 infinitus.
1345 2864 1369 2869 —

289 2892 448 2923 Probatur
471 2891 716 2932 consequentia.
740 2890 827 2929 Quia
847 2895 938 2921 actus
952 2890 986 2921 in
1001 2890 1094 2922 nullo
1118 2891 1256 2922 existens
1274 2891 1368 2923 nuno

289 2936 391 2970 modo
403 2935 604 2974 terminatur,
622 2936 706 2967 sicut
721 2943 740 2966 e
752 2935 914 2967 contrario
930 2935 1038 2967 omnis
1053 2940 1143 2967 actus
1158 2935 1249 2968 alteri
1258 2936 1370 2968 inhae-

290 2991 364 3015 rens
387 2981 577 3014 terminatur
600 2990 639 3012 ex
662 2990 703 3011 eo
727 2980 760 3012 in
783 2989 852 3020 quo
876 2986 936 3012 est:
961 2980 1055 3017 sicut,
1077 2980 1107 3012 si
1127 2980 1246 3014 albedo
1263 2991 1320 3022 per
1335 2991 1370 3014 se

292 3027 450 3064 existeret,
473 3036 542 3057 non
573 3026 808 3062 terminaretur,
831 3025 888 3056 sed
917 3025 1049 3056 haberet
1078 3025 1235 3067 quicquid
1259 3032 1306 3058 est
1329 3025 1370 3058 de

292 3071 493 3113 perfectione
517 3070 683 3102 albedinis.

348 3117 400 3148 111.
426 3116 522 3148 Circa
544 3116 638 3147 istam
657 3114 928 3156 propositionem,
949 3114 1063 3146 Omnis
1085 3120 1178 3146 actus
1201 3116 1298 3147 alteri
1322 3116 1371 3148 ira-

293 3162 430 3193 haerens
453 3161 716 3192 terminationem
738 3159 853 3200 recipit
867 3168 909 3190 ex
924 3169 962 3190 eo
979 3160 1011 3190 in
1028 3169 1092 3201 quo
1116 3164 1172 3196 est,
1196 3159 1371 3192 dubitatur.

293 3207 388 3244 Nam,
405 3213 441 3237 ut
464 3207 568 3247 arguit
583 3206 711 3242 Scotus,
729 3204 740 3235 1
758 3204 856 3239 Sent„
874 3203 905 3235 d.
922 3214 954 3241 ιι,
979 3214 1010 3245 q.
1028 3215 1039 3235 1
1051 3206 1079 3240 ',
1104 3205 1210 3236 omnis
1232 3206 1371 3238 essentia

284 3252 386 3293 finita
402 3256 450 3283 est
461 3252 566 3293 finita
583 3251 615 3283 in
631 3260 668 3283 se
682 3255 718 3282 ut
727 3249 1011 3291 prumtelligitur
1026 3250 1116 3281 oanni
1131 3251 1373 3291 comparationi

294 3297 345 3329 sui
369 3296 412 3329 ad
427 3296 529 3328 aliam
550 3295 735 3329 essentiam.
760 3294 848 3335 Ergo
872 3303 968 3327 exeo
984 3295 1017 3326 in
1034 3303 1103 3335 quo
1122 3295 1287 3336 recipitur,
1304 3306 1373 3327 uon

295 3340 406 3375 finitur
429 3341 534 3374 forma
558 3347 590 3374 et
613 3340 778 3373 limitatur.

351 3385 503 3418 Similiter
532 3391 646 3419 contra
674 3385 763 3417 hune
793 3391 997 3424 processum,
1018 3384 1144 3416 Foru
1161 3384 1287 3426 finitur
1311 3395 1375 3426 per

297 3431 477 3466 materiam,
501 3430 596 3472 Ergo
610 3430 730 3472 soma
746 3438 831 3470 quae
846 3438 915 3461 non
929 3433 977 3462 est
993 3434 1071 3462 nara
1090 3438 1160 3462 esse
1174 3429 1207 3462 in
1225 3430 1374 3466 meria,

298 3479 345 3506 est
368 3475 505 3514 infinita,
526 3476 640 3516 arguit,
660 3475 778 3517 primo.
803 3474 880 3516 quia
899 3480 1092 3515 sequeretur
1115 3474 1208 3515 quod
1229 3474 1374 3515 angelus,

300 3520 356 3558 qui
379 3526 426 3552 est
449 3530 467 3550 a
490 3521 622 3553 materia
646 3526 678 3554 et
700 3519 888 3560 susceptivo
911 3524 1086 3560 aepuatus,
1109 3524 1193 3551 esset
1218 3518 1375 3552 infinitus.

355 3562 518 3602 Secundo,
542 3565 618 3606 quia
640 3565 856 3597 committitur
878 3563 1005 3597 fallacia
1025 3564 1261 3606 consequentis.
1285 3563 1377 3597 Sicut

301 3608 389 3639 euim
411 3618 478 3640 non
502 3610 595 3646 valet,
610 3615 647 3641 ut
661 3610 797 3643 habetur
812 3619 850 3641 ex
867 3609 910 3642 Ill
925 3609 1054 3651 Hyrie.
1067 3610 1096 3646 θ,
1114 3608 1243 3650 Corpus
1251 3609 1378 3651 finitur

301 3651 344 3685 aa
366 3661 494 3693 corpus,
519 3653 622 3695 Ergo,
646 3654 675 3686 si
699 3664 764 3687 non
788 3659 836 3687 est
853 3654 990 3696 finan-⁸
1014 3654 1058 3686 ed
1080 3663 1209 3695 cerpus.
1233 3659 1282 3687 est
1303 3653 1376 3696 iufi—

867 251 1057 290 SUMMA
1085 248 1309 287 CONTRA
1338 246 1616 307 GENTILES,
1646 246 1758 284 CAP.
1779 246 1908 283 XLIII.

1415 325 1528 360 nilum,
1545 333 1623 355 uam
1635 329 1715 355 tunc
1730 324 1883 356 ultimum
1907 324 2034 356 caelum
2058 328 2141 354 esset
2163 321 2343 359 infinitum;
2366 322 2412 352 ita
2426 332 2494 354 non

1415 369 1509 405 valet,
1532 368 1656 399 Forma
1668 369 1794 409 finitur
1810 379 1875 410 per
1896 368 2078 404 materiam,
2094 367 2201 408 Ergo,
2220 367 2250 398 si
2273 372 2321 398 est
2341 372 2495 408 separata

1416 424 1436 445 a
1460 414 1609 449 materia,
1634 418 1683 444 est
1705 413 1844 455 infinita.

1473 468 1503 489 2.
1527 457 1580 489 Ad
1602 458 1700 489 huius
1731 457 1926 489 evidentiam
1954 456 2227 489 considerandum
2257 456 2364 496 primo
2393 455 2494 498 quod,

1417 513 1493 535 cum
1509 502 1577 534 duo
1593 504 1757 543 possimus
1779 504 1813 534 in
1835 503 1942 534 forma
1964 501 2178 538 considerare,
2203 501 2326 532 scilicet
2348 507 2496 532 naturam

1417 545 1614 590 specificam,
1621 553 1654 578 et
1665 557 1734 578 esse
1745 547 1792 580 illi
1804 554 1937 580 naturae
1949 546 2107 584 debitum,
2118 556 2196 579 cum
2207 546 2345 577 dicimus
2357 546 2497 578 formam

1417 593 1545 624 limitari
1561 602 1620 633 per
1634 593 1815 629 materiam,
1829 602 1900 624 non
1913 593 2124 634 intelligimus
2147 592 2187 623 de
2210 591 2317 622 forma
2337 588 2497 632 quantum

1417 638 1458 670 ad
1481 638 1551 668 eius
1574 638 1748 668 essentiam
1770 636 1972 678 specificam:
2002 648 2061 679 per
2089 647 2183 668 suam
2213 637 2301 669 euim
2330 637 2497 677 propriam

1417 682 1631 714 differentiam
1644 687 1692 712 est
1703 680 1744 712 ad
1759 681 1843 712 hanc
1856 683 1999 723 speciem
2016 689 2048 714 et
2063 682 2104 714 ad
2119 683 2208 714 hunc
2219 681 2355 722 gradum
2372 682 2498 712 entium

1417 728 1563 764 limitata,
1575 736 1643 758 non
1657 731 1767 757 autem
1779 735 1838 766 per
1848 727 2026 758 materiam.
2039 727 2103 759 Sed
2113 726 2325 768 intelligimus
2340 725 2380 757 de
2393 725 2499 761 forma

1418 778 1577 814 quantum
1601 771 1736 802 adeius
1759 770 1887 802 essendi
1908 771 2058 802 modum.

1473 817 1651 850 Sciendum
1667 816 1825 853 secundo,
1842 815 1935 856 quod
1948 814 2055 847 forma
2068 815 2104 846 in
2119 816 2182 847 alio
2197 816 2405 857 receptibilis,
2415 817 2499 848 sicut

1418 868 1466 894 est
1488 862 1530 894 ad
1553 862 1804 894 determinatum
1826 859 1962 902 gradum
1986 862 2113 892 entium
2135 866 2168 891 et
2189 860 2232 892 ad
2253 860 2499 893 determinatam

1417 908 1561 949 speciem
1589 907 1734 943 limitata,
1758 907 1802 938 ita
1828 905 1926 938 habet
1956 915 2026 937 esse
2055 904 2306 937 determinatum
2327 907 2363 939 in
2385 913 2499 938 natura

1418 952 1545 984 essendi
1568 952 1771 994 simpliciter:
1795 961 1872 982 nam
1895 951 1940 981 ita
1963 949 2098 992 aliquod
2115 959 2184 981 esse
2199 949 2336 982 debetur
2358 951 2500 983 albedini

1417 999 1613 1039 inquantum
1629 996 1758 1034 albedo,
1775 995 1867 1037 quod
1883 994 1971 1027 aliud
1986 996 2047 1026 sibi
2062 1005 2132 1026 non
2148 994 2293 1029 debetur,
2309 994 2375 1027 Sed
2389 1002 2499 1028 tamen

1417 1044 1527 1084 ipsum
1537 1052 1606 1074 esse
1617 1049 1751 1074 naturae
1759 1041 1816 1073 tali
1825 1040 1973 1073 debitum
1981 1040 2187 1071 latitudinem
2197 1039 2363 1081 quandam
2373 1041 2500 1073 essendi

1417 1089 1523 1125 habet,
1535 1087 1719 1119 secundum
1731 1085 1823 1128 quod
1833 1087 2056 1127 susceptivum
2071 1085 2196 1117 formae
2208 1085 2426 1118 diversimode
2436 1086 2501 1118 dis-

1417 1134 1498 1175 poni
1520 1138 1637 1174 potest,
1654 1138 1686 1164 et
1701 1133 1771 1173 ipsa
1793 1137 1901 1173 potest
1922 1131 1958 1163 in
1981 1130 2113 1163 diversis
2131 1130 2242 1171 recipi.
2267 1129 2364 1163 Unde
2384 1141 2500 1164 secuu-

1418 1178 1498 1211 dum
1513 1179 1578 1210 hoc
1598 1187 1667 1209 esse
1691 1177 1819 1209 limitari
1841 1181 1964 1217 potest:
1989 1181 2026 1207 ut
2039 1175 2163 1207 scilicet
2177 1184 2247 1206 non
2261 1175 2378 1208 habeat
2391 1181 2501 1209 totum

1419 1230 1450 1256 et
1473 1222 1656 1266 perfectum
1679 1232 1749 1253 esse
1772 1231 1850 1253 suae
1873 1226 2006 1252 naturae
2030 1219 2187 1257 debitum,
2211 1219 2269 1251 sed
2293 1226 2421 1253 tantum
2444 1221 2502 1253 ali-

1418 1277 1518 1310 quem
1531 1269 1601 1300 eius
1611 1267 1749 1310 gradum
1760 1266 1964 1298 numeralem
1979 1265 2105 1297 habeat.
2118 1265 2291 1296 Limitatur
2302 1274 2380 1307 ergo
2395 1265 2502 1298 forma

1418 1323 1476 1356 per
1500 1313 1684 1354 materiam:
1705 1313 1794 1354 quia,
1815 1321 1892 1344 cum
1914 1309 2182 1351 unumquodque
2204 1310 2380 1351 recipiatur
2398 1311 2434 1342 in
2455 1310 2502 1343 al·-
2559 1347 2562 1350 Δ

1418 1366 1490 1391 tero
1505 1369 1563 1401 per
1578 1358 1718 1390 modum
1732 1357 1928 1398 recipientis,
1944 1356 2038 1392 idest,
2054 1354 2238 1387 secundum
2252 1355 2348 1387 illum
2361 1355 2502 1388 modum

1419 1404 1601 1437 secundum
1629 1413 1730 1444 quem
1757 1402 1980 1444 susceptivum
2010 1406 2125 1432 natum
2154 1405 2204 1432 est
2232 1400 2314 1432 iilud
2345 1402 2501 1442 recipere,

1419 1455 1551 1492 oportet
1573 1455 1611 1480 ut
1634 1448 1739 1480 forma
1761 1453 1892 1488 recepta
1914 1447 1950 1478 in
1972 1446 2036 1478 alio
2060 1446 2216 1478 limitetur
2242 1445 2427 1479 secundum
2449 1456 2503 1479 ca-

1418 1496 1592 1537 pacitatem
1608 1493 1793 1535 susceptivi,
1810 1492 1902 1529 idest,
1919 1497 1956 1524 ut
1970 1501 2041 1523 non
2056 1491 2173 1522 habeat
2188 1500 2258 1522 esse
2273 1491 2334 1524 sibi
2355 1488 2502 1524 debitum

1419 1551 1460 1572 eo
1476 1539 1623 1582 perfecto
1635 1538 1738 1570 modo
1753 1547 1822 1579 quo
1838 1542 1951 1579 posset
1965 1536 2095 1573 habere,
2108 1536 2165 1568 sed
2179 1541 2307 1568 tantum
2319 1535 2503 1570 secundum

1419 1586 1594 1626 susceptivi
1617 1583 1866 1625 dispositionem
1882 1587 1915 1614 et
1929 1582 2151 1623 capacitatem.
2175 1579 2283 1613 Sedsi
2297 1580 2404 1613 forma
2419 1587 2503 1614 esset

1419 1632 1459 1663 ab
1483 1631 1575 1662 omni
1598 1630 1784 1671 susceptivo
1806 1633 1963 1669 separata,
1986 1627 2111 1658 nullam
2133 1627 2362 1658 limitationem
2381 1627 2417 1659 in
2431 1636 2504 1659 esse

1419 1677 1481 1708 sibi
1495 1675 1605 1707 debito
1622 1675 1764 1711 haberet,
1777 1672 1836 1705 sed
1850 1673 1983 1704 haberet
1998 1682 2068 1705 esse
2078 1671 2316 1713 perfectissimo
2332 1672 2437 1704 modo
2452 1682 2503 1705 se-

1419 1720 1566 1754 cundum
1577 1725 1711 1752 naturae
1726 1728 1805 1750 suae
1821 1717 2059 1755 conditionem,
2071 1727 2140 1749 non
2154 1717 2292 1750 limitata
2302 1717 2343 1749 ad
2358 1717 2503 1760 aliquem

1419 1766 1555 1808 gradum
1579 1764 1706 1798 essendi
1729 1764 1813 1796 intra
1836 1772 1929 1795 suam
1953 1762 2168 1800 latitudinem,
2192 1761 2250 1795 sed
2272 1768 2380 1795 totum
2404 1772 2504 1796 suum

1419 1821 1489 1843 esse
1509 1811 1642 1847 habens,
1659 1810 1750 1841 unite
1766 1813 1799 1840 et
1819 1807 2095 1850 perfectionaliter
2117 1816 2234 1838 omnes
2255 1807 2374 1848 gradus
2397 1808 2502 1840 conti·

1418 1865 1501 1888 nens
1530 1854 1712 1887 secundum
1737 1862 1821 1895 quos
1843 1853 1878 1884 in
1901 1861 1963 1884 suo
1986 1852 2174 1893 susceptivo
2198 1861 2268 1884 esse
2290 1858 2412 1893 posset.

1475 1902 1523 1932 Ex
1546 1909 1616 1942 quo
1640 1899 1788 1941 sequitur
1810 1897 1912 1939 quod,
1929 1898 1956 1928 ui
1971 1903 2086 1929 natura
2099 1897 2172 1938 ipsa
2185 1897 2368 1929 secundum
2382 1899 2418 1929 a‘e
2431 1906 2505 1939 gru-

1419 1946 1499 1977 dum
1523 1946 1667 1986 aliquem
1691 1945 1816 1976 entium
1840 1942 2091 1974 determinatum
2114 1951 2184 1973 non
2207 1942 2297 1979 dicit,
2312 1943 2339 1974 si
2354 1943 2395 1974 ab
2411 1943 2506 1978 oanni

1419 1991 1605 2031 susceptivo
1629 1990 1669 2021 sit
1691 1994 1847 2031 separata,
1872 1988 1932 2019 erit
1955 1987 2144 2028 simpliciter
2166 1986 2294 2020 infinita
2319 1986 2503 2021 secundum

1418 2035 1655 2078 perfectionem
1672 2033 1809 2071 essendi.
1824 2038 1980 2074 tanquam
1996 2032 2088 2064 nullo
2109 2031 2212 2064 modo
2234 2032 2385 2065 limitata:
2409 2033 2505 2071 sicut,

1419 2082 1497 2124 quia
1520 2089 1588 2112 esse
1610 2077 1794 2111 secundum
1817 2087 1851 2108 se
1874 2087 1943 2109 non
1973 2076 2051 2110 dicit
2081 2076 2226 2119 aliquem
2252 2076 2505 2112 determinatum

1419 2125 1556 2168 gradum
1579 2123 1717 2161 essendi,
1733 2122 1791 2155 sed
1813 2121 1998 2154 indistincte
2021 2131 2156 2154 ornnem
2180 2122 2307 2154 essendi
2329 2121 2505 2164 perfectio-

1420 2181 1497 2203 nem
1519 2169 1667 2206 includit‚
1691 2170 1718 2200 si
1741 2169 1782 2200 sit
1804 2177 1864 2209 per
1885 2177 1921 2199 se
1942 2168 2131 2204 subsistens,
2147 2168 2208 2199 erit
2226 2168 2416 2209 simplicitet
2430 2164 2504 2200 infi-

1419 2218 1537 2253 nitum,
1553 2221 1669 2256 utpote
1691 2213 1732 2246 ad
1754 2213 1884 2247 nullum
1899 2213 2088 2254 simpliciter
2103 2212 2233 2245 essendi
2245 2213 2384 2254 gradum
2398 2213 2504 2246 deta·-

1421 2263 1591 2294 minatum.
1609 2259 1644 2292 Si
1659 2265 1773 2292 autem·
1784 2264 1900 2290 natura
1913 2258 1985 2300 ipsa
1996 2257 2082 2290 dicat
2096 2257 2241 2299 aliquem
2251 2257 2504 2292 determinemus

1421 2306 1557 2348 gradum
1581 2305 1716 2342 entium,
1736 2309 1881 2345 separata
1895 2303 1935 2335 ab
1951 2303 2043 2335 omni
2066 2301 2252 2344 susceptivo
2266 2313 2336 2336 nou
2352 2303 2503 2338 erit-sim-

1421 2351 1548 2394 pliciter
1570 2349 1706 2386 infinita,
1731 2357 1808 2380 cum
1835 2348 1897 2379 sibi
1926 2347 2070 2390 aliquem
2093 2346 2343 2380 determinatum
2365 2347 2503 2390 gradum

1422 2396 1547 2428 entium
1563 2400 1681 2426 statuat
1695 2403 1735 2426 ex
1750 2403 1808 2424 sua
1823 2393 1948 2424 ratione
1965 2399 1997 2424 et
2011 2391 2206 2434 quidditate:
2230 2393 2291 2425 sed
2303 2393 2364 2424 erit
2377 2392 2504 2425 infinita

1422 2441 1605 2474 secuudum
1628 2438 1718 2481 quid,
1741 2438 1834 2475 idest,
1857 2438 1892 2469 in
1919 2447 1982 2470 suo
2011 2446 2132 2479 genere
2154 2438 2222 2469 sive
2244 2438 2279 2469 in
2301 2447 2361 2470 sua
2382 2438 2504 2480 specie,

1421 2487 1619 2528 inquantum
1642 2493 1778 2516 omnem
1799 2482 2036 2524 perfectione-
2059 2482 2187 2515 essendi
2209 2482 2353 2515 debitam
2369 2490 2507 2518 numae

1422 2541 1501 2564 suae
1523 2531 1630 2562 habet.
1653 2529 1720 2562 Sed
1742 2527 1950 2569 decipiuntur
1964 2528 2023 2569 qui
2037 2527 2196 2559 Sanctum
2211 2527 2376 2560 Th0mam

1422 2582 1533 2618 guant,
1549 2575 1628 2616 quia
1641 2573 1835 2607 infinitatem
1851 2572 1976 2606 formae
1992 2573 2157 2615 accipiunt
2172 2571 2214 2604 ad
2227 2573 2368 2605 modum
2386 2572 2507 2614 infiniti

1423 2620 1595 2653 materialis
1619 2626 1651 2650 et
1674 2618 1878 2660 quantitativi
1909 2623 1941 2649 et
1971 2618 2119 2649 habentis
2147 2627 2186 2648 ex
2213 2617 2286 2659 ipso
2310 2617 2376 2650 fine
2399 2618 2506 2661 perfe-

1423 2667 1582 2698 ctionem:
1600 2674 1677 2696 cum
1693 2670 1802 2695 tamen
1818 2672 1886 2694 non
1903 2663 1965 2694 alia
1979 2663 2106 2694 ratione
2121 2662 2247 2694 dicatm·
2258 2662 2364 2695 forma
2378 2662 2506 2696 infinita

1423 2707 2154 2798 332¹.3”32.¹;2203?23fflb?20ffit¹523
2161 2707 2507 2794 ffssifflffiabeaim

1480 2798 1767 2834 Considerandum
1781 2798 1917 2830 ulterius
1928 2797 2031 2839 quod,
2043 2807 2122 2831 cum
2137 2798 2277 2831 dicimus
2291 2797 2432 2831 formam
2446 2808 2507 2841 per

1423 2846 1646 2888 susceptivum
1669 2844 1810 2881 limitari,
1833 2852 1903 2875 non
1925 2843 2137 2884 intelligimus
2159 2843 2225 2875 hoc
2253 2844 2346 2885 quasi
2371 2843 2507 2876 materia

1423 2891 1547 2933 aliquid
1560 2891 1596 2922 in
1611 2889 1717 2922 forma
1731 2898 1791 2931 per
1805 2888 1944 2920 modum
1967 2887 2136 2920 efficientis
2158 2888 2332 2933 producat:
2356 2888 2414 2921 sed
2429 2889 2507 2932 quia

1423 2934 1540 2974 forma,
1565 2945 1604 2967 ex
1626 2935 1692 2966 hoc
1715 2932 1807 2976 quod
1828 2933 1864 2966 iu
1885 2933 2072 2976 susceptivo
2093 2933 2260 2975 recipitur,
2282 2933 2402 2976 accipit
2420 2932 2507 2971 limi-

1423 2982 1584 3014 tationem
1600 2978 1784 3012 secuudum
1797 2978 1975 3020 susceptivi
1989 2978 2195 3019 exigentiam.
2218 2978 2322 3018 Quod
2333 2984 2384 3010 est
2397 2987 2508 3011 since-

1424 3027 1551 3069 ptivum
1568 3025 1706 3057 limitare
1720 3023 1861 3056 formam
1876 3032 1935 3065 per
1948 3023 2088 3055 mudum
2101 3032 2220 3056 causae
2237 3023 2421 3060 materialis,
2436 3031 2506 3055 nou

1425 3077 1535 3103 autem
1558 3079 1617 3112 per
1639 3068 1778 3101 modum
1801 3067 1980 3100 efficientis.

1483 3116 1513 3150 3.
1538 3115 1608 3146 Istis
1623 3114 1812 3157 suppositis,
1829 3113 1947 3144 dicitur
1961 3112 2002 3144 ad
2017 3113 2161 3154 primum
2177 3112 2277 3149 Secti,
2294 3111 2386 3154 quod
2401 3110 2507 3143 forma

1426 3159 1720 3192 finita‘sectmdum
1735 3168 1770 3190 se
1786 3163 1819 3190 et
1833 3167 1902 3189 non
1918 3167 1976 3199 per
1991 3163 2176 3199 respectum
2191 3156 2232 3189 ad
2250 3156 2338 3189 aliud
2353 3161 2401 3188 est
2415 3155 2507 3188 finita

1427 3205 1605 3237 formaliter
1620 3210 1653 3235 et
1667 3203 1888 3240 essentialiter,
1905 3208 2060 3244 tanquam
2079 3202 2120 3234 ad
2139 3202 2282 3243 aliquem
2296 3201 2433 3243 gradum
2449 3211 2507 3232 en-

1427 3252 1511 3284 tium
1532 3249 1758 3283 determinata:
1783 3258 1853 3281 non
1875 3254 1925 3281 est
1951 3254 2063 3280 tamn
2082 3246 2290 3280 materialiter
2311 3245 2412 3283 finita.
2436 3252 2507 3278 tan-

1428 3305 1528 3337 quam
1544 3294 1585 3327 ad
1599 3294 1743 3335 aliquem
1757 3293 1896 3335 gradum
1910 3292 2038 3326 essendi
2053 3290 2354 3324 intramis-:clinem
2370 3291 2422 3323 sui
2437 3299 2507 3322 esse

1428 3341 1574 3376 limitata.
1588 3340 1653 3371 nisi
1671 3348 1712 3371 ex
1734 3339 1868 3371 maneria
1886 3338 1924 3370 in
1941 3346 2007 3379 qua
2029 3337 2193 3378 recipitur.
2209 3335 2260 3368 De
2276 3345 2343 3377 qua
2356 3335 2507 3368 finitione

1428 3386 1576 3426 loquitur
1598 3384 1736 3417 sumtus
1759 3383 1917 3418 Thomu.

1484 3429 1537 3462 Ad
1559 3428 1742 3462 secundum
1763 3428 1883 3461 &dtur
1904 3425 1999 3469 quod
2018 3425 2219 3467 aufldmest
2241 3424 2508 3466 infmitusinge-

1429 3484 1507 3508 uere
1537 3480 1571 3506 et
1599 3473 1782 3507 secundum
1812 3471 2075 3514 qmssutpatet
2104 3480 2144 3502 ex
2172 3470 2507 3503 &amnemamnem

1429 3519 1629 3597 &implicitun
1641 3519 1721 3560 quia
1732 3527 1775 3551 ex
1788 3517 1922 3560 propria
1935 3516 2062 3592 ωηο-ξω
2072 3514 2151 3547 <ficit
2165 3520 2316 3548 nanmm
2330 3515 2364 3548 in
2378 3515 2509 3548 entibus

1453 3569 1681 3597 etermnamm
1861 3561 1968 3594 haben
2038 3583 2047 3592 .

1485 3608 1539 3642 Ad
1560 3609 1694 3641 tertium
1715 3606 1833 3640 dre-r
1853 3605 1946 3647 quod
1969 3614 2039 3637 me
2061 3605 2232 3638 inhaerens
2247 3610 2364 3637 etesse
2377 3602 2507 3636 finitum

1431 3658 1679 3686 convertuntur:
1703 3650 1849 3684 similite
1872 3659 1943 3683 ease
1971 3655 2155 3691 separatum
2178 3655 2211 3682 et
2232 3658 2302 3681 esse
2331 3647 2508 3682 “urbium-
