2768 4134
809 274 997 311 SUMMA
1027 274 1249 313 CONTRA
1277 275 1552 322 GENTILES,
1581 277 1675 313 LlB.
1697 277 1738 323 ΙΙ,
1768 277 1879 314 CAP.
1900 277 1945 313 L.

278 352 420 392 telligere
444 361 512 382 non
529 352 636 383 solum
660 358 707 383 est
725 354 878 390 hominis,
895 354 950 384 sed
967 355 1062 384 etiam
1087 355 1186 395 ipsius
1210 355 1346 385 formae:

277 397 392 433 immo,
416 402 452 427 ut
476 396 593 427 dicitur
621 397 661 427 de
685 397 915 438 Spiritualibus
940 399 1121 436 Creaturis‚
1145 410 1172 430 a.
1199 409 1228 436 2,
1253 399 1293 430 ad
1318 409 1348 435 2,

278 441 399 471 dicitur
421 442 517 471 homo
534 441 728 482 intelligere,
746 442 937 483 inquantum
961 444 1082 480 anima,
1106 453 1189 484 quae
1211 449 1259 474 est
1281 443 1350 474 eius

272 495 356 526 pars
370 486 543 527 formalis,
576 486 670 516 habet
699 487 784 517 hanc
809 488 1029 527 operationem
1054 489 1238 528 propriam,
1266 488 1351 518 sicut

280 530 428 570 operatio
445 530 616 561 cuiuslibet
632 531 741 571 partis
760 532 950 563 attribuitur
973 533 1041 563 toti.
1068 533 1100 564 Si
1124 538 1233 563 autem
1256 532 1349 562 intel-

278 575 416 605 lectuale
439 584 520 615 pure
544 580 576 605 et
598 575 738 606 totaliter
762 582 844 606 esset
867 578 1087 617 compositum
1109 587 1147 607 ex
1170 577 1303 607 materia
1320 581 1350 606 et

279 618 394 655 forma,
410 619 519 659 ipsum
535 619 642 650 solum
663 621 883 660 compositum
908 628 990 652 esset
1014 622 1202 652 subsistens:
1228 626 1259 651 et
1274 630 1350 661 pro-

278 669 350 704 pter
372 664 437 694 hoc
460 664 562 694 solius
586 665 760 705 compositi
785 671 867 696 esset
894 666 1083 706 intelligere,
1107 671 1144 696 ut
1166 666 1247 696 ratio
1271 674 1351 695 con·

280 707 439 738 eludebat.
471 708 519 738 Ex
549 708 586 738 iis
617 715 705 749 patet
734 710 955 741 obiectionem
983 710 1156 741 adductam
1185 719 1253 740 non
1282 718 1351 739 esse

280 758 392 783 contra
408 753 624 783 intentionem
641 753 750 784 Sancti
762 754 922 792 Thomae,
942 760 974 786 et
989 756 1093 796 ipsam
1109 755 1268 785 rationem
1284 752 1351 784 effi-

279 806 391 827 cacem
415 806 494 828 esse.

334 851 367 881 4.
383 841 435 871 Ad
451 841 633 873 secundum
649 841 824 874 dicendum
841 843 932 884 quod
948 843 1033 873 actio
1049 843 1239 873 terminatur
1254 840 1294 872 ad
1310 841 1352 871 si-

278 885 356 916 mile
373 887 479 926 agenti
496 892 551 917 aut
566 887 748 921 secundum
764 893 922 924 naturam,
939 893 995 918 aut
1010 886 1191 918 secundum
1212 885 1352 915 formam

278 930 519 971 superadditam
544 931 726 962 secundum
750 942 849 973 quam
873 933 947 972 agit.
975 931 1008 962 Si
1035 937 1145 962 autem
1167 928 1352 960 intellectus

278 984 348 1006 non
371 975 411 1006 sit
428 985 467 1006 ex
489 976 622 1006 materia
639 982 670 1006 et
693 976 799 1007 forma
815 976 1027 1017 compositus,
1043 976 1078 1006 in
1093 976 1166 1016 ipso
1191 983 1260 1005 esse
1275 982 1352 1014 pos-

280 1025 355 1050 sunt
378 1020 604 1051 similitudines
619 1030 728 1051 rerum
742 1020 993 1052 immaterialiter
1016 1029 1053 1050 ac
1069 1018 1299 1054 universaliter,
1321 1024 1352 1048 et

278 1073 348 1094 non
371 1070 498 1095 tantum
521 1064 654 1102 formae,
676 1064 732 1096 sed
756 1066 853 1096 etiam
877 1064 1042 1096 materiae:
1067 1064 1134 1094 sive
1158 1063 1199 1093 sit
1220 1062 1352 1103 propria

278 1109 457 1140 similitudo
480 1110 643 1146 materiae,
667 1110 734 1140 sive
762 1110 802 1140 sit
825 1108 940 1140 eadem
967 1114 999 1139 et
1022 1108 1197 1148 compositi
1226 1112 1258 1138 et
1284 1116 1352 1138 ma-

279 1154 386 1184 teriae.
404 1154 446 1184 Et
469 1164 545 1184 cum
568 1163 626 1194 per
648 1154 728 1184 tales
752 1153 978 1184 similitudines
1001 1153 1166 1193 intelligat,
1190 1151 1265 1182 ideo
1282 1161 1352 1182 non

278 1203 406 1229 tantum
422 1197 571 1235 formam,
585 1197 642 1229 sed
658 1199 755 1228 etiam
770 1199 937 1228 materiam
952 1198 1129 1238 intelligere
1143 1196 1274 1237 poterit.
1289 1195 1352 1226 Sed

279 1243 306 1272 si
330 1248 413 1273 esset
436 1252 474 1273 ex
497 1243 630 1273 materia
653 1247 685 1273 et
708 1242 813 1273 forma
836 1242 1049 1283 compositus,
1072 1251 1141 1272 non
1161 1247 1268 1282 ageret
1291 1241 1353 1271 nisi

279 1292 335 1318 aut
357 1296 416 1327 per
438 1296 530 1317 suam
554 1287 719 1328 propriam
742 1292 904 1323 naturam;
929 1291 984 1317 aut
1009 1296 1067 1327 per
1093 1286 1214 1317 formas
1236 1284 1352 1316 indivi-

279 1330 416 1363 dualiter
437 1337 584 1372 receptas
607 1337 639 1362 et
661 1331 877 1368 materialiter,
895 1341 978 1371 quae
998 1331 1106 1361 solum
1130 1331 1352 1371 compositum

278 1376 484 1406 materialiter
506 1381 793 1416 repraesentarent,
809 1385 878 1406 non
897 1381 1006 1406 autem
1023 1374 1236 1415 quidditatem
1250 1380 1352 1405 mate-

277 1421 344 1451 riae
367 1426 423 1451 aut
445 1419 570 1451 formae
593 1420 752 1451 distincte.
777 1419 855 1451 Ideo
878 1419 986 1451 solum
1010 1420 1232 1460 compositum
1255 1419 1350 1450 intel-

277 1464 400 1505 ligeret,
424 1474 494 1495 non
516 1470 627 1495 autem
653 1465 820 1495 materiam
847 1470 879 1496 et
907 1464 1056 1495 formam.
1087 1464 1182 1495 Ratio
1207 1473 1284 1504 ergo
1309 1473 1348 1494 ex

278 1508 332 1539 illa
354 1509 582 1550 propositione
609 1509 790 1549 procedens
820 1509 904 1540 bene
935 1508 1102 1539 concludit
1125 1508 1216 1549 quod
1245 1507 1353 1539 solum

278 1554 500 1593 compositum
514 1553 711 1593 intelligetur
730 1554 757 1583 si
778 1558 920 1594 ponatur
935 1553 1112 1583 substantia
1127 1553 1354 1583 intellectualis

278 1605 318 1628 ex
344 1598 478 1628 materia
508 1603 540 1628 et
570 1596 676 1628 forma
704 1598 901 1638 composita:
925 1607 994 1628 non
1023 1602 1132 1628 autem
1162 1597 1188 1627 si
1211 1602 1353 1637 ponatur

277 1640 384 1673 forma
406 1641 544 1682 simplex
567 1646 600 1672 et
622 1641 852 1672 immaterialis.

334 1685 386 1716 111.
406 1686 545 1723 Quarto.
565 1685 705 1717 Formae
727 1695 836 1717 rerum
859 1686 1061 1716 sensibilium
1084 1685 1259 1726 perfectius
1283 1695 1352 1716 esse

276 1730 397 1761 habent
420 1732 454 1761 in
477 1730 644 1761 intellectu
669 1740 768 1771 quam
791 1731 824 1761 in
849 1731 945 1761 rebus
969 1730 1182 1761 sensibilibus.
1207 1730 1306 1771 Ergo,
1325 1731 1351 1760 si

277 1775 459 1806 intellectus
489 1776 529 1806 sit
558 1785 596 1805 ex
626 1777 760 1806 materia
787 1782 819 1806 et
849 1774 954 1806 forma
986 1775 1199 1815 compositus,
1228 1774 1352 1806 formae

275 1828 386 1850 rerum
408 1819 645 1851 intellectarum
668 1819 787 1850 facient
810 1819 1012 1850 intellectum
1032 1829 1100 1850 esse
1124 1819 1195 1850 talis
1218 1826 1351 1850 naturae

277 1864 382 1905 qualis
405 1870 452 1895 est
475 1863 567 1905 quod
589 1865 787 1905 intelligitur.
803 1865 891 1905 Ergo
908 1865 1055 1905 sequitur
1073 1873 1162 1894 error
1184 1864 1350 1904 Empedo-

277 1908 347 1940 clis:
372 1908 465 1950 quod
486 1909 609 1940 scilicet
631 1909 742 1950 ignem
758 1909 836 1950 igne
851 1909 1023 1950 cognoscit
1037 1909 1160 1944 anima,
1178 1913 1210 1938 et
1227 1914 1350 1939 terram

276 1958 378 1989 terra,
403 1959 435 1984 et
457 1954 503 1984 sic
526 1952 566 1984 de
590 1953 669 1984 aliis.
685 1971 708 1976 -
723 1954 882 1984 Probatur
905 1953 1110 1984 antecedens,
1135 1952 1221 1991 Quia
1244 1954 1278 1983 in
1301 1954 1350 1983 in-

276 1997 408 2029 tellectu
436 2003 511 2028 sunt
534 1998 748 2038 simpliciores
775 2003 807 2028 et
836 1997 876 2028 ad
903 1998 997 2038 plura
1025 2007 1059 2028 se
1087 1997 1304 2028 extendentes.
1322 2002 1350 2020 '—

275 2042 435 2073 Probatur
458 2043 555 2073 etiam
578 2043 682 2083 prima
705 2043 949 2083 consequentia.
972 2042 1059 2081 Quia
1081 2041 1186 2072 forma
1208 2041 1351 2082 perfecte

275 2087 310 2118 in
333 2088 467 2118 materia
483 2087 620 2118 existens
636 2086 712 2118 facit
735 2096 804 2117 esse
828 2092 902 2117 actu
918 2087 991 2123 tale,
1016 2086 1138 2117 scilicet
1161 2087 1271 2127 ignem
1295 2092 1351 2117 aut

277 2131 470 2168 coloratum,
494 2137 570 2162 etc.:
595 2141 663 2162 non
687 2137 795 2162 autem
820 2132 846 2162 si
869 2137 917 2162 est
938 2132 970 2162 in
995 2132 1065 2172 ipsa
1087 2130 1286 2171 imperfecte.

331 2176 577 2207 Advertendum
600 2177 684 2206 circa
710 2177 937 2216 probationem
968 2176 1232 2216 consequentiae,
1260 2175 1350 2215 quod

276 2221 384 2251 omnis
400 2220 504 2251 forma
519 2221 554 2251 in
570 2221 703 2251 materia
718 2226 847 2261 recepta
863 2219 916 2251 dat
932 2220 1067 2261 quidem
1083 2229 1152 2250 esse
1172 2225 1256 2256 actu,
1274 2229 1350 2250 cum

276 2265 448 2296 cuiuslibet
474 2264 598 2296 formae
622 2266 662 2296 sit
685 2264 760 2296 dare
784 2275 867 2296 esse:
893 2265 949 2296 sed
972 2274 1085 2295 verum
1109 2270 1156 2295 est
1180 2265 1271 2305 quod
1295 2264 1350 2295 ali-

276 2309 409 2350 quando
434 2319 503 2340 esse
527 2309 618 2350 quod
641 2309 695 2340 dat
718 2309 815 2340 alicui
838 2310 1000 2346 materiae,
1024 2319 1093 2340 non
1117 2314 1164 2339 est
1187 2308 1349 2339 sufficiens

274 2359 312 2386 ut
335 2364 385 2385 res
401 2354 504 2395 possit
520 2354 723 2385 denominari
739 2354 887 2385 absolute
902 2354 973 2385 talis
996 2359 1129 2384 naturae
1145 2353 1248 2394 qualis
1268 2353 1351 2384 solet

275 2397 340 2430 dici
361 2398 453 2440 quod
473 2398 571 2430 talem
587 2398 728 2430 formam
750 2399 863 2436 habet;
881 2398 1056 2439 aliquando
1080 2404 1190 2429 autem
1213 2403 1260 2429 est
1283 2397 1350 2428 suf-

274 2442 387 2474 ficiens
403 2449 439 2474 ut
454 2452 504 2474 res
520 2443 750 2474 denominetur
765 2443 847 2474 talis.
864 2443 1006 2482 Quando
1024 2443 1111 2474 enim
1127 2442 1231 2473 forma
1254 2443 1350 2473 habet

275 2497 345 2518 esse
369 2487 568 2519 diminutum
597 2493 628 2518 et
657 2487 886 2529 imperfectum
915 2489 949 2518 in
975 2488 1118 2524 materia,
1150 2497 1219 2518 non
1249 2486 1350 2518 deno-

275 2533 378 2563 minat
392 2533 515 2563 habens
530 2532 620 2563 illam
635 2531 776 2563 formam
791 2532 861 2564 talis
877 2538 1024 2563 naturae:
1041 2533 1135 2569 sicut,
1153 2532 1229 2572 quia
1245 2531 1350 2562 forma

275 2576 394 2607 coloris
417 2578 452 2607 in
475 2586 548 2608 aere
571 2577 668 2608 habet
691 2587 760 2608 esse
783 2577 996 2608 intentionale
1012 2576 1210 2607 diminutum
1235 2581 1266 2606 et
1288 2577 1350 2606 im-

274 2620 456 2662 perfectum
479 2630 537 2662 per
567 2623 847 2662 comparationem
870 2621 911 2652 ad
934 2631 1004 2652 esse
1031 2622 1132 2661 ipsius
1160 2621 1193 2651 in
1217 2621 1349 2660 pariete,

275 2675 352 2696 cum
367 2666 408 2696 sit
422 2666 467 2696 ibi
481 2671 608 2697 tantum
631 2667 715 2697 sicut
737 2666 772 2697 in
795 2666 970 2702 deferente,
989 2665 1064 2696 ideo
1081 2675 1149 2696 non
1166 2664 1282 2695 dicitur
1297 2674 1350 2694 aer

274 2710 452 2747 coloratus;
475 2711 510 2741 in
533 2711 654 2751 pariete
674 2715 784 2741 autem
800 2711 877 2751 quia
898 2707 996 2741 habet
1020 2719 1088 2740 esse
1112 2709 1214 2739 fixum
1231 2714 1262 2739 et
1277 2718 1349 2748 per-

273 2764 419 2791 manenS,
436 2759 468 2785 et
490 2754 671 2786 secundum
686 2754 868 2796 perfectum
883 2754 1020 2785 modum
1036 2763 1104 2794 quo
1120 2758 1214 2784 natus
1231 2758 1277 2783 est
1293 2762 1348 2783 co-

273 2799 324 2830 lor
346 2799 529 2830 subiectum
552 2799 715 2830 materiale
739 2805 878 2835 actuare,
894 2798 970 2829 ideo
991 2798 1108 2828 dicitur
1130 2798 1234 2838 paries
1258 2797 1348 2827 colo-

272 2849 369 2875 ratus.
393 2843 495 2882 Quod
518 2853 594 2884 ergo
618 2843 695 2874 dicit
718 2843 854 2874 Sanctus
874 2843 1029 2879 Thomas,
1053 2842 1209 2883 quoniam
1227 2841 1348 2883 forma

272 2898 357 2929 quae
380 2889 567 2930 imperfecte
585 2893 633 2919 est
655 2888 689 2918 in
714 2888 836 2928 aliquo,
862 2897 928 2918 non
943 2888 1036 2929 facit
1059 2887 1161 2928 ipsum
1186 2895 1253 2916 esse
1272 2886 1346 2921 tale,

272 2943 341 2964 non
365 2938 414 2964 est
435 2932 683 2973 intelligendum
711 2932 802 2972 quasi
829 2932 957 2962 nullum
987 2931 1041 2962 det
1065 2941 1143 2968 esse,
1167 2940 1236 2961 non
1261 2931 1348 2961 enim

273 2983 357 3008 esset
371 2978 405 3008 in
421 2978 493 3018 ipso
509 2982 546 3008 ut
561 2976 681 3008 forma:
706 2976 763 3007 sed
779 2976 870 3017 quod
885 2986 953 3007 non
971 2975 1024 3006 dat
1043 2985 1112 3006 esse
1132 2975 1348 3006 denominati-

1402 365 1479 385 vum
1496 365 1513 385 a
1529 356 1584 385 tali
1608 355 1721 391 forma,
1746 355 1925 386 secundum
1942 355 2032 395 quod
2044 366 2062 386 a
2074 356 2128 386 tali
2141 356 2244 386 forma
2257 357 2338 386 solet
2354 356 2475 397 aliquid

1402 400 1602 430 denominari
1626 400 1687 430 tale
1711 400 1866 430 absolute.
1895 400 1980 438 Quia
2004 401 2091 431 enim
2115 401 2205 431 color
2228 401 2261 431 in
2285 410 2356 431 aere
2379 401 2475 432 habet

1403 453 1471 474 esse
1483 443 1713 483 imperfectiori
1739 444 1841 474 modo
1866 454 1965 484 quam
1984 445 2016 475 in
2041 445 2171 485 propria
2184 446 2326 482 materia,
2344 455 2418 476 cum
2435 446 2474 476 sit

1402 488 1446 518 ibi
1470 487 1722 518 intentionaliter
1743 494 1774 518 et
1790 488 1957 525 diminute,
1974 488 2048 519 ideo
2064 495 2171 529 potest
2186 489 2248 520 dici
2265 489 2397 529 quidem
2421 499 2474 520 aer

1403 532 1662 562 intentionaliter
1676 532 1853 569 coloratus,
1871 542 1938 562 non
1963 539 2070 563 autem
2091 534 2235 564 absolute
2252 535 2428 565 coloratus.

1461 585 1490 605 2.
1523 574 1617 605 Circa
1649 581 1756 605 autem
1790 576 1983 606 antecedens
2013 578 2108 607 huius
2139 579 2269 608 rationis
2301 578 2472 609 dubitatur.

1404 619 1490 657 Quia
1514 618 1637 650 formae
1661 629 1768 650 rerum
1792 621 1990 651 sensibilium
2015 622 2046 651 in
2071 622 2236 652 intellectu
2259 623 2377 653 habent
2405 632 2473 653 esse

1405 662 1617 694 accidentale:
1635 664 1668 694 in
1691 664 1821 703 propria
1837 670 1946 695 autem
1962 671 2074 695 natura
2098 666 2216 696 habent
2240 676 2307 697 esse
2327 668 2473 698 substan-

1403 708 1488 738 tiale.
1514 708 1600 747 Ergo
1617 718 1685 738 non
1709 709 1827 738 habent
1843 707 2015 748 perfectius
2036 719 2103 739 esse
2127 711 2160 740 in
2188 711 2352 742 intellectu
2376 721 2474 752 quam

1404 753 1438 782 in
1461 752 1568 782 rebus,

1460 796 1688 836 Respondetur
1705 796 1794 837 quod
1811 806 1879 827 esse
1895 797 1941 827 rei
1957 796 2127 837 dupliciter
2139 798 2333 830 considerari
2348 805 2471 840 potest:

1404 840 1526 871 scilicet
1550 847 1708 881 quantum
1732 841 1772 872 ad
1795 851 1880 877 rem;
1898 846 1930 871 et
1953 846 2111 881 quantum
2135 842 2175 872 ad
2197 843 2343 874 modum.
2363 843 2475 882 Quan-

1404 890 1476 915 tum
1499 885 1539 915 ad
1566 895 1644 922 rem,
1668 895 1796 926 semper
1826 895 1895 916 esse
1927 886 2133 916 substantiale
2159 892 2206 917 est
2237 888 2378 918 nobilius
2407 898 2475 919 esse

1405 929 1604 960 accidentali.
1629 930 1798 969 Quantum
1822 936 1931 961 autem
1947 930 1987 961 ad
2010 930 2158 967 modum,
2175 931 2308 971 aliquod
2331 941 2399 962 esse
2424 942 2475 963 ac-

1406 973 1563 1004 cidentale
1594 980 1641 1004 est
1671 975 1812 1005 nobilius
1843 975 1954 1015 aliquo
1986 984 2054 1005 esse
2086 976 2301 1006 substantiali:
2330 976 2413 1007 sicut
2444 982 2475 1007 et

1405 1019 1513 1058 ipsum
1537 1018 1685 1049 accidens
1709 1019 1855 1056 dicimus,
1873 1020 2066 1060 inquantum
2086 1025 2133 1050 est
2149 1019 2253 1050 forma
2271 1021 2475 1057 substantiae,

1406 1072 1474 1092 esse
1497 1063 1567 1103 ipsa
1591 1064 1766 1094 substantia
1782 1064 1933 1094 nobilius.
1950 1064 2112 1104 Loquitur
2128 1074 2205 1105 ergo
2221 1065 2285 1095 hoc
2304 1066 2379 1095 loco
2397 1065 2475 1096 San-

1406 1112 1476 1137 ctus
1499 1107 1644 1138 Thomas
1661 1108 1700 1138 de
1725 1118 1793 1139 esse
1809 1118 1877 1139 non
1902 1114 2061 1148 quantum
2077 1109 2118 1139 ad
2140 1119 2219 1146 rem,
2237 1109 2293 1140 sed
2317 1115 2475 1150 quantum

1406 1151 1446 1182 ad
1469 1151 1606 1182 modum
1631 1153 1770 1183 essendi:
1796 1153 1937 1183 nobilior
1956 1154 2042 1183 enim
2059 1153 2178 1184 modus
2202 1154 2327 1184 essendi
2351 1159 2398 1185 est
2420 1155 2476 1185 ha-

1405 1196 1481 1226 bere
1506 1205 1574 1226 esse
1598 1197 1806 1227 immateriale
1830 1203 1862 1228 et
1884 1198 2080 1228 illimitatum
2104 1207 2161 1238 per
2183 1199 2359 1235 materiam,
2377 1208 2476 1239 quam

1405 1240 1522 1270 habere
1546 1250 1614 1271 esse
1638 1242 1801 1272 materiale
1833 1247 1864 1272 et
1886 1242 2076 1279 limitatum;
2101 1243 2176 1273 licet
2203 1252 2272 1273 esse
2302 1243 2475 1274 limitatum

1405 1285 1445 1314 sit
1468 1285 1684 1322 substantiale,
1702 1286 1896 1316 illimitatum
1924 1292 2033 1317 autem
2053 1292 2084 1317 et
2106 1287 2314 1318 immateriale
2331 1288 2370 1318 sit
2393 1288 2476 1318 acci-

1406 1329 1544 1359 dentale.

1461 1373 1514 1403 lv.
1543 1373 1675 1409 Quinto.
1704 1374 1800 1404 Tunc
1830 1374 1954 1405 formae
1984 1385 2092 1406 rerum
2123 1380 2216 1405 erunt
2245 1375 2278 1405 in
2309 1375 2475 1406 intellectu

1404 1417 1618 1454 materialiter,
1643 1419 1726 1449 sicut
1749 1424 1852 1449 extra:
1878 1420 1954 1460 quia
1984 1419 2248 1460 unumquodque
2279 1425 2326 1450 est
2352 1420 2386 1450 in
2410 1420 2474 1451 alio

1404 1471 1462 1502 per
1484 1461 1623 1493 modum
1645 1463 1838 1503 recipientis.
1859 1464 1944 1504 Ergo
1968 1474 2036 1495 non
2056 1470 2150 1495 erunt
2164 1464 2378 1504 intelligibiles
2401 1470 2475 1495 actu

1404 1507 1438 1537 in
1461 1507 1637 1543 intellectu,
1662 1508 1745 1538 sicut
1767 1518 1828 1538 nec
1857 1514 1953 1539 extra.
1978 1509 2052 1539 Hoc
2077 1514 2124 1539 est
2146 1508 2273 1539 falsum.
2298 1509 2384 1548 Ergo
2413 1515 2474 1540 etc.

1460 1550 1571 1581 Sexto.
1601 1551 1739 1583 Formae
1770 1554 2005 1583 contrariorum
2038 1563 2105 1583 non
2133 1559 2208 1583 sunt
2237 1554 2414 1584 contrariae
2440 1554 2475 1584 in

1404 1595 1580 1626 intellectu.
1597 1596 1683 1636 Ergo
1695 1597 1729 1627 in
1742 1606 1782 1627 eo
1798 1607 1867 1627 non
1879 1598 1999 1628 habent
2011 1607 2079 1628 esse
2090 1597 2263 1628 materiale.
2281 1598 2366 1637 Ergo
2380 1603 2440 1628 etc.
2452 1615 2476 1620 —

1404 1639 1562 1670 Probatur
1585 1641 1789 1672 antecedens.
1814 1641 1900 1679 Quia
1923 1651 2027 1672 unum
2058 1642 2293 1673 contrariorum
2317 1647 2364 1672 est
2394 1642 2474 1672 ratio

1404 1684 1612 1725 intelligibilis
1628 1685 1766 1716 alterius.
1779 1704 1802 1708 -
1819 1686 2063 1726 Consequentia
2079 1687 2176 1716 etiam
2190 1686 2295 1726 prima
2309 1686 2474 1726 probatur.

1405 1728 1492 1767 Quia
1515 1729 1696 1761 secundum
1721 1740 1789 1761 esse
1813 1731 1903 1771 quod
1926 1731 2045 1761 habent
2073 1731 2106 1761 in
2133 1731 2275 1767 materia,
2300 1736 2375 1761 sunt
2398 1740 2476 1761 con—

1404 1774 1518 1804 trariae
1541 1779 1573 1804 et
1595 1784 1630 1805 se
1653 1775 1792 1805 invicem
1818 1775 1992 1816 expellunt.

1459 1818 1609 1855 Adverte‚
1634 1828 1711 1850 cum
1727 1820 1843 1851 dicitur
1858 1830 1963 1850 unum
1979 1820 2214 1851 contrariorum
2231 1829 2300 1850 esse
2318 1819 2476 1850 rationem

1402 1863 1638 1903 intelligibilem
1661 1864 1799 1901 alterius,
1821 1864 1911 1904 quod
1933 1865 1986 1895 hic
2009 1874 2078 1895 non
2101 1865 2257 1905 accipitur
2279 1864 2359 1894 ratio
2382 1864 2475 1894 intel-

1403 1907 1531 1947 ligibilis
1555 1917 1614 1947 pro
1638 1909 1746 1948 specie
1770 1909 1962 1949 intelligibili
1984 1909 2030 1939 rei
2053 1908 2235 1939 intellectae
2259 1913 2475 1948 repraesenta-

1402 1952 1482 1981 tiva:
1507 1951 1563 1982 sed
1582 1953 1739 1992 accipitur
1762 1953 1982 1983 universaliter
1997 1962 2057 1993 pro
2074 1952 2179 1983 forma
2194 1962 2252 1993 per
2268 1962 2365 1992 quam
2381 1953 2475 1983 intel-

1403 1996 1505 2026 lectus
1528 1996 1651 2037 aliquid
1680 1997 1838 2037 intelligit.
1864 1997 1916 2028 Sic
1947 1998 2035 2028 enim
2065 2007 2170 2028 unum
2203 1998 2400 2027 contrarium
2428 2002 2475 2027 est

1402 2041 1483 2070 ratio
1500 2041 1706 2081 intelligibilis
1722 2042 1861 2078 alterius,
1878 2042 2072 2082 inquantum
2089 2041 2216 2072 ducitur
2239 2041 2419 2072 intellectus
2435 2051 2474 2071 ex

1404 2085 1591 2125 cognitione
1614 2086 1711 2117 unius
1744 2087 1894 2117 contrarii
1924 2096 1981 2127 per
2011 2086 2150 2117 formam
2178 2087 2256 2122 eius,
2280 2087 2314 2116 in
2345 2085 2473 2116 alterius

1403 2130 1500 2160 etiam
1523 2131 1674 2160 contrarii
1690 2131 1923 2171 cognitionem.
1941 2130 2018 2161 Ideo
2035 2131 2206 2171 assignavit
2222 2130 2357 2161 Sanctus
2381 2130 2472 2160 Tho-

1402 2184 1472 2204 mas
1495 2175 1654 2205 rationem
1677 2176 1726 2205 sui
1751 2175 1836 2212 dicti,
1861 2176 2073 2215 subiungens:
2095 2175 2172 2216 quia
2186 2185 2250 2215 per
2273 2185 2372 2205 unum
2396 2184 2473 2205 con-

1403 2218 1543 2249 trarium
1568 2218 1702 2258 (scilicet
1725 2220 1907 2261 cognitum)
1932 2219 2024 2250 aliud
2047 2220 2268 2261 cognoscitur.

1459 2263 1611 2303 Septimo.
1643 2264 1827 2295 Intellectus
1858 2274 1926 2295 non
1954 2270 2104 2295 movetur
2133 2273 2190 2304 per
2220 2264 2284 2294 hoc
2307 2262 2397 2304 quod
2424 2272 2473 2294 re-

1404 2308 1481 2348 cipit
1505 2307 1635 2344 formas,
1659 2308 1715 2339 sed
1738 2309 1839 2349 magis
1863 2309 2034 2349 quiescens
2060 2307 2225 2349 perficitur
2253 2313 2284 2338 et
2315 2307 2472 2348 intelligit.

1403 2352 1489 2392 Ergo
1514 2358 1575 2382 etc.
1591 2371 1613 2374 —
1629 2352 1787 2384 Probatur
1810 2354 2052 2394 consequentia.
2071 2353 2157 2391 Quia
2179 2353 2311 2383 materia
2334 2361 2400 2382 non
2425 2362 2473 2382 re-

1404 2397 1482 2437 cipit
1505 2397 1646 2437 aliquam
1670 2397 1809 2428 formam
1826 2398 1887 2428 nisi
1901 2407 1959 2438 per
1974 2404 2102 2428 motum
2126 2403 2181 2427 aut
2203 2397 2427 2427 mutationem.

1458 2440 1702 2472 Advertendum
1726 2442 1826 2483 quod,
1848 2443 1875 2473 si
1898 2447 2004 2473 motus
2028 2442 2204 2482 accipiatur
2226 2451 2286 2482 pro
2311 2441 2402 2471 omni
2424 2450 2473 2471 re-

1402 2486 1554 2526 ceptione
1578 2485 1712 2523 formae,
1736 2488 1782 2517 sic
1805 2487 1987 2517 intellectus
2010 2487 2044 2517 in
2074 2487 2261 2526 receptione
2292 2486 2473 2526 specierum

1402 2530 1652 2571 intelligibilium
1675 2537 1835 2562 movetur.
1860 2531 1924 2562 Sed
1946 2531 1973 2562 si
1999 2531 2175 2571 accipiatur
2197 2535 2307 2560 motus
2331 2535 2367 2560 ut
2395 2529 2473 2560 dicit

1403 2575 1617 2614 receptionem
1631 2575 1771 2616 formae
1786 2585 1858 2605 cum
1875 2575 2052 2606 abiectione
2057 2575 2196 2616 formae
2212 2574 2409 2610 contrariae,
2427 2574 2472 2604 sic

1402 2628 1471 2649 non
1491 2624 1642 2649 movetur
1657 2619 1838 2649 intellectus
1854 2619 2040 2659 recipiendo
2056 2619 2179 2659 species
2195 2627 2302 2648 rerum
2319 2628 2381 2648 nec
2399 2627 2472 2648 mu-

1401 2668 1495 2699 tatur,
1519 2664 1700 2694 mutatione
1723 2664 1844 2694 scilicet
1868 2673 1951 2703 quae
1975 2669 2022 2693 est
2046 2673 2121 2693 cum
2145 2663 2324 2704 abiectione
2348 2662 2471 2692 formae

1400 2708 1652 2747 praeexistentis‚
1683 2713 1720 2738 ut
1750 2708 1856 2748 inquit
1887 2707 2023 2739 Sanctus
2047 2707 2192 2738 Thomas
2215 2707 2257 2737 ΙΙΙ
2279 2707 2319 2737 de
2341 2706 2469 2741 Anima,

1401 2752 1475 2782 lect.
1491 2761 1523 2781 m
1535 2753 1561 2782 *.
1579 2751 1713 2782 Materia
1729 2757 1837 2783 autern
1853 2761 1920 2783 non
1937 2752 2051 2792 recipit
2073 2751 2212 2782 formam
2227 2752 2289 2781 nisi
2312 2760 2370 2791 per
2385 2751 2471 2781 abie-

1401 2796 1544 2826 ctionem
1567 2796 1789 2837 praecedentis
1804 2796 1938 2827 formae.
1955 2795 2033 2827 Ideo
2057 2797 2126 2836 ipsa
2148 2796 2279 2836 proprie
2293 2796 2328 2826 in
2351 2795 2406 2825 tali
2421 2804 2471 2825 re-

1401 2841 1552 2881 ceptione
1576 2846 1728 2872 mutatur.
1753 2841 1794 2872 Et
1818 2841 1858 2872 de
1880 2846 1975 2871 motu
1999 2842 2044 2871 sic
2068 2846 2199 2881 sumpto
2219 2839 2366 2881 procedit
2388 2839 2469 2870 ratio

1400 2885 1454 2915 hic
1477 2884 1625 2916 adducta.

1457 2929 1688 2960 Conrnumrun
1712 2930 1880 2960 conclusio
1904 2930 2093 2960 auctoritate
2117 2929 2274 2970 Dionysii,
2290 2939 2322 2958 1v
2337 2937 2406 2968 cap.
2431 2927 2470 2958 de

1400 2974 1475 3005 Div.
1500 2974 1608 3010 Nom„
1633 2974 1783 3005 dicentis:
1800 2975 1938 3015 Propter
1953 2974 2082 3005 divinae
2105 2974 2256 3004 bonitatis
2280 2973 2392 3003 radios
2408 2977 2468 3003 etc.

415 3715 509 3740 SUMMA
529 3714 639 3739 Com-ni
658 3713 791 3738 Gna-mus
811 3713 842 3738 D.
861 3712 976 3737 ΤΗΟΜΑΕ
995 3712 1064 3736 Tou.
1080 3711 1099 3735 Ι.

2288 3713 2322 3739 49

2499 2760 2508 2790 J
2525 2759 2569 2790 ¹Al.
2590 2759 2644 2780 leet.
2659 2765 2707 2786 ιιι,

2499 2790 2550 2807 mn.
