2664 4120
257 259 362 286 XLVIII

256 328 354 358 Num.

379 336 442 362 x1v,
461 334 489 356 2.
515 324 574 354 III
585 323 684 363 Pnys.
702 327 734 353 et
755 322 829 352 VI·
842 322 905 352 Pro
922 326 954 352 et
970 321 1022 357 VI,
1038 320 1093 352 AS
1109 326 1140 351 et
1162 320 1202 358 V;
1220 320 1245 351 P
1263 330 1331 351 om.

377 380 427 402 xv.
452 367 601 399 Secundo
625 385 647 389 -
671 366 840 397 Secundae
863 366 898 396 P.

382 428 395 441 »
451 413 480 443 3.
505 411 746 442 Advertendum
771 411 868 441 etiam
884 428 906 432 —
929 419 990 450 pro
1014 410 1122 446 etiam,
1148 415 1194 440 est
1217 410 1253 440 P.

465 471 477 483 »
514 455 599 486 med.
625 456 713 497 quod
736 460 865 486 moveat
886 473 910 477 -
933 454 1024 495 quod
1047 460 1218 485 moveatur
1241 453 1330 484 APS.

376 512 439 538 xvr,
466 511 482 531 2
508 500 594 531 med.
621 506 761 541 propter
790 500 1045 541 repugnantiam
1073 516 1095 522 -—
1122 504 1255 538 propter
1282 507 1333 528 re-

525 546 703 586 pugnantia
728 545 778 582 A;
811 551 843 575 et
867 545 973 574 statim
1003 553 1064 584 pro
1097 543 1236 584 utrique,
1270 543 1332 572 uti-

547 599 589 620 ue
613 590 676 620 AS.

377 645 452 665 xvn.
477 600 600 676 dusslex
623 633 756 676 effectus
778 650 800 656 -
824 632 994 673 dupliciter
1018 631 1151 663 effectus
1175 632 1209 662 P..

376 690 452 710 xvm
475 678 532 710 fin.
556 679 601 709 ad
625 679 784 709 orientem
806 696 830 700 -
853 677 892 708 ad
916 678 1024 708 oriens
1047 676 1137 708 APS.

375 735 438 761 xxx,
469 733 494 754 ι.
519 733 586 754 non
611 724 654 754 sit
672 728 851 764 perpetuus
875 740 896 744 —
919 731 988 752 non
1012 721 1048 752 fit
1071 726 1250 762 perpetuus
1263 720 1330 751 AP.

461 779 490 799 2.
515 767 568 798 IV
586 768 675 799 Sent.
700 774 760 798 etc.
784 784 805 790 -
830 776 889 807 pro
913 777 944 807 q.
968 776 1001 803 11,
1026 776 1058 807 q.
1074 777 1096 797 v
1119 765 1183 796 AS.

375 824 425 846 xx.
451 823 516 844 non
540 813 690 844 amittere
712 830 734 834 —
758 821 825 842 non
850 811 1018 842 admittere
1042 811 1076 842 P.

453 859 629 889 lentescere
651 876 674 880 —
698 857 887 888 lentesceret
909 855 973 886 AS.

456 912 555 944 super
581 902 730 943 possibili
756 920 779 924 -
807 909 905 941 super
934 900 1096 941 possibilis
1127 900 1201 937 AP;
1233 909 1332 940 super

521 947 674 988 possibile
699 946 730 977 S.

300 1008 311 1019 »
362 1002 423 1022 xxi.
448 992 665 1033 Plyrsicorum
681 1010 703 1015 -
720 990 995 1031 philosophorum
1010 988 1059 1020 PS
1086 988 1128 1031 (A
1146 987 1330 1031 ph'orum).

249 1171 349 1201 Num.

521 1037 593 1067 Vid.
610 1042 697 1072 text„
716 1035 941 1066 Naturalium.

701 1106 781 1146 Cap.
807 1115 869 1136 xxi.

374 1180 395 1206 1,
422 1179 450 1200 2.
475 1169 607 1211 signum
630 1188 652 1190 --
676 1167 894 1208 significatum
917 1167 975 1199 PS.

377 1228 389 1241 »
433 1229 445 1240 »
484 1213 569 1244 med.
590 1214 756 1254 quoniam.
780 1232 801 1235 —
826 1213 856 1244 A
881 1212 950 1244 fals.
975 1212 1062 1253 sigl.;
1089 1213 1111 1244 S
1135 1214 1220 1254 quia.

374 1273 388 1286 2.
424 1259 441 1290 3
475 1268 555 1289 vers.
573 1257 628 1288 fin.
654 1257 836 1289 accidentia
854 1257 916 1289 ista
934 1257 1138 1298 recipiantur
1151 1277 1175 1281 -
1191 1268 1258 1290 acc.
1272 1258 1331 1290 ista

519 1303 720 1344 accipiantur
743 1303 807 1334 AS.

372 1359 403 1379 Π
428 1357 507 1379 vers.
532 1348 588 1379 fin.
606 1349 747 1379 materia
763 1348 946 1389 quantitate
961 1348 1095 1390 signata
1110 1365 1133 1371 -
1149 1358 1214 1382 ma.
1231 1358 1330 1390 quan.

518 1393 696 1434 significata
718 1394 753 1424 P.
777 1411 801 1416 -
825 1392 906 1424 Item
929 1403 950 1423 v
975 1403 1006 1430 2,
1029 1391 1245 1434 significatam
1269 1393 1330 1424 sub

518 1439 708 1478 quantitate.

297 1498 310 1510 »
370 1493 402 1519 v,
428 1482 445 1513 3
471 1489 546 1514 ante
570 1483 656 1516 med.
681 1483 725 1514 ad
749 1483 846 1515 talem
861 1498 885 1506 -
901 1482 945 1513 ad
961 1492 1030 1514 om.
1051 1482 1115 1516 AS.

250 1975 348 2007 Num.

249 2153 348 2187 Num.

376 1542 389 1554 »
432 1542 444 1554 »
473 1534 547 1568 post
572 1538 685 1569 pauca.
711 1538 771 1569 pro
795 1529 866 1560 Pot.
888 1537 917 1569 q.
942 1538 985 1565 υς,
1002 1528 1027 1559 Ρ
1051 1536 1082 1568 q.
1105 1527 1142 1567 33
1167 1533 1200 1558 et
1223 1528 1331 1559 statim

519 1583 586 1604 om.
618 1573 802 1605 Secundum
834 1582 1122 1614 esse...corpore.
1151 1573 1231 1604 Item
1256 1578 1331 1614 post

525 1627 561 1648 12
587 1619 654 1656 lin„
679 1629 739 1659 pro
764 1619 804 1650 ab
829 1619 908 1655 alio,
933 1619 973 1648 ab
998 1619 1070 1651 alia.

453 1663 552 1703 paulo
577 1663 634 1695 inf.
660 1664 930 1695 transcende-nter
942 1687 949 1694 .
963 1689 971 1696 .
984 1688 991 1695 .
1005 1662 1285 1694 transcendenter.
1307 1679 1332 1685 -

521 1708 600 1739 APS
624 1709 672 1738 bis
696 1708 967 1741 transcendenti&

374 1763 405 1782 vr
430 1762 510 1784 νοτε.
536 1753 591 1784 fin.
606 1755 653 1795 fit
667 1755 798 1795 forma,
823 1773 846 1777 -
869 1755 908 1785 sit
933 1753 1038 1784 forma
1060 1753 1096 1784 P.

374 1807 415 1827 vn
441 1798 525 1828 med.
552 1799 596 1829 ad
619 1799 761 1830 modum.
786 1818 809 1822 -
833 1800 862 1830 A
887 1808 954 1830 om.
979 1798 1042 1835 ad‚·
1066 1798 1088 1829 S
1106 1806 1170 1838 per
1186 1796 1329 1828 modum.

375 1852 429 1872 vrn
454 1844 521 1874 init.
541 1845 573 1873 in
592 1844 731 1875 materia
743 1863 765 1866 —
781 1845 811 1875 A
828 1843 945 1875 falsum
962 1843 1095 1884 siglum3
1112 1842 1138 1873 P
1153 1843 1187 1873 in
1203 1848 1328 1873 natura.

698 1913 781 1954 Cap.
805 1924 881 1944 xxn.

374 1986 393 2011 1,
425 1985 432 2005 ι
464 1975 519 2007 fin.
537 1977 648 2017 aliqua
667 1977 736 2017 ipso
756 1976 927 2018 posterior
941 1993 964 1998 —
980 1975 1103 2016 aliquid
1126 1976 1199 2015 ipso
1220 1981 1330 2016 poste-

520 2022 586 2051 rior
609 2021 643 2053 P.

693 2091 775 2134 Cap.
801 2102 887 2124 xxm.

372 2165 394 2186 1.
418 2154 513 2196 Ergo
539 2155 666 2185 nullum
690 2160 738 2186 est
753 2155 787 2185 in
808 2163 847 2185 eo
864 2154 1016 2185 accidens
1030 2171 1053 2177 -
1068 2154 1148 2185 APS
1172 2154 1244 2185 add.
1270 2160 1328 2187 etc.

374 2210 415 2236 ιν,
438 2207 464 2231 ι.
490 2209 555 2230 ηοη
575 2205 690 2240 posset
710 2217 734 2223 —
756 2209 825 2230 non
850 2200 953 2240 possit
976 2200 1016 2231 A.

379 2259 391 2270 »
434 2243 490 2275 fin.
507 2245 551 2275 Et
565 2245 613 2275 sic
629 2245 662 2275 in
680 2245 756 2275 aliis
767 2262 790 2268 -
802 2245 854 2275 An
871 2244 1047 2285 legendum
1063 2243 1108 2274 Et
1121 2245 1169 2275 sic
1185 2245 1218 2275 in
1236 2244 1330 2276 illis?

300 2304 312 2316 »
372 2300 401 2326 v,
447 2297 454 2319 ι
485 2289 541 2320 fin.
567 2290 748 2321 intellectus
763 2295 872 2320 autem
894 2295 925 2320 et
943 2289 1098 2320 voluntas
1111 2306 1135 2313 -
1149 2294 1182 2320 et
1204 2299 1272 2322 om.
1288 2290 1329 2323 A.

380 2347 392 2360 »
445 2343 462 2364 2
479 2333 534 2367 fin.
561 2340 596 2366 ut
620 2335 704 2366 idem
726 2335 770 2365 sit
791 2352 814 2357 —
837 2340 874 2365 ut
896 2335 983 2366 idem
1008 2333 1045 2365 fit
1067 2334 1103 2366 P.

373 2388 406 2409 vr
430 2378 485 2411 fin.
504 2389 569 2420 per
591 2389 635 2412 se.
661 2381 737 2411 Non
762 2384 820 2412 est.
836 2396 859 2403 -
875 2379 914 2410 P:
932 2389 990 2420 per
1014 2388 1048 2410 se
1071 2388 1151 2411 non.
1175 2379 1252 2410 Non
1270 2385 1328 2412 est.

373 2433 427 2460 vn,
447 2433 464 2454 2
490 2434 572 2457 νει-ε.
597 2423 653 2457 fin.
678 2425 722 2456 ad
738 2425 776 2456 15
799 2443 821 2447 —
845 2424 885 2455 ad
912 2426 929 2455 5
956 2424 990 2457 P.

297 2482 311 2496 »
371 2478 438 2501 vur.
463 2478 480 2499 e
503 2479 662 2500 conuerso
688 2487 709 2492 -
732 2470 761 2500 A
786 2469 903 2500 falsum
927 2469 1061 2510 siglum;
1078 2469 1103 2499 P
1129 2475 1176 2500 est
1203 2478 1221 2500 e
1250 2479 1330 2500 con-

246 2783 346 2815 Num.

246 3231 343 3263 Num.

372 2568 413 2589 1x.
439 2523 637 2590 intentastis
659 2559 791 2590 divinae
807 2559 966 2590 essentiae
980 2558 1212 2600 superadditas
1227 2577 1249 2581 -
1264 2559 1328 2590 Pro

517 2604 756 2645 superadditas,
773 2603 853 2635 APS
868 2603 1069 2645 quidditatis.
1094 2603 1168 2635 Vid.
1193 2610 1270 2637 text.
1297 2610 1328 2635 et

518 2649 600 2680 infra
624 2655 700 2691 post
725 2650 741 2680 5
768 2649 824 2680 lin.

691 2720 773 2762 Cap.
799 2731 882 2753 xx1v.

370 2793 392 2813 n
417 2789 490 2814 ante
506 2783 593 2816 med.
614 2783 814 2815 identitatem
835 2784 899 2815 nisi
909 2785 1135 2825 potentialem.
1151 2802 1172 2808 -
1189 2785 1252 2816 Pro
1263 2795 1327 2827 po-

517 2828 693 2865 tentialem,
724 2829 754 2859 A
785 2838 862 2860 casu
888 2830 1067 2870 potentiali
1073 2836 1086 2867 ,·
1115 2830 1141 2860 P
1164 2831 1326 2871 potentia.

515 2872 567 2905 Cf.
593 2874 662 2906 init.
688 2873 878 2905 Comment.

375 2931 387 2944 v
415 2918 533 2950 statim.
559 2918 694 2949 omnino
725 2924 821 2949 extra
852 2920 1024 2950 essentiam
1048 2937 1071 2942 -
1094 2919 1157 2950 Pro
1178 2921 1326 2958 omnino,

516 2963 544 2993 Α
558 2962 674 2994 falsum
687 2963 820 3004 siglum;
835 2963 859 2994 P
875 2964 1002 3005 aliquid
1013 2964 1163 2997 divisum.
1178 2964 1230 2998 Cf.
1244 2965 1327 2997 infra

518 3017 549 3048 p.
576 3010 616 3047 75
644 3008 663 3039 l.
691 3018 720 3045 2,
746 3009 810 3039 nisi
828 3019 892 3049 per
916 3010 1042 3050 aliquid
1058 3011 1194 3041 omnino
1220 3016 1281 3042 ete.

368 3062 410 3085 iv.
431 3052 541 3093 prima
565 3054 796 3094 consequentia
819 3071 842 3076 —
860 3054 972 3094 prima
997 3064 1064 3087 om.
1088 3055 1124 3088 P.

367 3107 388 3127 v
435 3096 491 3130 fin.
504 3098 622 3138 speciei
633 3107 697 3139 per
713 3099 815 3140 ipsam
833 3117 854 3121 —
871 3100 990 3140 speciei
1004 3109 1061 3140 per
1077 3100 1220 3141 speciem
1237 3100 1326 3134 APS.

696 3168 777 3210 Cap.
802 3179 874 3202 xxv.

369 3241 410 3267 ιν,
436 3232 452 3261 3
480 3230 535 3261 fin.
568 3231 708 3262 essentia
739 3241 804 3262 non
837 3232 1000 3263 mendicat
1029 3250 1053 3256 -
1082 3234 1113 3263 A
1136 3233 1255 3265 falsum
1285 3234 1327 3265 si-

514 3275 615 3316 glum.
639 3293 663 3298 -
685 3275 735 3307 PS
756 3277 853 3307 etiam
877 3286 943 3308 non
969 3277 1142 3311 mendicat.
1162 3278 1236 3311 vid.
1261 3278 1325 3312 loc.

516 3321 569 3352 cit.
594 3330 633 3351 ex
657 3320 772 3361 Cajet„
796 3331 864 3352 non
889 3322 987 3363 longe
1016 3332 1034 3353 a
1058 3324 1233 3365 principio.

369 3374 397 3396 v.
425 3365 505 3395 nihil
524 3370 637 3406 posset
659 3375 728 3396 esse
750 3385 771 3389 —
797 3366 876 3397 nihil
901 3373 1010 3408 potest
1033 3377 1103 3399 esse
1127 3368 1163 3399 P.

375 3423 386 3435 »
426 3415 500 3449 post
516 3410 602 3443 med.
619 3410 851 3452 Differentiam
869 3418 999 3453 oportet
1013 3422 1083 3444 esse
1099 3431 1120 3435 -—
1137 3413 1325 3445 Differentia

515 3461 644 3495 oportet
670 3464 739 3486 esse
762 3456 825 3487 AS.
851 3456 904 3489 cf.
929 3463 1005 3488 text.

369 3507 421 3535 vn,
444 3507 452 3528 ι
483 3498 538 3529 tin.
565 3500 597 3529 in
622 3500 828 3540 expositione
851 3519 873 3524 -
897 3502 930 3532 in
956 3511 1022 3534 om.
1047 3502 1082 3535 P.

371 3552 435 3578 vm,
455 3553 483 3573 2.
510 3553 577 3574 rem
605 3545 836 3585 principaliter
860 3546 1082 3588 significatam
1109 3564 1131 3570 —
1156 3557 1205 3578 res
1235 3547 1323 3588 prin-

516 3589 660 3628 cipaliter
695 3589 907 3629 significatam
943 3592 989 3627 A;
1021 3601 1071 3623 res
1103 3591 1324 3632 principaliter

517 3631 693 3671 significata
717 3634 774 3666 PS.

1387 320 1486 352 Num.

1386 631 1487 666 Num.

1386 765 1487 800 Num.

1386 1438 1486 1471 Num.

1386 1886 1487 1918 Num.

1384 2559 1485 2591 Num.

1381 2829 1482 2864 Num.

1510 330 1577 358 vm,
1603 331 1621 352 2
1646 321 1733 352 med.
1758 321 1852 354 infra.
1875 322 1936 352 sub
1959 331 2029 354 esse
2059 324 2200 355 actualis
2230 325 2424 358 existentiae
2449 344 2473 350 —

1659 366 1689 396 A
1713 375 1791 397 casu
1815 375 1882 397 om.
1907 376 1976 398 esse
1983 373 1996 404 ‚¹
2020 366 2042 398 S
2066 368 2126 398 sub
2150 369 2268 401 actuali
2292 370 2471 404 existentia.

1661 409 1713 442 Cf.
1737 420 1768 448 x,
1786 419 1817 448 2,
1832 411 2015 453 ⁴essentiam
2039 411 2098 444 sub
2122 421 2199 444 esse.

1511 463 1577 491 xm,
1595 463 1613 484 2
1631 464 1713 486 vers.
1739 454 1796 487 fin.
1826 455 1946 488 VMet.
1971 455 1994 489 1.
2017 462 2042 494 4
2057 474 2080 480 -
2095 456 2126 488 V
2142 457 2220 491 Met.
2244 457 2265 489 1.
2284 458 2302 490 3
2327 458 2418 492 APS.

1511 508 1565 529 xiv
1587 504 1674 540 post.
1699 499 1786 530 med.
1810 500 1907 541 quasi
1930 500 2009 532 velit
2029 518 2053 524 —
2075 501 2173 542 quasi*
2192 502 2293 534 velint
2315 503 2351 537 P.

1834 569 1918 611 Cap.
1941 580 2028 604 xxvi.

1509 642 1565 664 vn.
1591 637 1627 663 ut
1651 632 1762 663 Isaiae
1784 651 1806 655 -
1831 638 1868 664 ut
1890 642 1958 666 om.
1982 634 2018 667 P.

1832 703 1915 744 Cap.
1939 713 2047 737 xxvm.

1511 776 1533 804 1,
1560 775 1589 797 2.
1627 771 1658 797 et
1682 766 1791 797 vivere
1806 775 1873 807 per
1894 771 1974 798 se—
1998 777 2065 801 om.
2089 767 2125 801 P.

1513 826 1527 839 »
1571 826 1583 838 »
1627 810 1713 842 med.
1747 811 1914 843 illimitata
1930 837 1938 844 .
1949 836 1955 842 .
1966 836 1973 843 .
1991 812 2143 846 limitata.
2167 831 2191 836 -
2213 814 2347 846 limitata
2364 841 2373 849 .
2387 842 2395 849 .
2410 842 2417 849 .
2435 816 2472 847 il-

1658 855 1794 887 limitata
1817 855 1853 889 P.

1573 915 1585 928 »
1628 901 1736 932 statim
1760 900 1801 932 In
1826 906 1981 933 concreto
2008 918 2027 925 -
2051 901 2092 933 In
2116 910 2184 936 om.
2207 905 2248 937 A.

1514 959 1528 973 »
1557 946 1704 988 infimum
1735 946 1865 977 essendi
1893 946 2050 988 gradum.
2080 965 2102 971 -
2125 946 2191 979 Hic
2221 954 2254 980 et
2286 949 2371 981 infra
2399 950 2473 993 infi-

1658 990 1763 1022 nitum
1788 990 1916 1022 essendi
1933 992 2071 1033 gradum
2094 992 2129 1023 P.

1510 1045 1534 1066 11
1556 1035 1644 1068 med.
1669 1035 1734 1066 erit
1748 1036 1789 1067 de
1804 1045 1875 1067 esse
1889 1054 1911 1059 ——
1928 1037 1988 1068 erit
2004 1036 2116 1068 deesse
2132 1037 2168 1070 P.
2184 1056 2207 1060 ——
2223 1037 2265 1069 Et
2280 1045 2356 1080 post
2367 1049 2474 1081 pauca

1658 1089 1726 1113 om.
1749 1080 1847 1123 Ergo
1870 1086 1946 1112 ante
1969 1081 2072 1115 Deus.

1510 1135 1555 1162 111,
1585 1134 1612 1155 ι.
1637 1134 1706 1156 esse
1729 1125 1988 1168 uniuscuiusque
2000 1127 2143 1169 formae
2165 1145 2188 1150 —
2207 1137 2278 1159 esse
2300 1137 2368 1162 om.
2391 1129 2428 1160 P.

1510 1180 1544 1201 ιν
1566 1169 1623 1201 fin.
1657 1175 1689 1201 et
1719 1170 1753 1201 in
1783 1170 1974 1202 indivisibili
1995 1189 2019 1194 -
2043 1172 2076 1205 in
2108 1181 2176 1205 om.
2200 1172 2248 1210 A;
2273 1178 2305 1204 et
2328 1173 2474 1206 indivisi-

1658 1215 1766 1246 biliter
1789 1215 1822 1248 S.

1509 1270 1531 1291 v
1553 1269 1636 1293 vers.
1650 1259 1706 1293 fin.
1719 1266 1957 1292 mensurantur
1973 1261 2085 1293 omnia
2093 1261 2472 1304 perfectissimo-men·

1658 1311 1810 1337 sun-antur
1833 1306 1946 1338 omnia
1969 1305 2205 1347 perfectissima
2227 1307 2264 1341 P.

1835 1376 1919 1419 Cap.
1943 1387 2029 1411 xx1x.

1515 1449 1538 1469 n
1571 1439 1660 1471 med.
1696 1440 1729 1470 in
1753 1439 2069 1491 ‘praedicationibus
2101 1459 2125 1464 —
2158 1442 2193 1473 in
2231 1441 2474 1483 antepraedica-

1511 1539 1552 1567 rv,
1575 1537 1585 1560 ι
1615 1485 1872 1570 ροέἳεὲιῖὲῖί.Ρ.Ῑη
1897 1539 1999 1562 causa
2023 1535 2133 1562 autem
2156 1535 2256 1574 atque
2281 1530 2474 1569 causatis-2

1658 1574 1721 1626 Pro
1752 1575 1898 1606 causatis
1927 1575 1958 1606 A
1982 1585 2059 1607 casu
2082 1576 2272 1609 causalibus
2279 1583 2292 1615 ‚⁶
2314 1575 2338 1608 S
2360 1571 2474 1608 causi-²

1514 1677 1528 1690 ›
1562 1654 1581 1695 e
1604 1620 1792 1706 posttlbttnsed.
1817 1664 1923 1706 ipsum
1937 1665 2092 1708 sormam
2115 1666 2253 1699 habet-
2275 1667 2381 1708 ipsam
2403 1663 2471 1697 for-

1658 1718 1747 1740 mam
1771 1709 1869 1740 habet
1891 1709 1927 1743 P.

1613 1753 1668 1785 fin.
1687 1764 1754 1796 pro
1778 1763 1817 1786 eo
1841 1754 1931 1796 quod
1953 1760 2002 1786 est
2024 1765 2094 1788 esse
2117 1773 2138 1780 -
2161 1761 2210 1788 est
2233 1766 2300 1788 om.
2325 1755 2415 1788 APS.

1839 1824 1923 1866 Cap.
1947 1835 2020 1859 xxx.

1511 1898 1544 1918 ιι.
1570 1888 1649 1930 quia
1673 1887 1808 1928 inquam
1830 1905 1853 1910 -
1877 1888 1955 1928 quia
1978 1889 2176 1930 inquantum
2199 1890 2236 1924 P.

1567 1938 1652 1974 post.
1659 1931 1764 2008 fimed.
1782 1931 1951 2008 1,ζὶὸηιρὶἰεὶιι
1966 1933 2137 1976 significat
2152 1953 2172 1957 —
2188 1935 2349 1977 simplicia
2371 1935 2472 1982 signi-

1684 1981 1759 2008 cant
1833 2001 1841 2010 .
2420 1979 2422 1983 ’

1609 2021 1727 2053 modus
1741 2021 2038 2064 supereminentiae
2056 2033 2122 2066 quo
2137 2041 2160 2048 -
2175 2022 2267 2058 mod.
2291 2026 2472 2068 superemi-

1659 2066 1790 2098 nentiae
1814 2075 1880 2108 qua
1903 2067 1940 2099 P.

1511 2121 1552 2142 w.
1577 2111 1763 2143 distinctius
1777 2130 1801 2135 -
1816 2112 1987 2144 distinctus
2009 2113 2050 2146 A.
2066 2130 2089 2137 -
2104 2112 2190 2147 Inita
2203 2123 2266 2156 pro
2288 2113 2474 2148 substratae

1658 2156 1872 2195 substantiae,
1896 2157 2094 2190 substractae
2117 2158 2316 2192 substantiae
2338 2159 2417 2200 As.

1508 2211 1552 2239 vr,
1582 2209 1593 2232 ι
1630 2206 1705 2233 ante
1729 2201 1816 2235 med.
1847 2207 2021 2236 comment.
2045 2203 2094 2239 25.
2110 2221 2134 2227 —
2157 2210 2337 2238 comment.
2363 2203 2414 2239 35⁴
2432 2205 2472 2238 Ρ.

1514 2260 1527 2272 ι
1566 2251 1652 2287 post.
1676 2246 1763 2279 med.
1789 2245 1922 2279 nomine
1944 2247 2111 2280 abstracto
2133 2265 2156 2272 -
2170 2249 2308 2282 nomine
2330 2247 2472 2283 subsin-

1657 2297 1712 2322 cto
1735 2291 1804 2330 AS;
1829 2292 1966 2324 nomine
1989 2293 2151 2325 substrato
2174 2293 2210 2327 P.

1515 2348 1528 2362 »
1561 2345 1626 2378 per
1648 2336 1782 2367 modum
1813 2337 1864 2368 illi
1895 2337 2096 2370 inhaerentis
2124 2354 2150 2363 -
2179 2348 2238 2380 per
2260 2338 2401 2371 modum
2423 2339 2471 2377 ini

1655 2381 1837 2413 inhaerenti
1860 2381 1896 2415 P.
1918 2400 1943 2406 -
1965 2382 2081 2414 Statim
2095 2391 2158 2424 pro
2173 2382 2220 2415 Et
2232 2383 2282 2416 sic
2299 2383 2470 2427 signifiea-

1657 2431 1722 2462 tur,
1735 2426 1789 2458 AS
1799 2425 1998 2468 significatur
2009 2433 2042 2459 et
2053 2428 2110 2466 sie,
2117 2427 2143 2459 P
2155 2427 2354 2470 significatur
2364 2434 2403 2461 ut
2412 2429 2471 2463 sic.

1510 2031 1555 2054 111.

1831 2498 1913 2540 Cap.
1938 2508 2023 2532 xxxi.

1509 2570 1544 2591 111
1566 2569 1638 2591 vers
1662 2558 1720 2593 fin.
1743 2560 1816 2594 Pot.
1840 2571 1871 2602 q.
1896 2571 1925 2602 7,
1949 2570 1982 2594 a.
2005 2562 2040 2598 5,
2065 2562 2109 2595 ad
2132 2561 2157 2595 8
2178 2580 2202 2587 -
2223 2563 2353 2596 P...ad
2377 2572 2421 2598 a.
2461 2590 2467 2594 .

1505 2615 1536 2638 v.
1560 2605 1656 2648 Ergo
1681 2610 1713 2636 et
1736 2605 1873 2637 nomina
1895 2622 1917 2629 -
1941 2611 1974 2638 et
1996 2615 2064 2638 om.
2089 2606 2124 2640 P.

1507 2659 1550 2687 vr,
1573 2659 1582 2680 ι
1612 2650 1668 2681 fin.
1695 2651 1860 2693 significet
1890 2668 1911 2674 —
1941 2649 2101 2692 signifieat
2130 2651 2222 2686 APS.
2253 2652 2327 2686 vid.
2359 2656 2468 2695 supra,

1657 2700 1693 2726 ut
1706 2696 1839 2738 formet
1851 2719 1875 2728 ..
1887 2718 1895 2727 .
1908 2696 2083 2738 significet.

1823 2766 1906 2809 cap.
1930 2777 2027 2801 xxm.

1506 2840 1528 2863 1.
1554 2830 1587 2861 in
1611 2829 1893 2862 Praedicamentis
1921 2847 1945 2854 -
1978 2830 2014 2862 In
2047 2831 2407 2875 Antepraedicamontis
2428 2830 2464 2866 P.

1654 2874 1701 2906 Ita
1748 2875 1855 2908 assim.

1510 2932 1524 2948 ι
1552 2919 1608 2951 fin.
1630 2884 1771 2952 similgm
1785 2919 1967 2952 seeundum
1981 2920 2122 2962 speeiem
2135 2921 2168 2953 ei
2181 2938 2206 2946 -—
2220 2921 2293 2954 nim.
2309 2930 2375 2955 sec.
2391 2930 2466 2963 spe-

1654 2966 1740 2996 ciem
1757 2965 1805 2996 rei
1819 2964 1910 2998 APS.
1934 2965 2008 2998 vid.
2032 2971 2110 2997 text.
2135 2972 2168 2998 et
2191 2974 2300 3008 parag.
2323 2976 2370 3004 m.
2393 2966 2465 2999 init.

1506 3020 1538 3047 n,
1562 3019 1571 3040 ι
1601 3016 1676 3041 ante
1698 3009 1786 3042 med.
1811 3019 1864 3042 res
1893 3015 1973 3042 sunt
1999 3010 2194 3052 simpliciter
2221 3010 2304 3043 idest
2331 3010 2421 3043 unite
2442 3029 2467 3035 -

1652 3054 1733 3087 APS
1746 3079 1754 3088 .
1767 3055 1888 3088 ..idest
1911 3056 2035 3088 unitae.
2059 3054 2114 3089 Cf.
2128 3055 2223 3094 infra,
2247 3056 2311 3088 col.
2338 3065 2368 3096 2,
2386 3065 2466 3097 per*-

1643 3099 1878 3142 fectionaliter
1899 3105 1932 3132 et
1954 3100 2055 3134 unite.

1509 3157 1523 3172 ι
1553 3153 1570 3175 2
1596 3143 1653 3177 fin.
1673 3144 1888 3177 universitate
1893 3145 2036 3188 formae
2050 3141 2271 3177 -diversitate
2288 3143 2413 3176 formae
2427 3143 2464 3178 P.

1657 3189 1693 3230 (S
1705 3190 1753 3221 bis
1779 3188 2055 3232 universalitate).

1506 3244 1550 3273 111,
1570 3242 1598 3267 1.
1615 3244 1688 3266 cum
1695 3235 1819 3277 sor-ma
1833 3235 1998 3277 agentis-
2008 3243 2088 3266 cum
2103 3233 2208 3266 forma
2224 3232 2359 3265 effectus
2374 3233 2465 3267 APS.

1505 3288 1536 3316 v,
1562 3279 1593 3310 3.
1619 3285 1698 3312 text.
1723 3289 1840 3311 comm.
1865 3289 1901 3311 ιο
1917 3298 1940 3303 -
1955 3280 1987 3311 Α
2009 3289 2070 3320 pro
2085 3288 2123 3311 ιο
2146 3278 2302 3320 relinquit
2322 3279 2465 3320 spatium

1653 3324 1782 3362 album
1806 3324 1831 3355 P
1854 3329 1963 3356 totum
1986 3323 2127 3362 omittit3
2151 3322 2175 3355 S
2191 3333 2258 3356 om.
2276 3333 2323 3356 ιο.

1508 3382 1522 3395 »
1561 3375 1636 3410 post
1659 3369 1746 3404 med.
1770 3369 1859 3411 quod
1879 3369 1925 3400 sit
1946 3368 2081 3400 risibilis
2102 3385 2126 3392 -
2148 3368 2191 3399 sit
2213 3377 2280 3400 om.
2305 3367 2368 3401 As.

1430 3427 1443 3440 ›
1503 3423 1546 3451 vr,
1566 3423 1583 3445 2
1610 3414 1666 3447 fin.
1694 3414 1778 3446 Cum
1800 3414 1864 3446 hoe
1885 3418 1996 3445 autem
2010 3418 2077 3445 stat
2098 3430 2121 3437 -
2145 3422 2249 3455 quum
2274 3413 2337 3444 hoc
2353 3418 2464 3444 autem

1651 3464 1713 3490 stat
1736 3459 1771 3490 P.

1503 3512 1571 3541 vm,
1593 3512 1619 3542 ι,
1643 3513 1677 3545 p.
1706 3511 1782 3535 tot.
1804 3502 1870 3534 Sed
1891 3512 1962 3534 esse
1984 3521 2007 3526 -
2031 3502 2154 3534 scilicet
2169 3511 2240 3534 esse
2259 3502 2294 3535 P.

1504 3558 1535 3579 1x
1559 3549 1631 3581 init.
1654 3548 1726 3580 eius
1750 3547 1861 3580 unitas
1883 3565 1906 3571 —
1928 3548 1959 3578 A
1975 3547 2212 3589 compendium
2229 3545 2412 3579 secundum
2429 3555 2463 3577 se

1650 3593 1870 3635 aequivocum
1898 3590 2015 3634 (v'itas,
2040 3593 2125 3624 sicut
2138 3592 2235 3623 habet
2252 3591 2373 3623 ibidem
2393 3590 2463 3622 vni-

1651 3646 1778 3675 vocum,
1804 3636 1926 3679 unita);
1951 3637 1999 3668 PS
2023 3637 2094 3668 eius
2117 3636 2248 3669 veritas.
