2814 4290
1086 327 1722 412 APPENDIX

943 482 1016 518 AD
1042 483 1250 521 PRIMUM
1275 484 1338 520 ET
1363 484 1642 522 SECUNDUM
1667 485 1859 523 LIBRUM

445 586 739 638 SUMMAE
778 587 827 638 S.
867 589 1178 640 THOMAE
1216 591 1298 641 DE
1338 591 1638 655 AQUINO
1675 592 1984 644 CONTRA
2022 576 2356 647 CENTILES

808 705 862 746 IN
895 706 1026 757 Quo
1057 706 1274 748 TEXTUS
1299 671 1685 750 'AUTOGRAPHl
1721 709 1995 751 νΑΤιεΑΝι

371 809 408 849 Α
435 808 622 876 ΔΡΜΜΑ
664 809 776 852 SUA
818 811 1013 853 PORMA
1057 802 1370 863 USQUE‘AD
1411 814 1667 856 ULTlMAM
1710 815 1943 857 {NTEGRE
1987 817 2429 861 REPRODUOETUR

389 1163 443 1183 tm>
475 1154 508 1183 in
539 1154 603 1184 hoc
628 1154 819 1195 Appendice
843 1161 1002 1195 praestare
1027 1157 1135 1186 conati
1152 1157 1252 1186 simus
1277 1166 1377 1196 expo-

294 1147 466 1250 Qnere
484 1211 624 1245 oportet.
642 1205 783 1236 Intentio
809 1212 866 1242 est,
890 1212 1014 1237 textum
1031 1208 1223 1248 autographi
1240 1218 1257 1238 a
1274 1208 1376 1247 prima

292 1265 351 1286 sua
367 1255 473 1287 forma
486 1266 591 1296 usque
605 1256 644 1287 ad
661 1257 810 1287 ultimam
826 1259 988 1298 integrum
1005 1264 1036 1288 et
1053 1265 1249 1299 perpetuum
1265 1269 1376 1299 repro-

270 1305 424 1344 .ducere‚
449 1306 559 1348 idque,
585 1314 745 1348 quantum
769 1308 838 1339 fieri
862 1315 980 1349 potest,
1006 1310 1106 1340 modo
1137 1310 1246 1350 plano,
1270 1311 1314 1341 ita
1339 1317 1374 1340 ut

296 1357 523 1390 redactionum
543 1369 576 1389 se
601 1360 833 1400 excipientium
865 1367 974 1391 motus
1000 1367 1030 1391 et
1058 1362 1232 1397 successio,
1257 1362 1282 1391 si
1307 1371 1374 1391 non

294 1418 422 1451 semper
446 1410 609 1448 facillime,
626 1420 754 1452 semper
771 1417 879 1442 tamen
904 1412 1012 1452 aliqua
1029 1414 1208 1442 attentione
1233 1419 1264 1443 et
1286 1414 1374 1443 brevi
1402 1414 1403 1435 l

294 1461 448 1492 exercitio
474 1467 563 1492 certo
588 1462 765 1492 internosci
789 1463 926 1502 possint.
952 1463 1176 1503 interpretatio
1195 1465 1253 1494 erit
1277 1473 1375 1503 quae-

294 1512 369 1543 dam
393 1513 570 1552 scripturae
595 1512 784 1546 difficilioris
809 1513 841 1543 in
867 1513 1080 1553 legibiliorem
1109 1520 1140 1544 et
1165 1515 1375 1545 communius
1402 1521 1404 1544 ὲ
1432 1518 1660 1557 transcriptum
1685 1519 1721 1548 iri
1748 1519 1943 1555 intendebat,
1968 1521 2160 1551 continuum
2184 1521 2268 1561 leget
2292 1523 2358 1562 qui,
2383 1524 2504 1553 omisso

1402 1594 1404 1598 .
1432 1574 1515 1609 typo
1540 1570 1666 1598 minore
1685 1575 1715 1599 et
1731 1571 1869 1606 uncinis,
1887 1571 1992 1601 solum
2018 1577 2132 1612 typum
2156 1573 2313 1602 maiorem
2338 1573 2440 1604 oculis
2457 1583 2504 1604 se-

1403 1622 1405 1662 '1
1435 1621 1554 1659 quitur.
1579 1619 1702 1650 Textus
1727 1627 1834 1651 autem
1852 1622 2048 1658 obliteratus,
2066 1625 2213 1663 quamvis
2230 1634 2247 1654 a
2263 1623 2424 1655 deletione
2441 1634 2504 1664 qua

292 1564 514 1594 accessibilem
531 1563 780 1595 translitteratio.
807 1564 869 1595 Cui
888 1564 1059 1596 efficiendo
1085 1566 1191 1606 aliqua
1216 1567 1305 1606 signa
1321 1566 1375 1596 ad-

292 1615 453 1651 hibemus,
479 1615 585 1651 obvia,
602 1624 716 1655 pauca,
739 1616 929 1651 constantia,
947 1625 1117 1656 nunquam
1142 1617 1330 1657 aequivoca.

351 1666 395 1697 Ut
418 1672 527 1697 autem
544 1667 634 1706 signa
651 1667 709 1696 rite
726 1666 954 1706 intelligantur,
972 1667 1206 1698 advertendum
1223 1674 1271 1698 est
1287 1667 1377 1708 quod

291 1718 452 1758 scriptura
475 1718 680 1758 autographi,
705 1727 762 1758 per
787 1727 820 1748 se
845 1724 876 1748 et
900 1728 968 1748 non
1000 1728 1058 1759 per
1082 1729 1153 1755 nos,
1179 1719 1299 1760 duplici
1329 1729 1376 1749 re-
1434 1723 1540 1752 tiones
1557 1721 1667 1752 multis
1683 1722 1763 1752 locis
1789 1723 2014 1763 complicatior
2031 1730 2076 1754 est
2095 1734 2192 1764 quam
2210 1731 2245 1755 ut
2261 1735 2374 1755 omnes
2395 1735 2505 1756 earum

1404 1802 1405 1805 ,
1434 1774 1551 1814 phases
1575 1774 1643 1804 sine
1669 1774 1812 1804 ulteriori
1837 1774 2071 1814 significatione
2095 1777 2220 1816 possint
2244 1777 2364 1816 attingi.

292 1774 408 1810 spectu
433 1769 584 1800 distincta
608 1776 666 1800 est.
698 1769 819 1800 Partim
849 1770 935 1800 enim
967 1771 1132 1811 originalis
1164 1777 1211 1801 est
1241 1781 1299 1801 seu
1323 1781 1377 1801 co-

294 1821 466 1857 lumnaris,
484 1821 602 1861 partim
626 1821 788 1861 posterior
804 1831 862 1852 seu
879 1822 1087 1863 marginalis.
1113 1822 1239 1853 Deinde
1261 1823 1378 1862 partim

292 1870 461 1912 definitiva
487 1877 544 1908 est,
571 1881 669 1912 quam
694 1881 755 1902 nos
779 1881 875 1912 supra
900 1873 963 1902 iarn
989 1873 1159 1909 edidimus,
1184 1874 1298 1913 partim
1324 1873 1378 1903 de·

294 1924 370 1959 leta,
396 1933 495 1963 quam
512 1924 545 1953 in
562 1923 627 1953 hoc
644 1923 836 1963 Appendice
853 1924 1074 1964 principaliter
1092 1924 1205 1954 lectori
1226 1931 1377 1965 prompte

293 1975 459 2015 legibilem
484 1974 588 2005 facere
613 1984 781 2006 conamur.
807 1975 877 2005 Hae
895 1981 1036 2019 quatuor
1053 1977 1285 2016 quasi-species
1302 1977 1377 2006 scri-

298 2032 412 2067 pturae
435 2027 469 2057 in
494 2027 698 2067 autographo
722 2028 909 2067 promiscue
934 2028 1055 2058 iacent:
1081 2027 1246 2059 definitiva
1270 2035 1377 2069 potest

296 2087 368 2109 esse
391 2079 424 2109 in
449 2079 604 2109 columna
630 2084 661 2108 et
684 2079 829 2119 margine
854 2084 885 2109 et
916 2079 947 2109 in
973 2085 1125 2120 utroque,
1148 2086 1179 2110 et
1203 2081 1378 2120 utrobique

297 2129 445 2160 intercidi
469 2139 527 2170 per
551 2129 701 2166 deletam,
722 2130 903 2161 secundum
929 2130 1121 2170 exigentiam
1146 2132 1324 2161 revisionis.

354 2180 406 2210 Ab
439 2181 503 2211 hoc
534 2181 579 2211 rei
609 2186 691 2211 statu
720 2180 870 2221 profecti,
908 2181 1133 2212 redactionum
1166 2183 1280 2212 seriem
1308 2192 1378 2222 gra-

299 2281 498 2313 columnaris
522 2283 562 2313 sit
586 2289 642 2313 aut
664 2283 858 2323 marginalis,
875 2283 1094 2324 significamus
1118 2294 1175 2324 per
1199 2291 1295 2325 typos
1312 2294 1379 2314 ma-

299 2333 376 2363 ioris
407 2335 573 2374 corporis;
607 2334 745 2365 deletam
778 2344 854 2364 vero
886 2344 943 2375 per
974 2340 1090 2375 typum
1114 2336 1286 2366 minorem.
1313 2335 1379 2365 Co-

298 2384 481 2416 lumnarem
498 2396 515 2416 a
531 2385 700 2426 marginali
717 2385 946 2426 distinguimus
970 2386 1152 2416 claudendo
1170 2387 1379 2427 marginalem

301 2487 408 2524 habet,
432 2489 627 2519 hunc-intra
651 2487 768 2519 limites
793 2498 968 2519 curvorum
990 2489 1171 2520 claudimus
1188 2491 1314 2520 uncinis
1331 2500 1379 2520 re-

300 2539 361 2568 ctis
386 2539 399 2579 [
422 2537 447 2581 ].
473 2538 559 2577 Quia
583 2549 695 2580 margo
727 2539 776 2569 his
800 2540 928 2570 uncinis
955 2540 1138 2576 innotescit,
1165 2541 1319 2571 columna
1342 2542 1379 2571 il-

299 2590 365 2621 lico
388 2591 564 2622 innotescit
588 2600 646 2632 per
669 2600 785 2621 eorum
810 2591 998 2622 absentiam.

357 2641 531 2683 Typorum
555 2652 632 2683 ergo
656 2643 832 2673 minoratio
863 2649 1080 2683 repraesentat
1105 2643 1239 2674 ductum
1265 2644 1378 2674 calami

299 2695 462 2731 Auctoris,
487 2694 538 2725 vel
563 2699 667 2730 vacat,
692 2694 744 2725 vel
767 2700 898 2735 puncta,
931 2695 980 2725 vel
1006 2705 1159 2731 rasuram,
1184 2694 1377 2725 indistincte.

300 2746 420 2776 Lector
443 2746 530 2776 enim
555 2755 623 2776 non
648 2746 773 2786 quaerit
797 2745 968 2776 deletionis
992 2745 1140 2782 modum,
1165 2746 1221 2776 sed
1246 2746 1377 2776 factum.

300 2797 419 2828 Uncini
444 2798 533 2828 curvi
550 2802 582 2827 et
598 2797 676 2827 recti
692 2797 871 2837 marginem
888 2796 1080 2837 significant,
1097 2797 1153 2828 sed
1178 2798 1294 2827 iteruin
1312 2808 1377 2827 non
1405 2786 1407 2816 Ϊ

299 2848 504 2889 distinguunt
529 2849 598 2879 eius
622 2847 828 2887 differentias
850 2848 1046 2878 materiales:
1073 2854 1181 2878 utrum
1206 2848 1316 2879 dexter
1339 2849 1378 2878 sit
1405 2840 1406 2876 f

298 2911 341 2932 an
357 2902 494 2937 sinister,
504 2901 653 2940 superior
669 2899 811 2936 inferior,
829 2900 914 2930 imus
930 2909 1111 2940 supremus,
1126 2901 1376 2931 intercolumna-
1404 2927 1406 2931 Α

301 2953 342 2983 ris
366 2952 589 2982 interlinearis.
607 2950 679 2991 Ipsa
699 2951 863 2987 columna,
882 2952 984 2981 immo
1009 2951 1077 2990 ipsa
1097 2951 1191 2986 linea,
1216 2951 1378 2982 interdum

302 3004 360 3035 erit
384 3013 496 3043 margo
521 3008 553 3033 et
576 3003 660 3032 inter
683 3002 822 3032 uncinos
847 3002 1069 3042 captivabitur.
1095 3001 1236 3040 Quando
1257 3002 1378 3032 scilicet

300 3057 334 3086 in
363 3054 567 3095 autographo
599 3063 637 3083 ex
669 3059 795 3083 mutato
827 3053 1010 3093 scriptionis
1040 3054 1222 3083 charactere
1253 3059 1378 3083 constat

302 3106 463 3147 quaedam
486 3106 520 3136 in
545 3105 700 3135 columna
724 3103 777 3134 vel‘
806 3105 951 3144 margine
976 3105 1136 3144 posterius
1169 3103 1275 3134 addita
1299 3114 1377 3139 esse,

301 3158 382 3188 haec
398 3158 493 3187 nobis
510 3166 567 3197 per
583 3165 616 3186 se
634 3156 813 3196 marginem
830 3155 1043 3191 constituunt,
1061 3161 1097 3185 ut
1112 3155 1198 3195 App.
1217 3155 1256 3185 8*
1267 3165 1284 3185 a
1304 3156 1377 3193 5-7.

300 3209 337 3239 Si
360 3218 438 3239 vero
466 3208 604 3238 mutatio
638 3207 733 3237 unius
762 3206 884 3236 litterae
913 3206 963 3236 vel
988 3206 1114 3246 aliquot
1144 3206 1320 3236 litterarum
1345 3207 1377 3235 in

300 3261 371 3300 ipsa
394 3260 479 3290 linea
503 3259 654 3295 occurrit,
680 3268 728 3288 ex.
753 3268 798 3298 gr.
828 3258 853 3288 si
885 3267 947 3287 vox
971 3258 1024 3288 sui
1047 3267 1104 3297 per
1127 3259 1342 3288 mutationem
1369 3259 1379 3287 i

302 3312 425 3342 litterae
450 3312 482 3340 in
508 3320 525 3340 e
548 3309 630 3340 facta
656 3315 702 3339 est
725 3318 815 3344 suae,
841 3314 915 3348 post
930 3308 983 3338 sui
998 3309 1117 3338 minori
1141 3314 1221 3348 typo
1245 3309 1379 3348 impres—

298 3373 376 3394 sum
399 3362 567 3403 apparebit
589 3370 670 3392 suae
694 3362 775 3391 intra
804 3361 953 3396 uncinos,
988 3360 1101 3390 maiori
1127 3358 1206 3401 typo
1231 3362 1257 3390 si
1281 3361 1376 3396 stetit,

303 3415 423 3446 minori
447 3413 580 3454 quando
604 3414 721 3443 iterum
747 3412 890 3446 deletum
915 3418 972 3442 est.
999 3411 1050 3442 Ob
1076 3411 1212 3442 eandem
1238 3422 1378 3447 causam,

300 3466 425 3497 scilicet
447 3475 490 3496 ne
514 3466 604 3505 signa
628 3465 784 3495 lectorem
810 3464 1002 3499 obruerent9
1018 3464 1208 3503 scripturam
1235 3462 1379 3493 fasciculi

302 3517 460 3548 auxiliarii
483 3526 542 3547 seu
562 3529 575 3543 «
595 3516 685 3556 parvi
702 3529 729 3551 »,
747 3515 895 3555 quamvis
915 3520 1027 3544 nostro
1045 3523 1141 3544 sensu
1157 3523 1251 3544 verus
1268 3524 1379 3553 margo

300 3575 361 3605 est,
385 3578 454 3598 non
478 3566 670 3598 adducimus
703 3568 784 3596 intra
816 3566 964 3601 uncinos,
997 3564 1052 3595 sed
1084 3565 1217 3594 nomine
1242 3575 1312 3601 suo,
1338 3574 1380 3594 ex

299 3625 464 3662 quaterno
477 3619 671 3653 auxiliario,
686 3624 898 3657 ceterumque
910 3622 1083 3647 tractamus
1096 3622 1132 3646 ut
1144 3616 1378 3646 columnarem.
1406 3604 1408 3644 ἶ

361 3669 528 3708 Quasdam
556 3670 728 3709 scripturas
758 3669 881 3698 Auctor
913 3677 950 3698 ex
980 3667 1142 3697 deletione
1171 3666 1378 3701 resuscitavit,

302 3722 444 3753 delendo
469 3730 589 3762 nempe
613 3721 730 3751 ductus
756 3721 812 3761 qui
832 3719 1024 3750 deleverant.
1050 3719 1126 3748 Istas
1151 3719 1198 3748 bis
1223 3718 1379 3757 reprodu-
1405 3737 1406 3740 =

301 3774 419 3810 cimus,
443 3774 476 3804 in
500 3782 601 3813 parvo
632 3778 664 3803 et
694 3772 808 3802 maiori
832 3777 923 3812 typo,
951 3771 976 3800 si
1001 3771 1112 3800 breves
1137 3775 1220 3804 sunt,
1247 3768 1287 3799 cf.
1312 3770 1379 3808 Ap-

303 3824 401 3864 pend.
423 3824 480 3854 15*
499 3825 519 3854 b
537 3823 592 3860 15;
610 3823 797 3863 longiorum
815 3827 1006 3852 tractatuum
1025 3821 1183 3851 restitutio
1200 3820 1303 3850 verbis
1320 3829 1378 3849 no·
1404 3816 1407 3839 Γ

299 3875 443 3906 tificatur
459 3875 499 3906 ad
516 3875 639 3905 calcem
661 3875 807 3915 paginae.
825 3892 847 3896 -
864 3874 1027 3914 Scriptura
1051 3872 1191 3903 rediviva
1215 3878 1245 3901 et
1262 3872 1376 3901 iterum
1404 3864 1405 3920 J

1404 3925 1405 3962 ξ
1434 3923 1698 3953 Auctor-revisor
1709 3923 1866 3954 mutando
1880 3923 2027 3954 ordinem
2041 3924 2256 3964 capitulorum
2274 3932 2344 3953 eam
2361 3923 2429 3962 ipse
2438 3932 2506 3952 sus-

303 3927 409 3958 deleta
432 3936 501 3957 non
525 3926 665 3956 admittit
688 3925 959 3966 significationem
983 3925 1043 3955 nisi
1067 3924 1239 3954 verbalem.

361 3978 452 4008 Haec
475 3978 576 4017 signa,
602 3977 713 4007 uncini
738 3982 769 4007 et
793 3976 957 4007 diversitas
981 3976 1049 4016 typi
1074 3974 1252 4005 secundum
1278 3974 1377 4003 maio-

301 4038 373 4059 rem
397 4034 429 4059 et
452 4029 625 4063 minorem,
649 4026 844 4062 sufficerent,
869 4027 894 4056 si
919 4026 1120 4057 redactiones
1144 4025 1226 4055 duae
1254 4030 1376 4054 tantum
1403 4050 1406 4056 Δ

1243 922 1721 951 fsoeeszffloeoeu—m-
1735 936 1750 939 -ι
1758 937 1775 939 -

1434 1164 1549 1194 essent,
1575 1164 1605 1188 et
1630 1159 1814 1190 etiamnunc
1845 1159 2009 1190 sufficiunt
2033 1161 2072 1191 ad
2096 1161 2338 1201 significandam
2367 1172 2504 1202 compo-

1434 1210 1585 1240 sitionem
1603 1216 1707 1241 textus
1725 1210 1880 1242 definitivi
1898 1222 1935 1242 ex
1952 1214 2107 1252 scriptura
2124 1214 2304 1244 columnari
2321 1224 2378 1245 seu
2394 1215 2506 1255 primi-

1403 1290 1405 1295 ,
1432 1261 1495 1291 tiva
1512 1267 1543 1291 et
1559 1262 1726 1302 marginali
1742 1272 1798 1293 seu
1816 1264 2008 1294 revisionali.
2027 1264 2130 1294 Immo
2147 1275 2214 1295 non
2239 1275 2322 1306 opus
2346 1272 2412 1296 erat
2429 1276 2504 1297 eum

1431 1312 1483 1343 hic
1499 1313 1662 1352 integrum
1678 1314 1831 1345 recudere
1848 1315 1907 1345 nisi
1925 1322 2083 1355 quantum
2101 1317 2174 1346 satis
2191 1323 2238 1346 est
2262 1317 2301 1347 ad
2324 1323 2505 1348 monstran-

1433 1364 1507 1394 dam
1530 1365 1624 1394 istam
1652 1365 1823 1404 mixturam
1853 1376 1890 1396 ex
1922 1367 2027 1406 primo
2058 1373 2088 1397 et
2118 1368 2300 1398 revisionali
2324 1368 2503 1404 elemento;

1431 1416 1541 1455 itaque
1565 1426 1624 1455 pro
1643 1422 1713 1446 toto
1730 1418 1915 1457 saepissime
1933 1417 2046 1448 damus
2063 1419 2158 1449 verba
2182 1420 2313 1449 initialia
2337 1425 2368 1450 et
2386 1419 2503 1457 finalia,

1432 1467 1562 1506 punctis
1588 1467 1713 1497 mediis.
1744 1467 1884 1498 Textum
1917 1478 1993 1508 ergo
2017 1469 2230 1506 definitivum,
2255 1480 2352 1510 quem
2382 1472 2505 1502 Auctor

1434 1671 1487 1700 tali
1514 1670 1602 1700 nulla
1626 1671 1659 1700 in
1684 1681 1723 1701 eo
1749 1671 1912 1702 distinctio
1936 1674 2002 1712 peti
2034 1679 2150 1713 potest,
2181 1675 2223 1704 ob
2248 1675 2374 1705 iteratas
2401 1682 2505 1706 muta-

1491 1825 1575 1854 Nam
1600 1826 1632 1854 in
1659 1825 1813 1864 scriptura
1839 1826 1943 1856 deleta
1967 1827 2106 1857 existunt
2130 1833 2248 1858 tractus
2272 1828 2425 1858 orationis
2450 1829 2505 1868 qui

1435 1882 1609 1915 antequam
1635 1876 1820 1908 immediate
1838 1877 2047 1907 circumstans
2072 1884 2175 1908 textus
2192 1879 2419 1909 obliterabatur
2443 1880 2505 1909 iam

1404 1952 1405 1958 ,
1435 1926 1531 1956 deleti
1557 1932 1661 1960 erant:
1688 1927 1779 1967 quod
1803 1928 2081 1967 praedeletionem
2114 1939 2279 1959 vocamus.
2307 1930 2397 1959 Patet
2423 1931 2505 1960 hanc

1404 2007 1405 2010 ,
1434 1979 1625 2019 scripturam
1659 1979 1752 2010 alicui
1781 1981 1878 2019 priori
1911 1980 2103 2011 redactionis
2132 1981 2234 2011 stadio
2263 1982 2504 2021 appertinuisse.

1404 2046 1405 2067 3
1435 2029 1571 2060 Factum
1602 2031 1753 2070 graphice
1784 2031 1954 2061 statuimus
1986 2031 2166 2062 claudendo
2198 2033 2386 2072 scripturam
2417 2038 2506 2062 ante-

1404 2115 1406 2118 ·
1435 2080 1586 2111 cedentes
1610 2081 1746 2111 deletam
1773 2082 1853 2111 intra
1883 2083 2020 2112 uncinos
2050 2082 2150 2113 flexos
2183 2083 2199 2121 <
2226 2083 2255 2123 >.
2288 2083 2405 2114 Uncini
2433 2083 2506 2114 flexi

1404 2141 1406 2177 ζ
1434 2142 1605 2172 nunquam
1623 2139 1745 2163 textum
1764 2133 1924 2169 ultimum,
1942 2134 1998 2164 sed
2015 2140 2137 2165 textum
2155 2145 2171 2164 a
2187 2135 2326 2165 revisore
2351 2136 2505 2165 reiectum

1404 2180 1406 2227 ζ
1434 2183 1594 2220 indicant;
1620 2185 1695 2215 ideo
1715 2195 1781 2215 non
1807 2192 1982 2216 occurrunt
1998 2186 2058 2216 nisi
2083 2188 2257 2217 comitante
2274 2192 2352 2227 typo
2377 2188 2505 2217 minori.

299 2230 396 2271 phice
421 2230 650 2272 distinguimus
674 2232 804 2262 duobus
820 2232 928 2272 signis.
946 2233 1143 2273 Scripturam
1169 2233 1378 2269 definitivam,
1405 2233 1406 2241 ³

1492 2234 1677 2266 Occurrunt
1703 2236 1798 2266 etiam
1824 2237 1906 2266 inter
1930 2237 2118 2276 scripturam
2150 2237 2286 2267 deletam
2310 2237 2431 2267 litterae
2456 2238 2505 2267 vel

1437 2287 1543 2322 verba,
1568 2287 1617 2317 vel
1643 2287 1807 2318 dimidiata
1832 2288 1938 2323 verba,
1959 2288 2007 2318 vel
2033 2289 2161 2328 phrases
2184 2289 2411 2329 incompletae‚
2429 2299 2508 2329 qua-

1405 2375 1407 2386 4
1436 2347 1508 2368 rum
1533 2337 1651 2368 deletio
1677 2338 1792 2369 accidit
1809 2339 1940 2379 quando
1958 2339 2082 2370 Auctor
2106 2340 2211 2380 primo
2235 2349 2332 2380 super
2355 2340 2508 2370 columna

1406 2388 1407 2423 ἶ
1436 2389 1485 2419 vel
1505 2390 1648 2429 margine
1665 2390 1832 2427 scribebat,
1850 2400 1932 2430 quae
1950 2400 2036 2430 ergo,
2054 2400 2129 2421 cum
2149 2391 2211 2420 sint
2227 2391 2322 2431 primi
2339 2393 2507 2428 momenti,

297 2437 381 2466 intra
404 2438 544 2467 uncinos
568 2447 685 2467 curvos
710 2437 722 2477 (
746 2436 770 2478 ),
796 2443 837 2473 et,
862 2437 918 2468 ubi
942 2447 1054 2478 margo
1079 2448 1174 2468 suum
1199 2440 1379 2479 marginem
1406 2446 1407 2449 ’

1437 2439 1475 2470 ad
1492 2441 1688 2470 revisionem
1713 2441 1874 2480 posterius
1898 2442 2074 2471 institutam
2091 2442 2220 2481 proprie
2244 2451 2310 2471 non
2336 2442 2507 2481 pertinent.

1437 2491 1602 2522 Denotant
1632 2492 1777 2522 laborem
1810 2493 1926 2522 mentis
1959 2498 1989 2522 et
2018 2492 2157 2533 perfecte
2183 2492 2308 2523 dicendi
2341 2503 2451 2523 curam
2476 2494 2508 2523 in

1436 2549 1510 2573 actu
1536 2543 1636 2582 ipsius
1661 2544 1783 2583 primae
1808 2544 1999 2583 scriptionis.
2025 2543 2118 2573 Hanc
2142 2543 2337 2574 deletionem
2361 2543 2508 2574 notifica—

1406 2615 1407 2621 .
1437 2603 1510 2623 mus
1535 2599 1590 2623 aut
1613 2595 1706 2633 signo
1731 2594 1869 2633 simplici
1895 2599 1925 2624 et
1955 2594 2094 2624 multum
2124 2594 2249 2630 visibili,
2275 2600 2353 2635 typo
2378 2595 2507 2631 minori,

1405 2655 1407 2686 j
1437 2646 1513 2684 quia
1539 2644 1658 2676 deletio
1683 2645 1808 2682 accidit,
1833 2645 1888 2676 sed
1913 2645 2041 2681 italico;
2070 2652 2124 2675 aut
2155 2645 2310 2676 lectorem
2334 2654 2508 2675 monemus

1435 2696 1605 2726 verbaliter
1621 2695 1660 2726 ad
1677 2686 1804 2726 calcem*
1816 2697 1968 2736 paginae;
1993 2696 2033 2726 cf.
2059 2697 2097 2736 9*
2114 2697 2133 2725 b
2150 2695 2305 2734 46*-58*‚
2324 2706 2399 2726 cum
2418 2702 2506 2726 nota.

1492 2747 1589 2787 Signa
1613 2757 1690 2787 ergo
1720 2753 1829 2778 nostra
1862 2753 1957 2777 sunt:
1982 2747 2134 2787 primum,
2164 2747 2287 2777 diversa
2316 2746 2506 2787 magnitudo

1438 2806 1610 2839 typorum;
1628 2799 1790 2829 character
1805 2799 1935 2829 maioris
1950 2799 2046 2829 molis
2062 2799 2164 2828 solam
2182 2800 2371 2839 scripturam
2388 2799 2508 2829 indicat

1439 2850 1648 2886 definitivam,
1666 2851 1773 2881 minor
1792 2850 1928 2880 deletam
1947 2859 2205 2890 quamcumque;
2231 2849 2421 2886 secundum,
2446 2860 2507 2880 un-

1438 2903 1501 2932 cini
1526 2903 1614 2932 curvi
1643 2908 1674 2932 et
1702 2903 1789 2938 recti,
1815 2903 1869 2942 qui
1899 2907 2080 2941 sequuntur
2103 2902 2225 2931 molem
2253 2902 2320 2942 typi
2349 2903 2506 2932 maiorem

1404 2963 1407 3001 ᾗ
1436 2953 1486 2984 vel
1511 2954 1671 2984 minorem
1694 2953 1873 2983 secundum
1889 2952 1979 2992 quod
1995 2952 2035 2983 ad
2051 2953 2238 2983 alterutrum
2257 2952 2428 2983 adhibendi
2453 2963 2506 2983 ve-

1436 3010 1568 3040 nerunt;
1594 3005 1734 3040 tertium,
1752 3005 1861 3034 uncini
1886 3003 1959 3034 flexi
1984 3009 2015 3034 et
2038 3010 2134 3044 typus
2158 3004 2316 3039 cursivus;
2341 3004 2384 3034 illi
2409 3005 2507 3044 signi-

1436 3055 1532 3086 ficant
1557 3055 1829 3095 praedeletionem
1854 3056 2027 3095 scripturae
2056 3055 2215 3091 occlusae,
2231 3055 2263 3084 hi
2282 3055 2458 3086 deletiones
2474 3056 2507 3085 in

1436 3113 1509 3138 actu
1533 3108 1655 3147 primae
1683 3107 1865 3146 scriptionis
1890 3107 1920 3136 in
1947 3107 2099 3137 columna
2123 3107 2173 3137 vel
2197 3107 2228 3136 in
2253 3108 2407 3147 margine,
2431 3117 2506 3139 nam

1405 3180 1407 3196 4
1438 3164 1468 3188 et
1492 3167 1604 3197 margo
1620 3158 1756 3197 primam
1773 3167 1849 3188 suae
1873 3158 2055 3197 scriptionis
2078 3158 2190 3188 horam
2215 3158 2336 3188 habuit.
2362 3158 2408 3188 Ea
2424 3169 2506 3199 quae

1438 3209 1556 3238 horum
1581 3209 1746 3247 signorum
1764 3208 1941 3248 potentiam
1965 3214 2126 3248 superant,
2144 3209 2277 3238 naturali
2303 3209 2394 3248 signo
2420 3210 2508 3239 vocis

1438 3260 1573 3299 scriptae
1591 3259 1778 3299 explicanda
1796 3264 1894 3295 erant,
1911 3269 1951 3288 ne
1971 3259 2094 3289 indices
2118 3266 2250 3299 propter
2265 3259 2505 3290 multitudinem

1437 3309 1690 3340 confundentem
1717 3309 1894 3349 quidquam
1919 3309 2059 3340 indicare
2085 3310 2276 3340 desinerent.

1492 3360 1581 3390 Sicut
1605 3361 1705 3390 lector
1729 3361 1791 3390 iarn
1817 3360 2015 3396 intellexerit,
2034 3361 2214 3400 marginalis
2236 3362 2391 3401 scriptura
2415 3367 2508 3391 auto-

1437 3413 1547 3452 graphi
1573 3413 1604 3442 in
1637 3413 1760 3452 paginis
1790 3412 1988 3452 Appendicis
2016 3422 2083 3442 non
2113 3419 2246 3453 apparet
2273 3423 2368 3453 supra
2396 3406 2507 3444 earum

1437 3464 1606 3503 margines
1624 3463 1679 3493 sed
1696 3463 1823 3493 uncinis
1839 3464 1943 3493 curvis
1961 3469 1991 3492 et
2013 3464 2105 3493 rectis
2122 3463 2270 3494 distincta
2286 3465 2318 3494 in
2337 3465 2506 3495 columnas

1438 3521 1560 3545 nostras
1586 3514 1768 3544 introducta
1793 3521 1849 3545 est.
1875 3514 1974 3552 Quod
1999 3522 2130 3555 propter
2154 3516 2232 3546 duas
2262 3526 2373 3546 causas
2396 3526 2507 3547 neces-

1438 3567 1553 3596 sarium
1580 3572 1643 3596 erat
1668 3565 1746 3596 ficri.
1772 3566 1867 3596 Nulla
1892 3565 1974 3596 forte
1997 3567 2145 3596 machina
2165 3567 2398 3607 typographica
2422 3573 2509 3597 tanta

1436 3618 1565 3648 lenitate
1597 3623 1628 3647 et
1656 3617 1875 3647 tractabilitate
1906 3624 1962 3653 est,
1993 3623 2031 3654 ut
2058 3628 2110 3648 eas
2139 3619 2310 3657 scripturas
2338 3628 2417 3658 quas
2447 3628 2507 3648 nos

1435 3669 1617 3710 marginem
1644 3669 1841 3705 vocavimus,
1873 3669 2005 3709 proprio
2035 3669 2121 3707 loco,
2152 3668 2233 3699 idest
2263 3669 2338 3699 loco
2368 3679 2451 3710 quae
2475 3670 2506 3699 in

1435 3721 1636 3760 autographo
1662 3726 1834 3760 occupant.
1859 3730 1980 3760 ponere
2004 3721 2043 3750 sit
2067 3730 2174 3760 capax.
2202 3720 2326 3750 Deinde
2350 3721 2508 3760 margines

1434 3776 1563 3800 nostros
1598 3770 1725 3800 dextros
1759 3776 1790 3800 et
1824 3770 1968 3800 sinistros
2001 3771 2053 3800 alii
2084 3771 2263 3801 necessitati
2299 3780 2506 3800 reservamus.

1434 3821 1517 3851 Nam
1538 3820 1581 3861 (et
1605 3822 1667 3851 hoc
1693 3822 1788 3851 etiam
1813 3821 1915 3851 lector
1942 3822 2006 3851 iam
2030 3831 2141 3852 secum
2162 3821 2285 3861 dixerit)
2314 3822 2507 3851 continuitas

1434 3872 1658 3902 redactionum
1674 3882 1742 3902 non
1759 3878 1866 3912 potest
1882 3872 2004 3912 ubique
2021 3874 2146 3903 servari.
2161 3872 2249 3910 Quid
2261 3873 2357 3908 enirn,
2376 3871 2505 3911 quando

1434 3971 1525 4004 tulit?
1549 3974 1581 4004 Si
1599 3973 1652 4003 tali
1670 3974 1702 4004 in
1723 3983 1799 4005 casu
1816 3984 1946 4004 cursum
1971 3976 2092 4014 primae
2116 3974 2308 4004 redactionis
2328 3974 2503 4013 sequimur,

1434 4030 1540 4054 textus
1565 4025 1697 4054 ultimae
1723 4024 1902 4055 disiunctus
1919 4026 1993 4060 erit3
2019 4026 2043 4054 si
2060 4025 2155 4054 huius
2180 4023 2337 4060 ordinem,
2362 4024 2508 4053 membra
