2756 4322
31 709 39 716 ¹
57 707 117 728 Casu
135 706 246 733 repetitur

32 739 91 754 esse.

31 761 51 770 “·
62 759 93 786 46
104 766 117 780 v
132 759 146 780 b
159 766 177 780 i.

32 814 40 822 ”
55 812 110 833 Vid.
129 811 157 833 ad
173 811 217 832 loc.

30 913 107 935 ‘vid.
132 913 160 943 ad
183 913 242 938 loc.;

32 940 69 961 ubi
88 939 178 971 corrige
199 939 244 960 Hic

29 967 51 988 in
67 966 114 988 Sic.

31 1374 56 1399 iti
67 1380 79 1394 v
95 1373 108 1394 b
119 1379 241 1400 ¹4·P·4¹4·

30 1737 38 1745 ⁶
54 1737 78 1765 c!
91 1741 120 1757 ex
127 1735 203 1756 deleto
212 1742 242 1757 re-

31 1765 146 1784 stitutum.

27 2664 139 2685 47rai.

31 3588 60 3610 47
70 3587 82 3604 r
95 3588 107 3603 a
123 3587 170 3609 mg.
190 3578 237 3603 ins.¹

32 3683 138 3710 lb.a24

279 168 352 205 60*

278 243 391 288 parent
421 247 614 277 diversarum
646 246 783 284 partium
814 244 939 273 animae
964 242 1170 282 operationes
1189 248 1216 270 et
1235 252 1248 269 s
1267 241 1350 270 sicut

277 304 364 339 patet
379 299 412 328 in
430 297 619 327 animalibus
637 304 719 335 quae
733 294 838 324 decisa
850 294 973 330 vivunt,
991 293 1067 333 quia
1086 296 1217 327 quaelibet
1236 291 1349 322 eadem

277 358 348 388 pars
364 348 459 377 habet
482 352 609 377 motum
631 351 662 375 et
681 354 812 375 sensum
837 350 867 374 et
891 344 1071 384 appetitum
1097 353 1164 383 quo
1188 347 1348 373 movetur.

276 399 317 428 Et
351 398 495 427 similiter
512 420 518 427 .
535 420 542 426 .
556 420 563 426 .
581 396 760 426 attributae.
785 397 802 434 §
826 396 987 435 Amplius,
1017 394 1169 425 Diversae
1196 395 1278 424 vires
1296 416 1302 423 .
1318 417 1324 423 .
1341 416 1346 423 .

275 448 441 487 contingit.
467 447 623 476 Videmus
649 445 785 486 (autem)
818 445 908 485 quod
939 445 1082 475 diversae
1113 445 1257 475 actiones
1281 445 1348 474 ani-

274 498 640 538 mae...principium.
670 498 745 527 Hoc
777 503 885 528 autem
917 498 1114 537 principium
1146 506 1213 526 non
1242 502 1349 536 potest

274 558 342 578 esse
367 557 495 588 corpus,
521 548 608 578 Tum
625 548 700 588 quia
725 548 832 587 aliqua
856 549 940 578 actio
957 554 1004 578 est
1027 548 1059 577 in
1078 557 1142 587 qua
1166 557 1232 577 non
1258 556 1349 577 com-

273 599 416 628 municat
441 607 570 638 corpus,
591 605 621 626 ut
640 598 761 628 scilicet
778 599 965 639 intelligere,
982 603 1051 627 unde
1066 607 1091 627 et
1107 603 1145 626 vis
1160 609 1228 634 quae
1241 606 1281 626 est
1294 601 1350 625 eius

273 653 427 686 principium
447 661 499 678 non
515 658 555 678 est
569 658 641 678 actus
656 654 780 686 corporis.
798 650 886 680 Tum
904 651 979 690 quia
997 674 1004 680 .
1020 674 1026 680 .
1044 673 1051 680 .
1070 650 1160 690 quod
1177 655 1264 689 patet
1281 658 1349 679 esse

273 699 388 730 falsum
414 710 482 730 esse
499 701 524 730 *.
551 701 591 731 Et
615 701 660 730 sic
692 701 886 741 relinquitur
902 700 936 718 *³*
961 700 1051 740 quod
1083 702 1122 731 sit
1153 700 1349 740 principium

273 762 382 782 earum
401 752 503 782 forma
528 753 635 792 aliqua
667 762 730 783 una
761 762 818 793 per
848 762 947 792 quam
978 753 1042 782 hoc
1071 761 1190 792 corpus
1218 757 1266 781 est
1288 751 1350 781 tale

273 811 401 846 corpus,
419 805 490 837 quod
508 802 619 845 (quae)
645 809 692 834 est
716 804 832 833 anima.
858 803 1085 843 Relinquitur.
1101 825 1108 832 .
1124 826 1130 832 .
1148 803 1187 832 ab
1212 802 1318 832 anima
1335 802 1351 817 *

272 868 337 888 una
362 856 553 897 procedunt.
579 856 619 885 Et
643 856 688 885 sic
712 865 779 885 non
805 862 879 884 sunt
903 855 936 884 in
961 854 1056 884 nobis
1081 853 1189 893 plures
1214 853 1350 883 animae.

270 911 289 948 §
306 909 391 939 Huic
409 909 505 939 etiam
521 932 527 939 .
541 932 547 938 .
561 932 567 938 .
582 907 742 947 disponat.
770 911 782 925 *
798 911 813 943 ξ
828 911 868 935 Sic
888 910 966 942 igitur
985 917 1082 943 ponere
1101 910 1190 942 plures
1210 910 1310 934 animas
1326 909 1350 933 in

271 964 378 989 homine
397 969 437 989 est
456 969 482 988 et
501 963 592 988 rationi
613 963 769 988 contrarium
789 967 815 986 et
833 967 919 986 rectae
938 960 997 986 fidei
1017 962 1166 986 adversum.
1186 961 1243 985 Hoc
1263 964 1350 984 autem

273 1020 383 1046 remoto,
403 1014 522 1048 sequitur
540 1014 658 1039 animam
679 1020 709 1037 ex
728 1012 880 1045 praemissis
895 1012 1038 1037 rationibus
1058 1011 1171 1036 animam
1196 1011 1350 1036 rationalem

271 1066 385 1091 hominis
397 1066 520 1099 sormam
541 1066 642 1097 corpori
663 1064 728 1088 uniri
748 1069 776 1088 ut
795 1063 915 1088 formam.

365 1212 445 1252 Cap.
471 1212 552 1242 LIX.
582 1211 679 1248 Quor)
704 1221 912 1241 mrELLECTth
936 1220 1100 1241 Possumus
1126 1220 1255 1240 uomitus

531 1273 595 1292 nou
620 1272 674 1292 EST
699 1272 886 1292 suas'rnxrm
910 1273 1078 1292 samium.

314 1370 414 1408 Quod
439 1369 621 1400 intellectus
646 1370 807 1409 possibilis
831 1370 973 1400 hominis
997 1379 1064 1400 non
1094 1375 1141 1400 est
1172 1369 1348 1399 substantia

270 1428 422 1462 separata.
447 1439 470 1444 -
493 1423 511 1460 §
526 1421 671 1451 Fuerunt
696 1427 805 1452 autem
831 1427 861 1451 et
886 1421 937 1452 alii
957 1427 1063 1452 ...ut
1087 1421 1201 1451 forma.
1227 1420 1349 1451 Dicunt

270 1474 357 1504 enim
382 1473 471 1513 quod
496 1472 679 1503 intellectus
704 1473 801 1503 etiam
826 1472 916 1513 quod
943 1472 1134 1503 Aristoteles
1160 1471 1349 1513 possibilem

270 1531 374 1561 vocat,
393 1530 438 1555 est
456 1523 616 1564 quaedam
633 1524 809 1554 substantia
827 1530 971 1565 separata
991 1531 1017 1553 et
1035 1528 1085 1553 hoc
1103 1527 1168 1561 cons
1184 1533 1251 1554 non
1269 1533 1348 1554 con-

270 1578 379 1607 iuncta
396 1577 490 1606 nobis
511 1582 546 1606 ut
563 1575 667 1606 forma
686 1579 808 1612 corporis
827 1580 923 1604 nostri.
945 1575 988 1617 (g)
1011 1576 1051 1606 Et
1075 1577 1139 1606 hoc
1156 1574 1349 1606 confirmare

270 1629 417 1658 nituntur
441 1628 546 1667 primo
581 1637 618 1657 ex
651 1627 754 1657 verbis
786 1628 976 1663 Aristotelis,
1010 1627 1067 1668 qui
1098 1626 1185 1663 dicit,
1217 1625 1257 1656 de
1285 1626 1348 1656 hoc

270 1679 435 1709 intellectu
471 1678 621 1718 loquens,
646 1677 735 1717 quod
764 1683 810 1708 est
838 1684 1003 1718 separatus
1030 1681 1067 1715 (et
1093 1681 1238 1706 secundum
1264 1679 1349 1713 anax.)

273 1730 328 1760 et*
345 1731 508 1760 immixtus
525 1729 665 1768 corpori,
690 1735 721 1758 et
745 1729 879 1769 simplex
897 1736 928 1759 et
952 1729 1167 1770 impassibiliS,
1181 1738 1265 1769 quae
1281 1738 1348 1759 non

273 1787 404 1821 possent
422 1780 484 1810 dici
508 1780 548 1810 de
565 1789 605 1810 eo
630 1781 653 1809 si
673 1786 755 1809 esset
780 1779 882 1810 forma
899 1781 1055 1821 corporis.
1080 1781 1098 1819 ξ
1115 1780 1195 1810 Item
1213 1789 1270 1820 per
1294 1780 1348 1810 de-

273 1833 540 1862 monstrationem
556 1836 702 1860 Aristotelis
721 1830 892 1872 (eiusdem)
920 1842 984 1872 qua
1008 1832 1123 1872 probat
1146 1831 1247 1872 quod,
1272 1832 1348 1871 quia

272 1883 453 1913 intellectus
478 1883 638 1923 possibilis
662 1884 775 1923 recipit
800 1892 915 1913 omnes
939 1884 1063 1922 species
1087 1891 1194 1912 rerum
1214 1882 1348 1912 sensibi-

271 1934 350 1964 lium
371 1944 395 1961 et
415 1944 454 1962 est
474 1935 504 1963 in
523 1935 667 1974 potentia
693 1934 732 1964 ad
756 1943 793 1964 ea
814 1934 963 1969 existens,
981 1939 1111 1973 oportet
1134 1933 1225 1973 quod
1242 1934 1349 1963 omni-

271 1988 330 2016 bus
355 1993 469 2023 careat,
495 1988 576 2017 sicut
594 1987 728 2027 pupilla,
746 1996 830 2027 quae
846 1987 960 2027 recipit
977 1996 1092 2017 omnes
1109 1987 1233 2026 species
1257 1986 1348 2017 colo-

270 2047 352 2074 rum,
378 2044 463 2068 caret
487 2038 578 2068 omni
599 2038 723 2068 colore:
749 2039 773 2067 si
799 2038 887 2068 enim
912 2038 1043 2068 haberet
1059 2036 1115 2078 (de
1139 2037 1186 2075 se)
1204 2037 1347 2077 aliquem

270 2090 425 2126 colorem,
456 2090 508 2120 ille
533 2090 624 2120 color
648 2090 833 2130 prohiberet
858 2090 957 2120 videri
981 2090 1061 2120 alios
1090 2089 1227 2125 colores,
1253 2090 1347 2130 quin-

268 2142 370 2172 immo
395 2141 472 2171 nihil
499 2141 658 2172 videretur
685 2143 745 2172 nisi
770 2143 829 2172 sub
854 2142 910 2172 illo
942 2142 1053 2172 colore
1079 2145 1194 2178 potentia
1213 2145 1284 2171 enim
1304 2152 1347 2170 co-

268 2196 411 2229 gnoscitiva
429 2196 490 2220 nihil
510 2197 644 2229 cognoscit
663 2196 712 2222 nisi
731 2197 781 2222 sub
800 2197 888 2230 specie
908 2196 1063 2222 informante
1082 2196 1176 2229 ipsam.
1195 2192 1235 2223 Et
1259 2193 1347 2223 simi-

269 2244 339 2274 liter
425 2244 638 2275 sensibilibus.
672 2245 744 2275 Hoc
777 2251 885 2276 autem
918 2251 1084 2285 oporteret
1115 2254 1183 2275 esse
1211 2244 1236 2274 si
1265 2249 1347 2274 esset

269 2300 354 2326 forma
372 2300 478 2326 alicuius
497 2301 613 2333 corporis
634 2296 766 2337 (mixtus
791 2297 887 2327 alicui
911 2296 1054 2338 corpori)
1085 2296 1129 2338 (et
1152 2296 1298 2327 similiter
1321 2297 1346 2326 si

270 2354 351 2378 esset
377 2348 479 2379 forma
504 2348 639 2379 alicuius
662 2347 833 2389 corporis.)
858 2348 943 2386 Quia
969 2358 1044 2379 cum
1063 2371 1070 2379 .
1085 2372 1092 2378 .
1108 2371 1114 2378 .
1133 2347 1272 2378 formam
1290 2347 1347 2378 ali-

270 2399 362 2430 cuius
387 2400 542 2439 corporiS.
567 2400 586 2438 §
602 2398 729 2430 Adhuc.
756 2399 787 2430 Si
813 2405 895 2430 esset
920 2398 1023 2429 forma
1047 2399 1184 2430 alicuius
1201 2398 1346 2438 corporis

270 2450 452 2486 materialis,
477 2456 560 2481 esset
577 2454 670 2480 eadem
691 2461 750 2480 rece
769 2450 915 2481 eiusdem
931 2451 1057 2491 generis
1082 2450 1226 2490 receptio
1250 2450 1346 2480 huius

270 2501 450 2532 intellectus
474 2507 506 2532 et
529 2502 673 2542 receptio
697 2502 850 2532 materiae
872 2502 1004 2542 primae.
1029 2501 1062 2532 ld
1087 2502 1173 2532 enim
1191 2500 1281 2541 quod
1299 2506 1346 2532 est

270 2552 405 2583 alicuius
436 2553 581 2593 corporis
612 2552 716 2584 forma
739 2557 818 2582 simul
841 2563 909 2584 non
935 2554 1048 2593 recipit
1076 2551 1199 2593 aliquid
1223 2553 1344 2593 absque

270 2613 326 2634 sua
350 2605 492 2635 materia.
518 2604 650 2635 Materia
675 2611 783 2635 autem
805 2628 812 2635 .
828 2628 856 2635 ..
881 2604 1008 2635 falsum.
1039 2605 1058 2643 §
1074 2604 1250 2635 Praeterea.
1278 2604 1345 2635 Ma-

269 2655 349 2686 teria
371 2656 473 2695 prima
490 2679 497 2686 .
513 2679 520 2686 .
535 2679 542 2686 .
560 2655 650 2696 quod
675 2662 722 2687 est
746 2656 873 2687 falsum.
890 2657 907 2673 ⁴*
923 2657 941 2694 ἓ
957 2655 1117 2696 Amplius.
1143 2655 1345 2696 Impossibile

270 2712 316 2736 est
341 2707 374 2736 in
398 2716 535 2747 corpore
563 2709 635 2736 finito
654 2717 722 2738 esse
750 2708 898 2738 virtutem
926 2706 1096 2743 infinitam,
1129 2713 1163 2738 ut
1192 2707 1346 2747 probatur

270 2757 308 2787 ab
333 2758 504 2789 Aristotele
527 2759 559 2789 in
586 2769 639 2789 vm
661 2759 742 2799 phis.
769 2759 952 2790 Intellectus
970 2782 977 2789 .
993 2782 999 2789 .
1015 2782 1021 2789 .
1039 2759 1071 2789 in
1092 2767 1241 2798 corpore.
1264 2759 1282 2796 fi
1299 2758 1345 2789 Ex

270 2808 318 2838 his
341 2814 449 2840 autem
468 2832 474 2839 .
490 2833 496 2840 .
513 2833 518 2839 .
538 2809 675 2840 formam
695 2811 851 2851 corporis.
876 2811 894 2849 §
911 2810 974 2841 Sed
991 2811 1066 2850 quia
1092 2810 1143 2840 hic
1165 2810 1346 2841 intellectus

270 2861 348 2892 nihil
365 2861 404 2892 ad
428 2871 488 2892 nos
512 2864 695 2902 pertineret,
720 2873 780 2894 nec
805 2873 862 2903 per
878 2865 983 2904 ipsum
1006 2863 1269 2903 intelligeremus,
1286 2864 1345 2894 nisi

270 2913 440 2944 nobiscum
474 2914 584 2954 aliquo
613 2914 714 2945 modo
743 2915 1005 2955 coniungeretur,
1030 2914 1222 2945 determinat
1250 2915 1345 2945 etiam

270 2964 405 2995 modum
423 2974 490 3005 quo
507 2958 716 2997 continuatur
733 2966 915 3002 nobiscum,
930 2966 1040 2996 dicens
1055 2965 1146 3006 quod
1158 2971 1254 3004 forma
1274 2976 1346 3006 spe-

270 3016 334 3046 cies
358 3016 519 3046 intellecta
538 3017 570 3047 in
589 3022 662 3047 actu
686 3022 734 3047 est
752 3016 855 3047 forma
879 3017 1062 3047 intellectus
1079 3017 1240 3056 possibilis
1264 3018 1346 3048 sicut

270 3068 391 3098 visibile
416 3068 446 3098 in
467 3074 540 3099 actu
569 3073 617 3097 exi
646 3075 693 3099 est
717 3068 821 3099 forma
846 3069 1009 3109 potentiae
1034 3069 1163 3099 visivae.
1191 3068 1283 3099 Unde
1308 3078 1345 3099 ex

270 3118 434 3149 intellectu
462 3109 605 3160 possibili
640 3126 670 3150 et
701 3119 803 3150 forma
827 3120 989 3150 intellecta
1018 3120 1049 3150 in
1077 3125 1151 3150 actu
1179 3119 1214 3150 fit
1242 3129 1345 3151 unum

271 3173 353 3205 magis
373 3172 474 3207 (etiam)
493 3181 573 3207 quarn
592 3182 623 3199 ex
642 3174 751 3200 materia
774 3179 799 3199 et
822 3174 916 3204 forma,
941 3181 1001 3199 nam
1026 3181 1056 3199 ex
1081 3175 1187 3199 materia
1211 3179 1237 3199 et
1262 3174 1345 3200 forma

270 3225 403 3258 consurgit
422 3225 527 3258 aliquod
542 3226 655 3255 tertium.
682 3234 733 3251 non
755 3232 841 3252 autem
866 3234 896 3251 ex
921 3226 1052 3252 intellectu
1077 3226 1195 3258 possibili
1218 3231 1242 3251 et
1261 3226 1345 3251 forma

270 3275 399 3300 intellecta
417 3276 443 3300 in
462 3281 529 3301 actu.
548 3271 755 3313 Cuicumque
780 3274 875 3314 igitur
899 3274 1107 3314 coniungitur
1123 3272 1227 3304 forma
1252 3274 1345 3304 intel-

271 3322 352 3353 lecta
368 3321 554 3365 (praedicta)
574 3325 783 3365 coniungitur
800 3325 981 3355 intellectus
999 3325 1170 3365 possibilis.
1196 3325 1343 3356 Coniun-

271 3373 355 3413 gitur
378 3380 485 3405 autem
510 3375 604 3405 nobis
628 3375 790 3406 mediante
815 3376 1049 3415 phantasmate,
1082 3375 1172 3416 quod
1198 3382 1244 3406 est
1269 3376 1344 3406 sub-

271 3425 390 3455 iectum
425 3426 589 3466 quoddam
621 3427 706 3457 illius
740 3426 863 3457 formae
892 3427 1085 3458 intellectae.
1108 3431 1138 3455 Et
1166 3427 1224 3458 Per
1256 3428 1343 3458 hunc

273 3475 396 3518 (igitur)
421 3477 556 3508 modum
581 3478 763 3508 intellectus
788 3477 949 3518 possibilis
974 3479 1146 3509 nobiscum
1169 3482 1345 3516 coniungitur

273 3527 488 3559 continuatur.
523 3530 541 3567 §
560 3529 660 3566 Quod
688 3535 795 3560 autem
824 3530 902 3560 hacc
935 3529 1047 3560 frivola
1081 3531 1143 3560 sint
1168 3536 1198 3560 et
1223 3531 1344 3570 impos-

273 3578 383 3614 sibilia,
409 3579 500 3610 facile
525 3586 571 3610 est
594 3580 711 3611 videre.
726 3582 742 3597 '⁶
765 3581 910 3618 (Habens
936 3581 1052 3622 [enim]
1076 3582 1275 3613 intellectum
1302 3593 1345 3612 co-

271 3640 399 3666 gnoscenx
426 3637 471 3661 est
488 3631 678 3671 intelligens.
706 3632 892 3671 Intelligitur
910 3655 916 3662 .
933 3656 960 3662 ..
982 3638 1139 3672 separato.
1163 3634 1181 3671 §
1205 3633 1346 3664 Praeter-

273 3679 322 3722 ea)
348 3683 364 3698 θ
385 3682 437 3712 Sic
460 3686 529 3711 enim
549 3686 632 3711 toi-ma
658 3682 807 3723 (species)
833 3683 992 3714 intellecta
1018 3684 1048 3713 in
1075 3690 1147 3714 actu
1172 3690 1219 3715 est
1243 3684 1346 3715 forma

273 3733 454 3763 intellectus
470 3734 630 3773 possibilis
647 3734 728 3765 sicut
745 3736 868 3774 species
885 3735 1016 3765 visibilis
1039 3736 1070 3765 in
1088 3741 1161 3766 actu
1179 3742 1225 3766 est
1243 3736 1346 3767 forma

272 3784 436 3824 potentiae
454 3784 570 3814 visivae
591 3785 655 3815 sive
672 3785 772 3825 ipsius
789 3786 886 3816 oculi.
905 3785 1035 3826 Species
1052 3792 1160 3817 autem
1186 3788 1346 3818 intellecta
1363 3801 1388 3821 το

273 3839 479 3874 comparatur
509 3834 548 3864 ad
577 3835 763 3874 phantasma
788 3837 870 3867 sicut
894 3837 1018 3877 species
1037 3848 1106 3874 quae
1123 3849 1138 3866 e
1158 3838 1289 3868 visibilis
1313 3839 1345 3868 in

273 3891 345 3917 actu
363 3885 402 3916 ad
427 3885 608 3917 coloratum
634 3886 723 3926 quod
748 3893 795 3917 est
815 3894 901 3918 extra
917 3889 1068 3919 animam.
1095 3889 1133 3919 Et
1152 3890 1210 3920 hac
1229 3913 1235 3919 .
1252 3914 1257 3920 .
1275 3913 1280 3920 .
1299 3891 1346 3920 in-

272 3937 370 3977 telligi
387 3937 504 3968 solum.
531 3936 665 3968 Planum
684 3943 790 3968 autem
809 3945 855 3968 est
879 3938 969 3980 quod
985 3945 1098 3977 proprie
1118 3945 1197 3970 homo
1216 3941 1346 3982 proprie

272 3993 303 4019 et
327 3997 400 4018 vere
425 3988 541 4018 dicitur
565 3987 655 4028 quod
679 3988 781 4018 homo
806 3989 961 4029 intelligit.
987 3991 1060 4022 Non
1086 3992 1173 4024 enim
1192 3996 1347 4026 intellectus.

271 4041 305 4066 de
330 4041 463 4067 intellectu
483 4049 670 4075 quaereremus
694 4038 876 4069 intellectus
908 4046 1052 4071 naturam
1082 4043 1347 4082 investigaremus

1368 717 1393 732 10

1367 1232 1393 1245 ,ο
1407 1214 1553 1245 medium
1572 1238 1578 1245 .
1594 1239 1600 1245 .
1617 1239 1622 1245 .

1366 1747 1392 1767 30

1249 144 1516 198 APPENDIX

1406 241 1467 270 nisi
1491 249 1550 280 per
1573 240 1636 270 hoc
1661 239 1751 280 quod
1775 248 1836 269 nos
1859 239 2080 280 intelligimus.
2107 243 2183 270 Unde
2207 251 2234 271 et
2255 247 2411 271 Aristoteles
2431 246 2491 271 dicit
2525 252 2527 255 ·

1407 295 1478 329 quod
1498 295 1593 319 melius
1613 299 1653 320 est
1668 294 1754 319 dicere
1771 294 1907 320 hominem
1927 294 2073 327 intelligere
2092 303 2140 328 per
2158 296 2281 322 animam.
2300 294 2377 324 Non
2393 294 2490 334 igitur

1407 345 1502 371 sufficit
1519 341 1696 384 (sufficiens
1707 342 1769 382 est)
1782 342 1968 382 praedictus
1980 344 2237 375 continuationis
2249 345 2379 376 modus.
2392 346 2411 384 ξ
2423 344 2490 375 Ad-

1406 396 1481 425 huc.
1496 395 1604 425 Omne
1617 403 1822 434 cognoscens
1838 403 1897 434 per
1912 395 2065 425 virtutem
2082 397 2339 435 cognoscitivam
2351 397 2490 427 coniun-

1406 447 1491 486 gitur
1508 446 1638 476 obiecto
1653 451 1684 475 et
1700 454 1769 474 non
1782 454 1800 475 e
1817 454 1987 481 converso,
2005 446 2089 476 sicut
2105 452 2137 477 et
2153 456 2293 487 operans
2309 457 2410 478 omne
2432 457 2491 489 per

1407 497 1557 526 virtutem
1572 496 1771 535 operativam
1783 496 1994 536 coniungitur
2006 495 2047 527 ad
2057 495 2164 526 *suum
2174 506 2312 535 operatum
2326 496 2488 540 (operato)

1407 551 1538 576 mediante
1553 550 1663 575 actione.
1682 546 1796 576 Homo
1813 552 1922 576 autem
1939 552 1987 577 est
2003 547 2186 588 intelligens
2202 549 2274 589 (per
2288 548 2491 580 intellectum

1407 600 1490 629 sicut
1514 607 1571 638 per
1591 598 1742 628 virtutem
1759 597 2043 639 cognoscitivam.)
2060 599 2137 629 Non
2160 600 2258 640 igitur
2282 600 2492 640 coniungitur

1409 660 1465 690 per
1477 651 1493 666 ⁴*
1510 649 1650 680 formam
1667 648 1905 688 intelligibilem
1922 649 2114 687 intellectui,
2131 651 2187 682 sed
2204 652 2306 692 magis
2322 661 2381 692 per
2395 651 2491 682 intel-

1408 701 1529 731 lectum
1549 704 1594 737 qui
1614 708 1654 728 est
1673 703 1756 728 virtus
1775 703 1933 729 intellectiva
1957 704 2099 730 intellectui
2119 701 2352 744 (intelligibili.)
2377 704 2395 742 ἓ
2411 703 2491 733 Am-

1408 751 1502 791 plius
1529 751 1563 781 ld
1588 761 1656 791 quo
1688 751 1812 792 aliquid
1830 755 1974 782 formaliter
1993 759 2147 793 operatur
2174 759 2307 794 oportet
2331 763 2401 784 esse
2424 752 2490 784 for-

1408 813 1495 833 mam
1521 804 1606 834 eius:
1632 803 1711 834 nihil
1737 805 1825 834 enim
1846 806 1910 845 agit
1933 806 1995 836 nisi
2019 805 2202 836 secundum
2218 805 2310 846 quod
2334 811 2382 836 est
2405 811 2490 842 actu,

1408 861 1482 884 actu
1507 860 1616 885 autem
1642 864 1710 885 non
1736 861 1784 885 est
1811 856 1935 896 aliquid
1961 857 2024 887 nisi
2048 866 2107 897 per
2133 856 2167 888 id
2194 857 2287 897 quod
2313 862 2362 888 est
2385 856 2491 888 forma

1409 907 1487 936 eius.
1517 910 1579 935 Non
1600 910 1653 935 nisi
1673 906 1768 936 Unde
1785 913 1816 937 et
1833 907 2024 938 Aristoteles
2039 908 2157 948 probat
2173 908 2315 938 animam
2339 917 2409 938 esse
2425 907 2491 939 for-

1369 975 1390 994 ,ς
1408 966 1495 986 marn
1520 966 1578 997 per
1602 958 1666 987 hoc
1692 957 1783 998 quod
1813 958 1933 988 animal
1965 967 2023 999 per
2052 959 2196 989 animam
2224 959 2303 989 vivit
2327 965 2359 990 et
2382 959 2488 990 sentit.

1408 1008 1521 1038 Homo
1545 1013 1655 1038 autem
1672 1008 1830 1049 intelligit.
1849 1009 1891 1040 Et
1906 1019 1975 1040 non
1993 1010 2054 1040 nisi
2079 1019 2138 1050 per
2156 1010 2370 1041 intellectum.
2395 1010 2491 1042 Unde

1409 1066 1439 1089 et
1475 1060 1738 1091 Aristoteles..
1759 1061 1938 1092 obiectum.
1978 1062 1996 1100 ἓ
2020 1061 2199 1093 Praeterea.
2235 1062 2422 1093 intellectus
2457 1063 2491 1093 in

1407 1117 1500 1141 actu.
1515 1135 1520 1141 .
1537 1112 1729 1143 .sensibile'
1721 1122 1754 1143 m
1772 1114 1928 1153 potentia.
1950 1118 2053 1143 Forma
2072 1118 2159 1151 igitur
2178 1114 2311 1155 Species
2326 1115 2444 1155 igitur.

2519 505 2527 516 ·
2545 504 2607 527 Casu
2617 511 2664 527 non
2676 505 2736 527 dele-

2518 535 2567 554 tum
2581 532 2626 554 tuit
2639 532 2680 554 ad.

2518 660 2630 687 47rbi.

1409 1168 1443 1193 ut
1460 1162 1563 1193 forma
1582 1163 1661 1194 eius.
1687 1167 1784 1193 Forma
1802 1167 1880 1201 igitur
1898 1168 2047 1194 intellectus
2068 1164 2194 1207 (igitur)
2211 1175 2280 1196 non
2297 1171 2405 1206 potest
2421 1174 2491 1196 esse
2529 1176 2540 1181 ·

1641 1225 1702 1246 nec
1726 1225 1744 1246 e
1769 1226 1940 1259 converso.
1963 1219 1982 1257 g
1998 1217 2090 1248 Patet
2113 1223 2223 1248 autem
2241 1216 2316 1247 av.*
2332 1217 2390 1258 qui
2406 1217 2528 1248 hanc

1406 1265 1605 1305 positionem
1629 1266 1765 1302 induxit,
1790 1268 2063 1308 aequivocatione
2087 1267 2264 1308 deceptum
2288 1267 2398 1298 fuisse.
2423 1267 2491 1299 Co-

1407 1316 1492 1346 lores
1508 1317 1596 1347 enim
1614 1340 1621 1347 .
1637 1340 1643 1347 .
1660 1340 1666 1347 .
1685 1317 1772 1348 facto
1789 1319 1806 1334 ⁴*
1829 1318 1862 1348 in
1887 1324 1972 1350 actu.
1992 1322 2010 1356 9
2023 1322 2128 1348 Adhuc.
2141 1322 2333 1356 impressiones
2345 1322 2490 1348 activorum

1406 1370 1471 1396 fiunt
1490 1372 1515 1396 in
1535 1372 1647 1405 propriis
1669 1372 1793 1405 (activis)
1813 1372 1950 1407 (passivis)
1974 1361 2001 1399 ei
2025 1381 2078 1399 non
2104 1383 2119 1400 e
2143 1381 2283 1400 converso.
2305 1373 2491 1400 Phantasma

1406 1429 1494 1449 autem
1508 1429 1694 1457 comparantur
1706 1425 1739 1450 ad
1754 1424 1914 1451 intellectum
1928 1426 2083 1459 possibilem
2097 1431 2126 1451 ut
2139 1426 2236 1452 motiva
2249 1431 2275 1452 et
2288 1426 2371 1452 active
2383 1426 2416 1452 ad
2428 1433 2491 1460 pas·

1366 1489 1389 1510 ²5
1405 1475 1461 1500 siva
1475 1480 1500 1500 et
1513 1481 1592 1505 mota,
1608 1476 1676 1502 sicut
1690 1481 1716 1501 et
1728 1477 1832 1502 colores
1845 1478 1878 1502 ad
1890 1478 1987 1508 visum.
2000 1483 2029 1503 ut
2041 1478 2197 1504 Aristoteles
2212 1478 2282 1504 dicit.
2296 1478 2490 1512 lmpressionea

1404 1526 1482 1559 igitur
1501 1526 1714 1559 phantasmatum
1734 1526 1799 1554 fiunt
1818 1529 1843 1553 in
1866 1528 1999 1555 intellectu
2018 1529 2147 1563 possibili,
2167 1537 2221 1555 non
2245 1529 2344 1564 aliquid
2362 1529 2395 1555 ab
2414 1529 2490 1556 intel-

1406 1579 1474 1603 lectu
1495 1579 1614 1611 possibili
1625 1579 1664 1612 fit
1677 1580 1756 1605 estin
1776 1579 2011 1614 phantasmatibus.
2030 1581 2090 1606 Non
2104 1581 2184 1614 igitur
2197 1588 2246 1615 per
2257 1581 2308 1607 hoc
2327 1582 2400 1616 quod
2413 1581 2491 1608 intel·

1406 1630 1488 1655 lectus
1508 1630 1642 1663 possibilis
1661 1636 1783 1656 movetur
1801 1639 1817 1657 a
1835 1631 2062 1664 phantasmatibus
2088 1632 2255 1660 continu-tur
2273 1631 2490 1665 nobiscum,‘eed

1405 1681 1489 1714 magis
1508 1682 1688 1713 phantasmata
1708 1689 1797 1708 nostra
1817 1683 2000 1709 continuantur
2017 1684 2049 1709 ei.
2069 1681 2086 1697 ⁴
2102 1681 2121 1719 §
2137 1680 2228 1712 Item.
2246 1681 2310 1712 Ubi
2326 1682 2491 1714 inveniti!

1405 1727 1500 1757 altior
1523 1728 1671 1768 operatio
1691 1733 1794 1758 animae
1812 1727 1979 1770 (viventis)
2004 1729 2049 1759 ibi
2073 1730 2238 1761 invenitur
2252 1731 2348 1762 altior
2364 1732 2490 1772 species

1407 1779 1488 1809 vitae
1505 1779 1766 1821 correspondens
1781 1779 1826 1811 illi
1847 1780 1977 1811 actioni.
1997 1780 2032 1812 ln
2050 1781 2168 1822 plantis
2185 1805 2192 1812 .
2207 1804 2215 1812 .
2230 1805 2238 1813 .
2254 1781 2359 1813 forma
2375 1783 2488 1824 ipsius.

1404 1832 1424 1867 §
1443 1834 1516 1860 Huic·
1532 1837 1622 1860 autem
1649 1835 1792 1860 obiectiom'
1807 1835 1962 1861 *seeundum
1981 1836 2156 1868 praedictam
2170 1837 2335 1869 positionem
2353 1837 2490 1865 obviaenr.

1407 1884 1481 1910 Dicit
1505 1885 1576 1910 enim
1601 1888 1800 1911 commentator
1818 1886 1980 1918 praedictus
2004 1887 2078 1920 quod
2102 1887 2182 1912 Ιιοηιο
2207 1886 2302 1922 ὀωῦνί
2323 1885 2343 1923 fi
2359 1883 2488 1917 Adhuc.

1405 1931 1504 1970 Quod
1522 1933 1736 1973 consequitur
1749 1956 1756 1964 .
1772 1957 1779 1964 .
1795 1956 1801 1964 .
1816 1943 1884 1965 non
1898 1935 2229 1975 consequiturhomo
2241 1936 2396 1976 speciem.
2413 1935 2490 1968 Non

1366 1998 1387 2016 ις
1405 1985 1500 2024 igitur
1529 1983 1635 2015 differt
1665 1985 1768 2015 homo
1794 1989 1888 2014 abrut
1914 1986 2024 2026 specie
2047 1996 2066 2017 a
2090 1987 2192 2018 brutis
2214 1986 2409 2019 animalibus
2431 1996 2491 2030 pec

1405 2037 1468 2067 hoc
1483 2036 1574 2076 quod
1599 2042 1647 2067 est
1671 2036 1874 2068 intellectum
1889 2038 2023 2069 habens.
2047 2039 2066 2077 ἓ
2082 2038 2244 2080 Amplius.
2267 2038 2301 2070 Si
2316 2039 2420 2071 homo
2437 2063 2446 2071 .
2459 2062 2468 2072 .
2479 2063 2488 2072 .

1404 2087 1616 2128 intelligibilia
1630 2094 1715 2119 actu.
1741 2088 1817 2119 Non
1834 2089 1931 2129 igitur
1954 2095 2003 2120 est
2015 2093 2041 2123 Ιι,
2060 2100 2078 2119 a
2095 2090 2199 2122 homo
2214 2090 2417 2123 intellectum
2433 2092 2487 2124 ha-

1404 2139 1484 2169 bens
1501 2148 1559 2179 per
1575 2139 1638 2169 hoc
1652 2138 1743 2179 quod
1759 2139 1944 2171 intellectus
1957 2142 2168 2172 continuatur
2183 2141 2309 2173 homini
2325 2141 2490 2175 mediante

1404 2193 1585 2227 phantasmate
1599 2195 1746 2220 secundum
1759 2196 1834 2228 quod
1845 2194 1875 2221 fit
1886 2203 1918 2222 ex
1931 2203 1964 2222 eo
1983 2197 2086 2230 species
2099 2197 2268 2230 intelligibili·
2281 2203 2341 2224 actu
2366 2193 2491 2236 (speeie

1363 2256 1390 2275 ,ο
1404 2241 1596 2282 intelligibili
1617 2243 1710 2273 cuius
1735 2243 1919 2275 subiectum
1943 2250 1992 2275 est
2015 2243 2231 2286 phantasma.)
2250 2247 2271 2283 9
2284 2248 2346 2275 Hiis
2362 2250 2379 2266 ⁸
2516 2237 2526 2248 '

1404 2346 1485 2386 Cap.
1511 2345 1579 2376 Lx.
1603 2346 1702 2384 Quot>
1731 2356 1822 2378 nouo
1854 2357 1918 2379 non
1951 2357 2109 2379 suan-rua
2131 2358 2261 2380 spamam
2293 2358 2351 2380 raa
2379 2358 2488 2382 mm.-

1449 2407 1571 2428 Lscrtm
1596 2407 1754 2435 Passwun,
1780 2408 1836 2429 ssu
1861 2409 1919 2430 raa
1943 2409 2162 2431 iurarascrun
2181 2410 2374 2432 rossmrnsu.

1821 2463 2070 2506 Fragmentum.

1361 2516 1384 2536 45

1447 2549 1549 2587 Quod
1574 2550 1675 2580 homo
1699 2560 1766 2581 non
1791 2552 1923 2583 sortitur
1945 2553 2090 2593 speciem
2115 2562 2173 2594 per
2195 2553 2398 2584 intellectum
2414 2561 2488 2595 pas·

1401 2602 1507 2632 sivum
1531 2605 1688 2636 Aristotelis,
1712 2602 1769 2633 sed
1792 2612 1851 2644 per
1873 2604 2075 2636 intellectum
2098 2604 2298 2646 possibilem.
2315 2622 2338 2628 -
2353 2602 2386 2646 (5
2401 2603 2487 2646 Hiie)

1402 2658 1511 2684 autem
1535 2658 1727 2684 obiectionibus
1745 2658 1891 2684 seeundum
1916 2655 2096 2687 rationibus
2126 2655 2278 2687 obviatur
2304 2654 2488 2689 secundu-

1403 2704 1599 2744 praedictam
1625 2706 1835 2746 positionem.
1861 2706 1949 2738 Dicit
1972 2708 2060 2739 enim
2083 2707 2269 2748 praedictus
2297 2715 2489 2738 comeam

1364 2771 1388 2791 50
1403 2756 1579 2798 (averroes)
1596 2757 1686 2798 quod
1703 2758 1806 2788 homo
1822 2757 1927 2790 differt
1943 2759 2052 2799 specie
2065 2768 2082 2789 a
2094 2759 2196 2790 brutis
2212 2767 2270 2800 per
2285 2758 2488 2791 intellectum

1399 2812 1538 2844 passivum
1559 2818 1659 2849 quem
1683 2809 1874 2841 Aristoteles
1898 2815 1994 2841 vocat
2016 2811 2193 2851 passivum,
2210 2810 2268 2851 qui
2291 2815 2339 2841 est
2354 2810 2426 2852 ipsa
2439 2809 2488 2843 vis

1403 2861 1585 2899 cogitativa,
1611 2870 1695 2901 quae
1720 2867 1767 2892 est
1791 2862 1923 2902 propria
1946 2862 2084 2899 homini,
2108 2862 2186 2893 loco
2216 2861 2311 2893 cuius
2333 2861 2395 2893 alia
2418 2861 2488 2894 ani-

1403 2911 1498 2942 maiia
1530 2912 1648 2943 habent
1684 2911 1849 2953 quandam
1881 2914 2101 2944 extimativam
2133 2913 2314 2945 naturalem
2337 2916 2414 2943 cuius
2437 2919 2488 2943 οη.

1403 2962 1510 2993 Huius
1527 2969 1636 2994 autem
1661 2963 1853 3003 cogitativae
1870 2964 1996 2996 virtutis
2011 2971 2059 2996 est
2075 2964 2272 3007 distinguere
2289 2965 2488 3003 intentiones

1364 3024 1385 3044 55
1402 3013 1616 3044 individuales
1647 3017 1793 3044 abinvicem
1817 3021 1849 3046 et
1880 3024 2070 3056 comparare
2101 3025 2156 3048 eas
2182 3015 2377 3053 adinvicem,
2403 3015 2488 3049 siem

1402 3064 1586 3096 intellectus
1603 3067 1659 3107 qui
1673 3071 1720 3097 est
1732 3073 1898 3107 separatus
1915 3073 1947 3098 et
1962 3068 2130 3099 immixtus
2145 3073 2314 3109 comparat
2326 3073 2358 3098 et
2374 3066 2487 3100 distin·

1402 3117 1471 3158 guit
1495 3118 1578 3149 inter
1602 3118 1802 3149 intentiones
1829 3119 2038 3151 universales.
2066 3119 2108 3151 Et
2131 3120 2209 3160 quia
2226 3142 2233 3150 .
2249 3142 2256 3150 .
2270 3142 2278 3150 .
2296 3119 2420 3160 capitis.
2445 3118 2487 3153 Et

1402 3169 1584 3201 secundum
1621 3169 1873 3210 dispositionem
1905 3171 2003 3202 huius
2033 3171 2159 3203 virtutis
2190 3170 2296 3203 differt
2324 3171 2428 3203 homo
2449 3173 2487 3201 ab

1404 3229 1488 3251 unus
1504 3221 1544 3251 ab
1568 3220 1633 3251 alio
1649 3221 1682 3251 in
1707 3221 1841 3261 ingenio
1859 3244 1866 3252 .
1881 3244 1889 3252 .
1903 3245 1911 3252 .
1928 3222 2013 3253 sicut
2029 3222 2062 3253 in
2079 3222 2240 3254 subiecto.
2265 3222 2307 3254 Et
2321 3221 2375 3253 hic
2390 3219 2486 3254 intel-

1360 3285 1388 3299 ..0
1402 3272 1505 3303 lectus
1522 3272 1667 3313 passivus
1684 3282 1700 3303 a
1718 3273 1881 3314 principio
1905 3273 1996 3305 adest
2019 3283 2135 3315 puero,
2160 3283 2219 3315 per
2237 3282 2339 3315 quem
2352 3272 2487 3305 sortimu-

1401 3324 1543 3364 speciem
1566 3328 1687 3354 cumam
1718 3323 1922 3366 (humanam)
1949 3331 2124 3366 antequam
2156 3330 2232 3357 actu
2260 3323 2428 3365 intelligat.
2453 3327 2487 3355 Et

1401 3384 1488 3404 tamen
1508 3384 1570 3404 tunc
1589 3378 1682 3404 dicitur
1702 3384 1796 3412 potens
1809 3380 1962 3412 intelligere,
1975 3380 2017 3406 vel
2037 3385 2147 3414 propter
2159 3379 2303 3413 potentiam
2316 3377 2485 3413 phantasma·

1401 3435 1456 3454 turn
1471 3435 1499 3455 ut
1517 3428 1580 3455 liant
1600 3430 1774 3463 intelligibiles
1791 3430 1807 3447 ⁴*
1826 3436 1894 3462 actu,
1912 3431 1954 3457 vel
1974 3436 2082 3464 propter
2096 3429 2240 3465 potentiam
2254 3430 2403 3456 intellectus
2422 3437 2486 3463 poe-
2512 3436 2521 3447 ·

1401 3480 1484 3506 sibilis
1503 3482 1535 3506 ad
1551 3481 1774 3507 continuationem
1793 3489 1853 3507 cum
1874 3482 1934 3516 ipso
1952 3481 2100 3509 seeundum
2118 3480 2229 3507 modum
2247 3481 2418 3514 praedictum.
2431 3489 2485 3508 nnn

1360 3546 1384 3567 ¹²5
1402 3533 1474 3566 quod
1495 3533 1519 3557 in
1540 3540 1623 3566 puero
1642 3533 1676 3558 sit
1695 3533 1782 3567 aliqua
1801 3534 1958 3560 intellectiva
1982 3532 2106 3567 potentia.
2130 3527 2231 3567 Quod
2263 3535 2373 3561 autem
2403 3529 2484 3560 haec

1401 3585 1489 3610 omnia
1509 3581 1571 3610 sint
1585 3580 1661 3611 falsa
1679 3587 1710 3612 et
1726 3582 1858 3612 abusive
1872 3581 1957 3612 dicta
1973 3579 2139 3612 evidenter
2150 3586 2293 3621 apparet.
2311 3580 2484 3621 Operatio-

1403 3642 1460 3663 nes
1477 3636 1578 3661 animae
1599 3633 1700 3670 (enim
1724 3632 1821 3674 vitae)
1849 3637 2079 3674 comparantur
2102 3631 2141 3662 ad
2166 3632 2309 3663 animam
2334 3637 2370 3663 ut
2393 3637 2484 3663 actus

1403 3683 1564 3715 *secundi
1583 3683 1622 3714 ad
1639 3684 1782 3724 primurn
1801 3689 1884 3713 Actus
1912 3689 2003 3712 autem
2027 3689 2063 3714 ut
2083 3690 2170 3724 patet
2193 3693 2251 3724 per
2274 3683 2483 3715 Aristotelem

1402 3737 1435 3766 in
1454 3746 1474 3765 u
1492 3735 1531 3765 de
1548 3735 1665 3766 anima.
1680 3735 1781 3766 Actus
1795 3740 1905 3766 autem
1917 3735 2042 3776 primus
2055 3758 2062 3765 .
2076 3758 2083 3765 .
2096 3758 2103 3766 .
2118 3735 2332 3766 considerare.
2350 3734 2385 3766 ln
2399 3743 2483 3776 quo-

1403 3796 1546 3826 cumque
1563 3786 1659 3826 igitur
1671 3786 1835 3825 invenitur
1847 3786 1955 3827 aliqua
1973 3787 2120 3827 operatio
2138 3787 2232 3823 vitae,
2245 3791 2377 3827 oportet
2389 3786 2422 3817 in
2441 3795 2483 3817 eo

1403 3847 1526 3879 ponere
1545 3842 1665 3874 aliquam
1684 3842 1804 3866 animam
1823 3837 1966 3878 aliquam
1991 3843 2115 3878 partem
2132 3838 2259 3869 animae
2283 3845 2368 3879 quae
2391 3845 2483 3868 com-

1403 3896 1532 3930 paretur
1557 3890 1596 3921 ad
1621 3890 1708 3921 illam
1733 3889 1960 3931 operationem
1989 3889 2071 3920 sicut
2096 3894 2186 3920 actus
2210 3889 2336 3931 primus
2369 3887 2409 3919 ad
2433 3897 2483 3919 se-

1404 3941 1560 3974 cundum.
1587 3941 1650 3973 Sed
1667 3941 1770 3972 homo
1789 3964 1795 3971 .
1811 3963 1817 3971 .
1835 3963 1842 3970 .
1860 3939 1994 3971 differat.
2012 3942 2030 3980 ἓ
2047 3940 2175 3974 Adhuc.
2193 3939 2294 3980 Quod
2310 3945 2359 3972 est
2373 3940 2482 3982 passio

1398 3996 1539 4030 potentiae
1563 3992 1661 4033 partis
1693 3990 1864 4027 sensitivae
1884 4013 1891 4021 .
1907 4013 1913 4021 .
1929 4013 1935 4021 .
1953 3990 1985 4022 in
2017 3991 2100 4023 libro
2131 3991 2171 4024 de
2202 3990 2373 4023 memorie.
2405 3988 2482 4022 Non

1363 4056 1386 4077 τε
1404 4044 1500 4083 igitur
1512 4053 1570 4085 per
1585 4042 1766 4084 praedictas
1781 4042 1914 4073 virtutes
1931 4042 1980 4074 vel
1997 4043 2141 4084 aliquam
2154 4051 2266 4076 earum
2278 4046 2358 4072 hono
2367 4044 2489 4078 muer.

2553 1222 2624 1246 Forte
2653 1227 2735 1252 posset

2518 1249 2564 1278 legi
2570 1255 2632 1277 aaa,
2637 1250 2695 1300 iope
2703 1256 2735 1272 ιν

2518 1321 2671 1372 2301..st
2686 1323 2734 1347 ’Μ’

2516 1689 2630 1712 nvn.

2514 2559 2545 2583 υ
2555 2560 2571 2576 v
2582 2559 2731 2585 ‘ww-⁴¹9·

2510 3692 2622 3720 47vbt.
