2768 4134
30 2219 38 2227 ·
55 2218 90 2239 Cf.
107 2224 127 2239 n.
141 2224 172 2239 ix.

285 301 360 350 396

337 380 430 412 Unde
454 384 541 420 patet
565 377 655 418 quod
685 377 835 407 instantia
859 376 948 407 Scoti
978 376 1067 407 nulla
1091 382 1148 407 est.
1176 377 1260 407 Nam
1284 386 1354 407 esse

280 425 394 465 angeli,
419 429 454 454 ut
476 423 589 463 patuit,
621 431 689 452 non
720 427 767 452 est
797 421 982 452 destruibile
1009 431 1067 461 per
1098 422 1353 462 corruptionem,

280 469 370 510 quasi
389 467 511 508 aliquid
527 472 690 497 remaneat
706 466 745 496 de
761 467 833 506 ipso
850 466 966 506 angelo
983 471 1057 506 post
1073 475 1142 497 esse
1164 467 1243 504 eius,
1263 466 1354 507 quod

279 515 318 545 sit
341 514 400 543 sub
425 513 493 542 eius
517 521 585 542 non
610 520 688 541 esse.
714 511 790 541 Non
812 511 900 541 enim
923 511 1107 541 subiectum
1131 511 1222 551 quod
1245 517 1354 542 manet

277 560 311 589 in
335 557 553 597 corruptione,
571 556 688 586 dicitur
708 565 839 586 manere
864 555 924 586 sub
947 564 1016 586 non
1041 565 1109 586 esse
1129 556 1275 593 alicuius,
1291 556 1354 587 nisi

278 603 354 644 quia
378 602 495 642 accipit
518 610 587 631 esse
611 600 740 631 alterius
756 600 886 641 speciei,
912 600 964 630 cui
988 609 1056 630 non
1073 610 1142 632 esse
1164 601 1250 631 illius
1274 610 1353 631 con-

277 647 429 687 iungitur.
454 646 539 676 Nam
562 645 654 686 quod
682 645 774 676 nullo
794 645 895 675 modo
919 645 1017 675 habet
1041 654 1119 681 esse,
1143 655 1212 676 non
1237 645 1354 677 dicitur

276 701 407 723 manere
422 691 456 721 in
473 696 603 722 natura:
620 700 689 721 non
709 690 797 720 enim
813 689 951 720 dicimus
969 689 1060 730 quod
1074 689 1156 730 lapis
1180 696 1353 731 corruptus

276 741 439 767 remaneat
462 736 495 766 in
519 741 633 766 natura
648 741 723 776 post
747 736 796 766 sui
821 735 1077 775 corruptionem.
1097 734 1131 766 Si
1149 741 1260 766 autem
1284 745 1352 766 esse

276 781 381 822 angeli
398 780 567 817 desineret,
584 780 718 820 angelus
734 789 802 810 non
818 780 976 820 reciperet
989 779 1076 810 aliud
1088 789 1167 816 esse,
1185 781 1238 810 cui
1254 790 1352 811 suum

275 836 344 857 non
368 835 437 856 esse
461 826 723 866 coniungeretur‚
740 831 776 855 ut
792 825 837 855 sic
853 830 964 864 posset
979 823 1042 855 dici
1066 833 1256 864 permanere
1277 831 1353 865 post

276 880 373 902 suum
397 880 482 901 esse:
499 880 561 901 nec
585 869 719 910 aliquod
735 870 928 906 subiectum,
951 868 1042 909 quod
1066 868 1179 900 fuisset
1195 870 1264 900 eius
1283 879 1351 900 ma-

275 916 364 952 teria,
388 921 578 946 remaneret.
611 915 688 946 Ideo
720 924 788 945 esse
819 914 920 954 ipsius
948 923 1016 944 non
1045 913 1265 945 destrueretur
1294 924 1352 955 per

275 961 530 1001 corruptionem,
556 959 611 990 sed
635 969 692 1000 per
715 959 984 989 annihilationem
1008 968 1086 990 suae
1109 959 1316 990 substantiae.

331 1006 373 1036 Et
389 1006 434 1036 sic
457 1010 544 1046 patet
561 1004 652 1045 quod
667 1004 850 1044 propositio
866 1004 945 1034 haec
969 1010 1017 1034 est
1037 1004 1215 1035 verissima:
1237 1003 1352 1036 Omnis

275 1050 443 1091 corruptio
457 1051 504 1091 fit
521 1059 583 1090 per
605 1050 843 1090 separationem
859 1049 999 1090 formae
1021 1058 1042 1079 a
1066 1049 1215 1079 materia.

330 1105 362 1134 4.
386 1095 438 1125 Ad
461 1094 642 1125 secundum
666 1093 783 1124 dicitur
806 1093 907 1134 quod,
933 1094 1016 1125 sicut
1040 1093 1145 1124 forma
1168 1094 1350 1124 necessario

275 1140 486 1180 consequitur
508 1139 657 1169 ultimam
681 1138 930 1179 dispositionem
954 1139 1116 1175 materiae,
1134 1148 1218 1179 quae
1235 1138 1351 1170 dicitur

276 1185 447 1215 necessitas
463 1184 507 1214 ad
513 1184 675 1225 formam,
691 1184 767 1224 quia
782 1184 916 1214 materia
928 1184 973 1215 sic
986 1183 1141 1224 disposita
1157 1193 1225 1214 non
1242 1189 1351 1224 potest

274 1239 334 1260 nec
359 1230 427 1260 sine
451 1228 565 1266 forma,
589 1238 650 1260 nec
667 1238 743 1259 cum
767 1229 828 1259 alia
845 1229 950 1259 forma
973 1237 1119 1264 manere;
1141 1229 1184 1259 ita
1208 1238 1277 1259 esse
1293 1238 1350 1260 ne-

274 1275 411 1305 cessario
436 1275 588 1315 recipitur
611 1275 644 1304 in
668 1275 802 1314 proprio
832 1274 1018 1314 susceptivo
1042 1273 1143 1314 ipsius
1168 1283 1256 1310 esse;
1282 1283 1350 1304 non

275 1320 361 1350 enirn
385 1325 493 1360 potest
516 1329 584 1350 esse
609 1318 700 1360 quod
724 1319 893 1359 proprium
914 1319 1135 1359 susceptivum
1160 1328 1229 1349 esse
1253 1319 1293 1349 sit
1316 1319 1350 1349 in

273 1370 387 1395 natura
406 1364 629 1400 constitutum,
647 1370 679 1394 et
693 1369 803 1394 tamen
819 1373 888 1395 esse
904 1373 971 1394 non
989 1364 1115 1394 habeat.
1129 1363 1206 1394 Ideo
1220 1369 1350 1404 oportet

274 1409 375 1449 quod,
399 1415 550 1440 manente
574 1410 606 1440 in
624 1418 657 1439 re
677 1409 838 1450 principio
861 1418 919 1450 per
935 1408 1026 1450 quod
1042 1409 1111 1449 ipsa
1127 1407 1164 1439 fit
1178 1409 1349 1449 proprium

274 1455 495 1495 susceptivum
520 1464 600 1491 esse,
624 1455 693 1494 ipsa
716 1463 767 1484 res
790 1454 839 1485 sit.

329 1499 381 1530 Ad
403 1499 588 1530 instantiam
605 1498 669 1530 dici
692 1504 810 1539 potest,
834 1499 952 1540 primo,
970 1497 1062 1539 quod
1077 1508 1146 1529 non
1171 1504 1218 1529 est
1235 1497 1348 1529 eadem

273 1545 354 1575 ratio
379 1543 418 1575 de
442 1545 628 1585 susceptivo
651 1543 775 1575 formae
799 1543 1019 1581 accidentalis,
1044 1549 1076 1574 et
1099 1543 1139 1575 de
1163 1543 1348 1583 susceptivo

274 1595 363 1620 actus
387 1589 611 1620 substantialis.
633 1589 719 1628 Quia
743 1590 965 1630 susceptivum
989 1588 1194 1619 accidentalis
1214 1588 1348 1625 formae,

274 1634 350 1665 dato
367 1634 457 1674 quod
473 1634 612 1665 formam
628 1633 860 1665 accidentalem
876 1644 944 1665 non
960 1634 1086 1670 habeat,
1112 1633 1217 1664 adhuc
1238 1639 1347 1664 tamen

274 1689 332 1719 per
355 1679 494 1710 formam
518 1679 760 1710 substantialem
791 1685 935 1710 remanet
958 1679 991 1709 in
1023 1683 1106 1709 actu.
1137 1679 1214 1709 Non
1239 1684 1348 1709 autem

274 1725 444 1765 proprium
467 1725 688 1765 susceptivum
711 1730 801 1755 actus
825 1723 1040 1755 substantialis
1059 1729 1134 1754 actu
1154 1733 1223 1754 esse
1242 1729 1349 1764 potest

274 1770 343 1800 sine
367 1776 442 1800 actu
465 1769 521 1800 illo
546 1769 756 1800 substantiali.
994 1800 997 1803 ,

331 1814 403 1845 Dici
426 1820 533 1855 potest
556 1814 713 1851 secundo,
738 1819 769 1845 et
799 1813 925 1850 melius,
951 1812 1052 1854 quod,
1076 1813 1102 1843 si
1127 1818 1268 1854 ponatur
1291 1812 1348 1843 ali-

274 1858 364 1900 quod
381 1869 500 1900 corpus
516 1869 585 1890 esse
600 1859 770 1900 proprium
787 1858 1008 1899 susceptivum
1024 1858 1180 1889 albedinis
1196 1858 1240 1888 sic
1257 1856 1348 1898 quod

273 1905 314 1934 sit
336 1904 453 1935 ultimo
477 1903 517 1934 ad
536 1903 719 1935 albedinem
739 1903 943 1944 dispositum,
969 1902 1084 1933 alliedo
1108 1903 1291 1933 necessario
1313 1902 1348 1932 in

273 1950 345 1989 ipso
370 1958 507 1990 corpore
524 1950 592 1985 erit,
610 1948 755 1989 quandiu
771 1949 805 1978 in
828 1948 976 1979 subiecto
993 1953 1040 1978 est
1063 1947 1143 1978 illud
1166 1946 1347 1978 secundum

273 1993 364 2034 quod
387 1993 423 2024 fit
452 1995 623 2034 proprium
654 1993 838 2024 subiectum
865 1991 1040 2023 albedinis:
1065 1993 1158 2028 sicut,
1183 1992 1260 2032 quia
1290 2001 1348 2031 per

273 2038 412 2069 formam
428 2048 619 2078 corpoream
636 2038 760 2068 unitam
777 2038 929 2068 materiae
945 2036 981 2068 fit
1000 2037 1171 2077 proprium
1190 2037 1348 2077 suscepti-

273 2093 350 2114 vum
375 2083 570 2124 quantitatis,
595 2088 746 2114 manente
770 2082 825 2113 tali
849 2081 955 2112 forma
977 2082 1011 2112 in
1035 2091 1068 2112 re
1093 2091 1262 2122 corporea,
1278 2081 1348 2122 ipsa

272 2138 400 2169 semper
424 2134 471 2158 est
494 2133 624 2168 quanta.
649 2127 725 2158 Non
749 2133 858 2158 autem
875 2136 974 2157 omne
998 2136 1116 2167 corpus
1139 2127 1185 2157 sic
1202 2132 1249 2157 est
1272 2135 1347 2167 pro-

272 2175 380 2214 prium
404 2173 624 2214 susceptivum
648 2172 814 2203 albedinis.
840 2171 916 2202 Ideo
941 2172 1091 2202 instantia
1114 2171 1203 2202 nulla
1227 2177 1283 2203 est.

329 2218 366 2248 ΙΙ.
391 2218 539 2249 Secundo
556 2219 583 2248 ’ἱ
616 2217 820 2249 Substantiae
852 2216 1086 2247 intellectuales
1117 2222 1192 2247 sunt
1223 2215 1347 2247 formae

273 2264 491 2294 subsistentes.
517 2263 603 2303 Ergo
619 2263 820 2303 impossibile
837 2268 884 2292 est
900 2268 936 2292 ut
952 2261 1101 2292 desinant
1117 2271 1196 2292 esse.
1210 2279 1231 2283 —
1246 2261 1347 2292 Ante-

273 2307 391 2339 cedens
408 2313 496 2349 patet
511 2317 550 2338 ex
566 2317 663 2348 supra
679 2307 781 2338 dictis.
795 2326 817 2329 —
830 2306 1076 2347 Consequentia
1087 2315 1165 2337 vero
1181 2306 1346 2346 probatur.

273 2353 352 2383 Esse
376 2362 434 2393 per
456 2362 490 2383 se
514 2353 726 2394 consequitur
749 2351 899 2382 formam.
931 2351 1018 2391 Ergo
1043 2351 1239 2381 substantiae
1263 2360 1347 2391 quae

274 2403 349 2428 sunt
371 2398 459 2438 ipsae
484 2396 619 2434 formae,
651 2407 719 2428 non
751 2402 889 2437 possunt
918 2396 1035 2436 privari
1059 2405 1138 2426 esse.
1170 2395 1257 2436 Ergo
1286 2401 1346 2426 etc.

273 2442 431 2473 Probatur
454 2442 662 2473 antecedens:
689 2442 765 2482 quia
789 2440 1052 2482 unumquodque
1076 2439 1258 2471 secundum
1282 2439 1348 2471 for-

274 2496 362 2518 mam
385 2487 481 2517 habet
506 2497 591 2523 esse;
611 2497 674 2528 per
696 2496 730 2517 se
754 2492 863 2517 autem
891 2485 1029 2516 dicimus
1057 2485 1148 2526 quod
1171 2485 1348 2516 secundum

274 2532 363 2574 quod
386 2533 499 2572 ipsum.
518 2532 763 2572 Consequentia
780 2532 878 2562 etiam
894 2531 1063 2571 probatur:
1089 2531 1166 2570 quia
1182 2529 1272 2571 quod
1291 2539 1350 2571 per

274 2587 308 2607 se
332 2577 427 2608 alicui
452 2577 619 2617 competit,
644 2575 684 2607 de
707 2576 898 2607 necessitate
922 2581 953 2606 et
978 2585 1106 2616 semper
1130 2581 1161 2606 et
1187 2576 1349 2616 insepara-

274 2622 379 2652 biliter
401 2622 493 2658 inest,
518 2627 554 2652 ut
577 2627 666 2662 patet
689 2621 729 2652 de
753 2620 951 2651 rotunditate
975 2626 1124 2661 respectu
1149 2620 1270 2651 circuli.

330 2667 382 2697 111.
409 2666 502 2697 Circa
525 2667 619 2697 istam
635 2666 905 2707 propositionem,
921 2665 1004 2696 Esse
1014 2675 1077 2706 per
1091 2674 1126 2696 se
1141 2665 1351 2706 consequitur

34 2712 41 2720 '
58 2710 94 2732 Cf·
110 2716 132 2732 ¹¹⁴
144 2716 193 2737 *¹¹¹1
204 2717 223 2738 5·
265 2712 427 2754 formam,
453 2711 617 2742 dubitatur
629 2713 656 2742 *.
680 2711 801 2747 Primo,
819 2711 895 2751 quia
911 2711 1070 2751 superius,
1095 2719 1165 2750 cap.
1183 2720 1235 2747 Lu,
1251 2711 1286 2740 in
1301 2719 1350 2740 ra—

33 2898 42 2906 ·
67 2896 102 2918 Cf.
132 2897 150 2918 ll
173 2897 247 2922 Sent„

35 2923 57 2944 d.
75 2929 108 2947 ui.
124 2930 146 2951 q.
163 2930 178 2947 1.
195 2930 215 2945 a.
229 2931 247 2949 ι.

35 2949 63 2971 ad
87 2957 109 2975 ις
137 2950 166 2972 de
189 2950 247 2976 Pon,

35 2983 57 3004 q.
66 2983 88 3003 v,
98 2983 119 2998 a.
127 2985 150 3004 4,
159 2984 206 3005 arg.
214 2984 233 3006 3.

36 3164 45 3172 ‘
57 3162 128 3185 Caici.
144 3163 166 3184 in
178 3163 186 3184 1
200 3165 251 3185 Par-

36 3193 91 3216 tem,
107 3196 160 3218 q.i.,
174 3196 193 3212 a.
205 3197 224 3218 5.

274 2757 363 2787 tione
381 2757 504 2797 quinta,
525 2756 603 2787 dixit
619 2756 756 2787 Sanctus
773 2755 919 2786 Thomas
935 2755 1026 2796 quod
1049 2755 1181 2786 cuilibet
1202 2755 1350 2786 substan-

275 2802 339 2832 tiae
362 2806 493 2832 creatae
515 2811 610 2832 suum
634 2810 702 2832 esse
725 2805 773 2831 est
796 2800 826 2831 ei
843 2810 908 2841 per
935 2800 1036 2832 aliud.
1067 2800 1153 2840 Ergo
1178 2809 1247 2831 non
1271 2809 1351 2830 con-

275 2847 420 2887 sequitur
444 2855 501 2887 per
524 2856 558 2877 se
583 2846 732 2876 formam.

331 2891 372 2922 Et
399 2900 494 2932 saepe
520 2900 672 2927 numero,
697 2889 737 2921 de
765 2896 875 2921 mente
903 2890 1090 2920 Avicennae
1109 2890 1136 2926 *‚
1162 2888 1238 2920 dicit
1262 2889 1352 2930 quod

276 2946 345 2967 esse
369 2941 416 2966 est
435 2936 662 2976 praedicatum
687 2935 896 2966 accidentale.

333 2981 384 3011 lV.
410 2980 496 3019 Quia
519 2980 639 3011 solutio
663 2979 782 3010 horum
807 2979 982 3010 dubiorum
1006 2989 1044 3009 ex
1068 2979 1232 3010 intellectu
1256 2979 1353 3009 huius

276 3026 519 3066 propositionis,
535 3025 616 3056 Esse
635 3034 746 3065 perse
769 3024 979 3064 consequitur
991 3025 1154 3066 formam,
1181 3023 1352 3064 dependet,

277 3070 446 3101 sciendum
471 3069 572 3111 quod,
597 3079 672 3100 cum
691 3079 755 3110 per
777 3078 811 3099 se
827 3069 1002 3109 accipiatur
1026 3075 1057 3099 et
1073 3075 1109 3099 ut
1128 3068 1308 3109 opponitur
1324 3069 1353 3099 ei

279 3115 368 3156 quod
392 3121 440 3146 est
457 3124 520 3156 per
543 3114 645 3150 aliud,
663 3119 695 3145 et
718 3119 754 3145 ut
778 3114 958 3155 opponitur
982 3114 1012 3144 ei
1035 3113 1126 3154 quod
1151 3119 1198 3144 est
1216 3123 1279 3154 per
1298 3123 1352 3144 ac-

278 3160 398 3197 cidens,
416 3159 528 3190 dicunt
547 3159 682 3200 quidam
697 3159 714 3176 ⁵
738 3158 829 3199 quod
846 3164 986 3199 utroque
1010 3158 1111 3189 modo
1128 3158 1212 3189 dicta
1231 3167 1354 3199 propo-

279 3205 351 3235 sitio
375 3205 472 3235 habet
487 3205 664 3235 veritatem.
682 3204 790 3234 Primo
815 3203 948 3244 quidem
965 3203 1077 3239 mod0,
1095 3203 1170 3243 quia
1190 3213 1258 3234 esse
1274 3212 1354 3234 con-

278 3250 365 3280 venit
389 3249 513 3280 formae
536 3248 722 3280 immediate
747 3248 988 3279 immediatione
1015 3248 1164 3278 actionis.
1190 3248 1264 3278 Hoc
1288 3253 1351 3278 est:

279 3293 369 3334 quod
394 3304 458 3324 non
478 3293 575 3335 prius
587 3294 634 3335 fit
647 3294 778 3335 forma,
803 3298 834 3324 et
851 3298 968 3334 postea
986 3302 1050 3333 per
1069 3293 1168 3323 aliam
1193 3293 1353 3323 actionem

279 3339 494 3380 coniungitur
522 3339 582 3379 ipsi
612 3348 680 3369 esse
688 3345 700 3375 ,·
723 3338 780 3369 sed
804 3338 907 3378 ipsum
923 3338 1007 3379 fieri
1020 3337 1159 3379 formae
1189 3337 1233 3368 ad
1263 3338 1352 3368 illam

280 3384 539 3414 coniunctionem
564 3383 770 3414 terminatur.
795 3382 847 3414 Sic
873 3383 961 3413 enim
984 3392 1098 3412 verum
1122 3388 1168 3413 est
1190 3382 1280 3422 quod
1297 3391 1354 3423 per

280 3437 313 3458 se
337 3429 490 3459 convenit
513 3428 619 3464 alicui,
644 3427 897 3468 inseparabiliter
913 3428 942 3458 ei
962 3427 1150 3458 convenire:
1176 3427 1252 3467 quia
1271 3436 1354 3468 quae

280 3472 391 3503 eadem
413 3473 628 3513 generatione
656 3477 870 3514 generantur,
899 3472 1010 3503 eadem
1043 3472 1255 3512 corruptione
1281 3482 1353 3502 cor-

282 3522 484 3556 rumpuntur.

337 3560 488 3592 Secundo
513 3567 620 3592 autern
645 3561 746 3592 modo
771 3571 838 3592 esse
863 3561 1038 3593 convenire
1055 3560 1177 3591 formae
1193 3560 1355 3592 declarant

283 3604 512 3645 distinguentes
532 3616 594 3646 per
621 3616 655 3637 se
682 3607 715 3637 in
742 3616 806 3646 per
835 3616 869 3637 se
891 3606 1091 3647 simpliciter,
1121 3611 1151 3636 et
1179 3606 1212 3635 in
1237 3616 1298 3646 per
1320 3616 1354 3637 se

279 3649 423 3689 physice.
448 3650 554 3680 Prima
578 3652 729 3691 perseitas
745 3661 843 3691 super
858 3650 1045 3682 habitudine
1069 3650 1283 3681 terminorum
1299 3651 1354 3681 ab·

282 3693 387 3724 solute
411 3700 611 3734 sumptorum
627 3695 819 3736 fundatur:
843 3695 984 3726 secunda
1008 3705 1085 3726 vero
1109 3704 1208 3736 super
1229 3695 1354 3726 habitu-

800 298 988 335 SUMMA
1018 297 1241 335 CONTRA
1269 297 1545 344 GENTILES,
1574 299 1670 335 LIB.
1691 299 1733 344 ΙΙ,
1764 299 1875 336 CAP.
1896 300 1977 337 LV.

1410 377 1486 407 dine
1516 377 1731 408 terminorum
1763 378 1796 408 in
1828 387 1897 409 esse
1928 380 2077 410 naturali
2099 381 2296 420 positorum.
2330 383 2420 420 Item,
2452 384 2485 414 in

1411 422 1514 462 prima
1531 422 1727 462 praedicata
1751 423 1833 453 nihil
1863 433 1928 454 non
1961 426 2179 456 necessarium
2201 434 2484 468 praesupponunt,

1410 467 1565 507 quoniam
1583 467 1760 508 respiciunt
1774 468 1918 499 subiecta
1934 469 2082 500 absolute
2095 476 2235 511 sumpta,
2252 477 2284 501 et
2302 474 2484 512 propositio

1410 516 1458 542 est
1480 512 1562 542 adeo
1588 513 1772 543 necessaria
1795 513 1883 554 quod
1907 514 2088 554 oppositum
2112 515 2402 547 contradictionem
2427 517 2485 548 im-

1406 556 1526 597 plicat:
1549 557 1583 587 in
1600 557 1742 587 secunda
1757 566 1836 588 vero
1851 558 2047 598 praedicata
2065 565 2339 601 praesupponunt
2361 561 2487 602 aliquid

1410 611 1476 631 non
1502 602 1732 639 necessarium,
1756 602 1880 633 scilicet
1901 603 2044 634 subiecta
2069 604 2102 634 in
2127 614 2238 635 rerum
2263 609 2385 636 natura
2402 615 2485 646 pro-

1409 646 1506 677 ducta
1530 656 1607 682 esse,
1633 652 1664 677 et
1688 647 1721 677 in
1746 656 1783 677 ea
1807 657 1873 678 non
1897 653 1945 679 est
1968 649 2141 680 necessitas
2164 650 2229 680 nisi
2251 659 2367 681 cursus
2390 655 2486 681 natu-

1410 691 1501 727 ralis,
1533 696 1564 722 et
1594 691 1666 722 ideo
1697 692 1878 732 oppositum
1910 703 1975 724 non
2007 694 2153 734 implicat
2182 695 2484 726 contradictionem.

1409 736 1531 766 Dicunt
1554 737 1651 776 igitur
1667 736 1758 777 quod
1777 746 1845 767 esse
1868 747 1927 778 per
1949 747 1983 769 se
2007 740 2219 780 consequitur
2242 740 2392 776 formam,
2416 750 2486 771 non

1408 781 1578 822 perseitate
1602 781 1799 822 simpliciter,
1827 781 1883 813 sed
1910 783 2080 823 perseitate
2106 785 2255 826 physica:
2280 795 2357 816 nam
2381 786 2485 826 ipsam

1407 825 1602 866 productam
1626 826 1818 863 necessario,
1848 832 2007 868 quantum
2032 833 2079 858 est
2103 838 2141 859 ex
2165 839 2209 866 se,
2234 835 2266 860 et
2288 830 2486 871 inseparabi-

1408 871 1480 901 liter
1503 871 1753 901 concomitatur.

1466 924 1494 946 2.
1520 915 1585 946 Sed
1607 915 1683 946 licet
1705 916 1765 946 ista
1788 916 2010 957 interpretatio
2040 917 2153 957 pulcra
2175 919 2229 955 sit,
2257 924 2290 950 et
2311 920 2370 950 viri
2393 920 2485 950 omni

1408 969 1446 990 ex
1469 966 1559 1000 parte
1583 959 1771 998 doctissimi,
1795 971 1865 992 non
1888 961 2016 992 videtur
2043 967 2152 993 tamen
2181 964 2262 995 mihi
2285 965 2484 996 conveniens

1408 1014 1487 1036 esse.
1511 1005 1621 1036 Primo
1646 1015 1790 1047 namque
1813 1015 1882 1037 non
1906 1006 2034 1037 videtur
2057 1006 2098 1037 ad
2120 1014 2267 1039 mentem
2293 1008 2486 1050 Philosophi

1406 1050 1609 1090 interpretari
1626 1060 1691 1091 per
1708 1061 1742 1081 se
1766 1056 1802 1082 ut
1826 1050 2032 1092 distinguitur
2055 1058 2168 1083 contra
2179 1063 2243 1094 per
2257 1052 2359 1084 aliud.
2384 1052 2485 1092 Quod

1407 1095 1495 1125 enim
1519 1095 1615 1126 alicui
1640 1094 1762 1136 aliquid
1786 1097 1960 1127 conveniat
1979 1096 2165 1128 immediate
2188 1107 2247 1138 per
2263 1098 2485 1130 exclusionem

1406 1139 1533 1171 mediae
1556 1140 1703 1177 actionis,
1720 1150 1789 1171 non
1805 1140 1932 1172 videtur
1947 1142 2145 1173 constituere
2160 1142 2248 1174 istud
2258 1153 2323 1184 per
2336 1150 2392 1174 se:
2414 1142 2483 1174 risi-

1406 1184 1511 1215 bilitas
1535 1185 1623 1215 enim
1639 1190 1671 1215 et
1693 1186 1890 1216 ran'onalitas
1913 1188 2067 1218 convenit
2087 1187 2149 1218 isto
2172 1188 2275 1219 modo
2297 1187 2485 1219 immediate

1407 1229 1502 1266 Sorti,
1519 1239 1596 1260 cum
1620 1239 1685 1260 una
1702 1236 1734 1261 et
1750 1230 1864 1262 eadem
1880 1232 2009 1263 actione
2025 1232 2230 1272 ,producatur
2245 1233 2354 1265 Sortes
2378 1238 2410 1264 et
2425 1242 2484 1264 sua

1406 1274 1564 1305 risibilitas
1595 1284 1719 1315 suaque
1749 1275 1961 1314 rationalitas;
1987 1282 2019 1307 et
2041 1282 2150 1308 tamen
2174 1278 2234 1309 ista
2264 1288 2332 1309 non
2363 1287 2484 1309 conve-

1405 1319 1500 1350 niunt
1516 1318 1602 1350 Sorti
1617 1319 1682 1350 hoc
1698 1319 1800 1351 modo
1816 1330 1874 1362 per
1889 1330 1934 1358 se,
1951 1321 2008 1352 sed
2024 1331 2082 1362 per
2098 1321 2195 1360 aliud,
2212 1322 2334 1354 scilicet
2353 1332 2411 1364 per
2425 1323 2484 1353 ho-

1406 1364 1534 1395 minem.
1551 1382 1573 1386 -
1589 1364 1680 1402 Item,
1697 1365 1723 1395 si
1738 1365 1803 1396 hoc
1821 1364 1982 1397 sufficeret
1997 1365 2037 1397 ad
2057 1366 2155 1399 talem
2173 1368 2388 1408 perseitatem‚
2405 1373 2483 1399 tunc

1405 1418 1473 1439 non
1497 1414 1624 1440 tantum
1649 1408 1783 1447 formae,
1800 1410 1856 1441 sed
1880 1411 1977 1442 etiam
1993 1412 2180 1452 composito
2201 1422 2271 1443 esse
2295 1412 2485 1444 conveniret

1405 1463 1464 1494 per
1486 1463 1519 1485 se
1539 1454 1603 1485 hoc
1626 1454 1744 1486 modo:
1762 1456 1855 1486 cuius
1870 1456 2062 1496 oppositum
2078 1462 2111 1487 et
2129 1457 2192 1494 hic,
2210 1462 2242 1488 et
2257 1458 2364 1489 Prima
2379 1457 2483 1494 Parte,

1406 1508 1436 1539 q.
1454 1509 1483 1535 L,
1500 1509 1527 1530 a.
1548 1499 1577 1535 5,
1594 1498 1719 1530 dicitur.
1745 1499 1846 1538 Quod
1869 1506 1979 1532 autem
2002 1502 2068 1532 hoc
2090 1507 2253 1542 sequatur,
2277 1507 2375 1543 patet.
2398 1502 2485 1534 Nam

1404 1544 1488 1574 sicut
1511 1543 1624 1575 eadem
1648 1546 1815 1585 generatio
1840 1546 2032 1577 terminatur
2055 1545 2095 1577 ad
2119 1546 2259 1578 formam
2283 1553 2314 1579 et
2337 1546 2378 1578 ad
2401 1557 2482 1584 esse,

1404 1589 1448 1619 ita
1463 1587 1533 1619 fieri
1550 1590 1726 1630 compositi
1742 1589 1782 1621 ad
1798 1591 2021 1631 compositum
2038 1597 2070 1622 et
2089 1591 2129 1622 ad
2144 1592 2304 1624 unionem
2320 1601 2390 1624 esse
2407 1601 2483 1624 cum

1404 1634 1476 1674 ipso
1501 1634 1700 1664 terminatur.

1461 1677 1625 1715 Secundo,
1649 1678 1776 1710 videtur
1798 1679 1857 1709 ista
1880 1680 2102 1720 interpretatio
2119 1686 2279 1721 quantum
2302 1679 2343 1711 ad
2366 1690 2482 1712 secun-

1403 1722 1483 1754 dum
1506 1723 1645 1754 modum
1663 1724 1842 1763 perseitatis
1857 1722 2011 1755 deficere:
2028 1725 2053 1756 si
2066 1735 2130 1765 per
2142 1735 2179 1756 se
2192 1725 2384 1767 simpliciter
2396 1726 2481 1757 acci·

1404 1768 1511 1808 piatur
1526 1773 1563 1799 ut
1579 1767 1620 1799 de
1634 1768 1781 1799 secundo
1797 1767 1900 1800 modo
1915 1770 2025 1810 posito
2041 1771 2081 1800 ab
2097 1770 2282 1808 Aristotele,
2295 1770 2307 1801 1
2320 1770 2480 1807 Poster.*,

1403 1812 1529 1844 dicitur.
1554 1812 1630 1844 Non
1654 1813 1742 1844 enim
1764 1813 1891 1844 videtur
1913 1814 2035 1855 aliquid
2058 1815 2240 1846 necessario
2264 1821 2296 1846 et
2318 1816 2481 1857 insepara-

1403 1857 1509 1888 biliter
1532 1858 1706 1888 convenire
1723 1857 1819 1889 alicui
1835 1859 1944 1899 posito
1961 1859 1994 1889 in
2017 1865 2132 1890 natura
2147 1859 2209 1890 nisi
2228 1860 2304 1901 quia
2328 1860 2482 1892 convenit

1403 1902 1463 1932 sibi
1487 1901 1597 1942 aliquo
1614 1901 1791 1933 modorum
1814 1912 1872 1943 per
1887 1912 1920 1934 se
1937 1903 2139 1944 simpliciter:
2163 1905 2240 1944 quia
2262 1903 2412 1936 videlicet
2426 1909 2483 1936 aut

1403 1947 1512 1986 ipsum
1536 1952 1584 1977 est
1607 1946 1648 1977 de
1677 1947 1802 1977 ratione
1826 1947 1973 1984 subiecti,
1997 1953 2053 1978 aut
2079 1948 2263 1979 subiectum
2290 1948 2330 1980 de
2357 1949 2483 1981 ratione

1403 1991 1514 2031 ipsius.
1539 1991 1584 2022 Ut
1607 1991 1695 2022 enim
1718 1991 1824 2032 inquit
1840 1991 1977 2024 Sanctus
1993 1992 2140 2024 Thomas
2157 1993 2169 2023 1
2185 1993 2321 2029 Foster..
2338 1993 2412 2024 lect.
2432 2001 2482 2035 14,

1402 2036 1432 2066 si
1453 2036 1589 2077 aliquod
1612 2035 1762 2067 accidens
1777 2036 1818 2068 de
1834 2037 2023 2068 necessitate
2037 2042 2069 2068 et
2083 2047 2211 2079 semper
2226 2038 2310 2069 inest
2328 2038 2482 2074 subiecto,

1404 2085 1532 2122 oportet
1553 2080 1642 2122 quod
1665 2090 1797 2112 causam
1821 2082 1939 2112 habeat
1961 2082 1995 2112 in
2019 2082 2172 2119 subiecto,
2189 2093 2255 2124 qua
2272 2083 2395 2124 posita,
2415 2093 2482 2115 non

1398 2126 1506 2167 possit
1532 2126 1684 2156 accidens
1717 2135 1783 2156 non
1815 2126 1936 2158 inesse:
1967 2132 1999 2157 et
2029 2137 2067 2158 ex
2098 2128 2163 2159 hoc
2194 2127 2361 2160 concludit
2392 2128 2484 2170 quod

1404 2175 1534 2212 oportet
1556 2175 1592 2201 ut
1615 2171 1648 2201 in
1672 2171 1743 2201 eius
1765 2171 1955 2213 definitione
1971 2177 2124 2212 ponatur
2137 2173 2325 2210 subiectum,
2349 2178 2381 2204 et
2403 2183 2483 2205 con-

1404 2221 1578 2257 sequenter
1601 2215 1692 2256 quod
1714 2217 1758 2247 sit
1779 2216 1931 2248 accidens
1940 2225 2005 2257 per
2018 2227 2063 2248 se.
2088 2217 2122 2249 Si
2138 2227 2216 2258 ergo
2236 2227 2306 2249 esse
2330 2218 2485 2251 convenit

1404 2271 1462 2302 per
1484 2271 1518 2292 se
1543 2260 1667 2292 formae
1691 2261 1876 2292 subsistenti
1891 2262 2017 2302 positae
2033 2262 2066 2293 in
2090 2267 2214 2300 natura,
2231 2272 2364 2294 necesse
2380 2269 2428 2294 est
2446 2268 2484 2294 ut

1404 2306 1464 2336 sibi
1487 2315 1545 2347 per
1569 2315 1602 2336 se
1626 2306 1815 2347 simpliciter
1841 2307 2025 2343 conveniat,
2049 2313 2166 2348 utpote
2188 2308 2223 2338 in
2247 2308 2340 2338 cuius
2368 2306 2483 2339 defini-

1404 2351 1494 2382 tione
1519 2356 1669 2391 oporteat
1691 2351 1773 2392 poni
1796 2351 1900 2391 ipsam
1923 2350 2063 2382 formam
2086 2352 2324 2383 subsistentem.

1460 2396 1638 2432 Praeterea,
1663 2395 1688 2425 si
1716 2395 1877 2426 diceretur
1907 2405 1976 2427 esse
2004 2405 2062 2437 per
2090 2406 2125 2428 se
2153 2397 2328 2428 convenire
2358 2395 2483 2428 formae

1405 2441 1481 2481 quia
1498 2440 1637 2471 formam
1661 2440 1857 2481 productam
1880 2442 2020 2482 positam
2045 2442 2078 2472 in
2105 2446 2220 2472 natura
2243 2442 2484 2473 concomitatur

1404 2486 1596 2522 necessario,
1621 2484 1735 2516 eadem
1766 2486 1890 2516 ratione
1915 2485 2075 2517 diceretur
2097 2495 2156 2527 per
2179 2495 2213 2517 se
2237 2487 2328 2517 omni
2351 2492 2484 2518 naturae

1404 2531 1597 2561 convenire:
1623 2535 1655 2560 et
1677 2530 1723 2560 sic
1746 2536 1935 2571 sequeretur
1959 2540 2093 2562 ornnem
2114 2536 2262 2562 naturam
2286 2540 2355 2562 esse
2378 2531 2484 2562 incor-

1404 2575 1602 2616 ruptibilem.
1627 2575 1786 2605 Probatur
1808 2575 1951 2616 sequela.
1979 2575 2066 2614 Quia
2090 2585 2225 2606 omnem
2251 2585 2321 2607 rem
2344 2576 2485 2616 positam

1405 2621 1439 2651 in
1462 2626 1575 2651 natura
1599 2620 1780 2650 necessario
1809 2620 2048 2651 concomitatur
2071 2621 2222 2657 existere,
2247 2621 2350 2652 immo
2373 2626 2422 2652 est
2444 2619 2486 2652 de

1405 2665 1531 2696 ratione
1554 2674 1612 2695 sua
1636 2665 1831 2705 inquantum
1855 2665 1990 2705 ponitur
2011 2666 2045 2696 in
2068 2671 2197 2697 natura:
2222 2670 2382 2706 repugnat
2397 2665 2486 2699 enim

1406 2719 1475 2741 rem
1499 2710 1579 2750 poni
1603 2710 1637 2740 in
1660 2715 1774 2740 natura
1798 2714 1885 2740 extra
1913 2719 2006 2741 suam
2030 2719 2162 2741 causam
2187 2715 2220 2741 et
2246 2719 2314 2741 non
2339 2710 2485 2747 existere,

1407 2764 1484 2786 cum
1507 2764 1576 2786 non
1600 2759 1734 2795 propter
1749 2754 1836 2785 aliud
1852 2754 1976 2786 dicatur
1994 2754 2118 2795 aliquid
2141 2755 2222 2795 poni
2238 2755 2272 2786 in
2287 2760 2401 2786 natura
2424 2755 2486 2786 nisi

1407 2800 1484 2840 quia
1500 2799 1618 2840 accipit
1633 2808 1702 2830 esse
1715 2804 1803 2830 extra
1819 2808 1910 2830 suam
1927 2809 2068 2831 causam.
2082 2817 2104 2822 ——
2119 2799 2188 2831 Nec
2203 2799 2364 2831 sufficeret
2379 2798 2487 2831 dicere

1408 2843 1499 2885 quod
1522 2854 1591 2875 non
1616 2845 1770 2875 convenit
1794 2845 1901 2884 primo
1933 2845 2132 2885 cuicumque
2162 2845 2218 2882 rei,
2243 2845 2326 2876 sicut
2349 2843 2484 2876 formae.

1408 2890 1497 2920 Tum
1521 2889 1598 2930 quia
1621 2889 1674 2919 hic
1697 2898 1804 2919 sermo
1829 2895 1876 2920 est
1900 2888 1940 2920 de
1957 2899 2023 2930 per
2036 2899 2072 2920 se
2086 2895 2123 2920 ut
2145 2889 2326 2931 opponitur
2349 2889 2379 2920 ei
2395 2888 2487 2930 quod

1409 2940 1456 2966 est
1467 2944 1530 2975 per
1548 2933 1709 2970 accidens,
1726 2943 1794 2964 non
1811 2939 1920 2964 autem
1936 2940 1972 2965 ut
1988 2933 2075 2965 idem
2092 2939 2140 2965 est
2156 2934 2247 2975 quod
2256 2934 2380 2975 primo.
2397 2933 2486 2966 Tum

1409 2980 1495 3020 quia,
1507 2978 1688 3010 dummodo
1701 2987 1771 3009 esse
1787 2979 1884 3010 rebus
1900 2979 2072 3010 conveniat
2086 2988 2145 3019 per
2160 2989 2205 3016 se,
2217 2979 2364 3020 sequitur
2375 2979 2488 3011 omnia

1409 3034 1478 3055 esse
1501 3023 1768 3064 incorruptibilia,
1793 3023 1869 3054 licet
1897 3033 1966 3054 esse
1992 3033 2060 3054 non
2091 3024 2265 3055 conveniat
2291 3024 2336 3055 eis
2360 3024 2485 3064 primo:

1408 3070 1452 3100 ita
1475 3069 1563 3100 enim
1579 3078 1598 3098 a
1621 3068 1718 3100 Sorte
1733 3074 1919 3099 removetur
1934 3068 2129 3109 possibilitas
2147 3068 2188 3100 ad
2203 3069 2393 3109 oppositum
2417 3068 2486 3099 risi—

1410 3114 1550 3150 bilitatis,
1575 3114 1659 3144 sicut
1681 3114 1721 3144 ab
1744 3113 1885 3149 homine,
1911 3114 1965 3144 cui
1994 3113 2154 3144 risibilitas
2186 3113 2340 3144 convenit
2366 3113 2484 3154 primo.

1466 3159 1505 3189 V.
1530 3158 1601 3189 Hac
1621 3167 1698 3198 ergo
1722 3158 1988 3199 interpretatione
2004 3159 2238 3199 praetermissa,
2263 3157 2390 3188 videtur
2404 3156 2485 3188 mihi

1410 3203 1585 3234 dicendum
1610 3202 1701 3243 quod
1725 3203 1839 3244 utique
1868 3212 1938 3234 esse
1968 3203 2183 3243 consequitur
2209 3201 2348 3234 formam
2365 3210 2430 3242 per
2450 3210 2486 3232 se

1410 3254 1441 3279 et
1464 3254 1500 3279 ut
1524 3248 1705 3288 opponitur
1723 3257 1787 3288 per
1809 3248 1910 3282 aliud,
1937 3253 1969 3278 et
1991 3253 2028 3279 ut
2047 3247 2229 3288 opponitur
2240 3255 2304 3287 per
2321 3245 2483 3281 accidens,

1409 3292 1465 3324 sed
1489 3292 1581 3333 quod
1604 3292 1668 3323 alio
1692 3292 1794 3324 modo
1811 3291 2001 3333 accipienda
2025 3297 2100 3323 sunt
2115 3292 2175 3323 ista
2198 3299 2298 3332 quam
2321 3289 2485 3330 praedicta

1410 3338 1570 3378 acceperit
1594 3337 1719 3378 opinio.

1465 3382 1517 3413 Ad
1541 3382 1634 3413 cuius
1650 3381 1855 3419 evidentiam,
1872 3379 2144 3413 considerandum
2158 3383 2207 3410 est
2229 3379 2346 3419 primo,
2364 3389 2403 3410 ex
2425 3379 2484 3411 do-

1410 3428 1511 3458 ctrina
1534 3426 1643 3458 Sancti
1659 3427 1808 3458 Thomae
1830 3427 1906 3458 loco
1922 3425 2136 3466 praeallegato
2147 3424 2175 3460 ⁹,
2199 3423 2291 3464 quod
2306 3424 2429 3465 aliquid
2444 3425 2484 3455 ab

1410 3472 1546 3503 essentia
1563 3471 1698 3502 alicuius
1721 3471 1910 3503 distinctum
1924 3470 1985 3501 sibi
2001 3468 2176 3500 convenire
2192 3478 2249 3508 per
2264 3478 2298 3499 se
2319 3474 2356 3499 ut
2372 3479 2437 3510 per
2450 3478 2485 3500 se

1410 3516 1616 3557 distinguitur
1628 3522 1741 3547 contra
1750 3525 1815 3557 per
1825 3514 1985 3556 accidens,
1998 3518 2046 3544 est
2061 3513 2179 3544 habere
2195 3513 2337 3553 aliquam
2353 3523 2485 3545 causam

1410 3562 1443 3592 in
1467 3561 1614 3592 subiecto
1639 3560 1679 3591 ad
1703 3570 1802 3601 quam
1826 3559 1867 3590 de
1889 3558 2079 3590 necessitate
2103 3564 2331 3598 consequatur.
2359 3558 2485 3589 Dicitur

1411 3607 1497 3637 enim
1520 3611 1599 3636 tunc
1622 3605 1769 3636 subiecto
1786 3603 1962 3635 convenire
1985 3612 2042 3643 per
2057 3612 2102 3639 se,
2126 3603 2203 3643 quia
2223 3612 2281 3643 per
2303 3603 2434 3643 propria
2454 3608 2486 3633 et

1410 3651 1581 3681 intrinseca
1602 3649 1687 3680 illius
1702 3648 1860 3690 principia
1876 3647 1935 3678 sibi
1952 3647 2121 3684 convenit3
2146 3653 2178 3678 et
2193 3648 2269 3688 quia
2284 3652 2363 3678 tunc
2378 3647 2484 3678 subie-

1411 3701 1499 3726 ctum
1524 3695 1656 3735 ponitur
1678 3694 1710 3724 in
1736 3691 1924 3724 definitione
1941 3692 2010 3722 eius
2035 3691 2125 3732 quod
2148 3692 2209 3722 sibi
2233 3691 2348 3723 dicitur
2371 3701 2428 3732 per
2451 3701 2485 3722 se

2509 1768 2520 1815 ζ
2534 1766 2680 1816 Cfflwn'on'
2696 1772 2723 1794 4³

2511 3427 2521 3438 ·
2537 3425 2680 3453 imur-,L
2691 3431 2726 3454 ¹⁴-
