<?xml version="1.0" encoding="UTF-8"?>
<!DOCTYPE html PUBLIC "-//W3C//DTD XHTML 1.0 Transitional//EN"
    "http://www.w3.org/TR/xhtml1/DTD/xhtml1-transitional.dtd">
<html xmlns="http://www.w3.org/1999/xhtml" xml:lang="en" lang="en">
 <head>
  <title>
</title>
<meta http-equiv="Content-Type" content="text/html;charset=utf-8" />
  <meta name='ocr-system' content='tesseract 3.04.00' />
  <meta name='ocr-capabilities' content='ocr_page ocr_carea ocr_par ocr_line ocrx_word'/>
</head>
<body>
  <div class='ocr_page' id='page_1' title='image "./operaomniaiussui13thom/operaomniaiussui13thom_0416.png"; bbox 0 0 2768 4134; ppageno 0'>
   <div class='ocr_carea' id='block_1_1' title="bbox 66 1631 197 1659">
    <p class='ocr_par' dir='ltr' id='par_1_1' title="bbox 66 1631 197 1659">
     <span class='ocr_line' id='line_1_1' title="bbox 66 1631 197 1659; baseline 0 -6"><span class='ocrx_word' id='word_1_1' title='bbox 66 1633 75 1641; x_wconf 76' lang='lat'>²</span> <span class='ocrx_word' id='word_1_2' title='bbox 90 1631 146 1659; x_wconf 81' lang='lat' dir='ltr'>Cap.</span> <span class='ocrx_word' id='word_1_3' title='bbox 162 1637 197 1653; x_wconf 75' lang='grc' dir='ltr'>ιν.</span> 
     </span>
    </p>
   </div>
   <div class='ocr_carea' id='block_1_2' title="bbox 67 1807 247 1835">
    <p class='ocr_par' dir='ltr' id='par_1_2' title="bbox 67 1807 247 1835">
     <span class='ocr_line' id='line_1_2' title="bbox 67 1807 247 1835; baseline -0.006 -6"><span class='ocrx_word' id='word_1_4' title='bbox 67 1809 76 1816; x_wconf 89' lang='grc'>·</span> <span class='ocrx_word' id='word_1_5' title='bbox 92 1807 127 1829; x_wconf 81' lang='lat' dir='ltr'>cf.</span> <span class='ocrx_word' id='word_1_6' title='bbox 143 1813 165 1828; x_wconf 86' lang='lat' dir='ltr'>n.</span> <span class='ocrx_word' id='word_1_7' title='bbox 181 1813 211 1834; x_wconf 80' lang='lat' dir='ltr'>vi,</span> <span class='ocrx_word' id='word_1_8' title='bbox 227 1813 247 1835; x_wconf 89' lang='lat'>3.</span> 
     </span>
    </p>
   </div>
   <div class='ocr_carea' id='block_1_3' title="bbox 311 311 385 358">
    <p class='ocr_par' dir='ltr' id='par_1_3' title="bbox 311 311 385 358">
     <span class='ocr_line' id='line_1_3' title="bbox 311 311 385 358; baseline 0 -11"><span class='ocrx_word' id='word_1_9' title='bbox 311 311 385 358; x_wconf 88' lang='lat'>342</span> 
     </span>
    </p>
   </div>
   <div class='ocr_carea' id='block_1_4' title="bbox 303 381 1384 2554">
    <p class='ocr_par' dir='ltr' id='par_1_4' title="bbox 303 381 1379 1001">
     <span class='ocr_line' id='line_1_4' title="bbox 364 381 1378 424; baseline -0.008 -5"><span class='ocrx_word' id='word_1_10' title='bbox 364 387 550 419; x_wconf 91' lang='lat' dir='ltr'>Secundum</span> <span class='ocrx_word' id='word_1_11' title='bbox 583 391 629 416; x_wconf 90' lang='lat' dir='ltr'>est</span> <span class='ocrx_word' id='word_1_12' title='bbox 662 383 752 424; x_wconf 92' lang='lat' dir='ltr'>quod</span> <span class='ocrx_word' id='word_1_13' title='bbox 786 384 820 413; x_wconf 91' lang='lat' dir='ltr'>in</span> <span class='ocrx_word' id='word_1_14' title='bbox 854 381 1020 412; x_wconf 82' lang='lat' dir='ltr'>effectibus</span> <span class='ocrx_word' id='word_1_15' title='bbox 1051 387 1099 412; x_wconf 92' lang='lat' dir='ltr'>est</span> <span class='ocrx_word' id='word_1_16' title='bbox 1133 382 1305 412; x_wconf 85' lang='lat' dir='ltr'>necessitas</span> <span class='ocrx_word' id='word_1_17' title='bbox 1340 391 1378 412; x_wconf 86' lang='lat' dir='ltr'>ex</span> 
     </span>
     <span class='ocr_line' id='line_1_5' title="bbox 307 425 1379 471; baseline -0.007 -8"><span class='ocrx_word' id='word_1_18' title='bbox 307 442 403 463; x_wconf 88' lang='lat' dir='ltr'>causa</span> <span class='ocrx_word' id='word_1_19' title='bbox 425 437 549 471; x_wconf 84' lang='lat' dir='ltr'><strong>agente,</strong></span> <span class='ocrx_word' id='word_1_20' title='bbox 566 433 780 460; x_wconf 88' lang='lat' dir='ltr'>concurrente</span> <span class='ocrx_word' id='word_1_21' title='bbox 795 427 892 457; x_wconf 89' lang='lat' dir='ltr'>simul</span> <span class='ocrx_word' id='word_1_22' title='bbox 914 426 1064 466; x_wconf 89' lang='lat' dir='ltr'>patientis</span> <span class='ocrx_word' id='word_1_23' title='bbox 1087 425 1317 466; x_wconf 86' lang='lat' dir='ltr'>dispositione:</span> <span class='ocrx_word' id='word_1_24' title='bbox 1343 431 1379 456; x_wconf 94' lang='lat' dir='ltr'>ut</span> 
     </span>
     <span class='ocr_line' id='line_1_6' title="bbox 307 469 1379 514; baseline -0.007 -7"><span class='ocrx_word' id='word_1_25' title='bbox 307 476 427 507; x_wconf 86' lang='lat' dir='ltr'>scilicet</span> <span class='ocrx_word' id='word_1_26' title='bbox 451 476 491 505; x_wconf 91' lang='lat' dir='ltr'>sit</span> <span class='ocrx_word' id='word_1_27' title='bbox 512 475 546 504; x_wconf 92' lang='lat' dir='ltr'>in</span> <span class='ocrx_word' id='word_1_28' title='bbox 569 482 665 514; x_wconf 89' lang='lat' dir='ltr'>passo</span> <span class='ocrx_word' id='word_1_29' title='bbox 685 472 831 513; x_wconf 90' lang='lat' dir='ltr'>potentia</span> <span class='ocrx_word' id='word_1_30' title='bbox 853 471 895 501; x_wconf 91' lang='lat' dir='ltr'>ad</span> <span class='ocrx_word' id='word_1_31' title='bbox 916 469 1150 510; x_wconf 89' lang='lat' dir='ltr'>recipiendum,</span> <span class='ocrx_word' id='word_1_32' title='bbox 1168 475 1199 500; x_wconf 92' lang='lat' dir='ltr'>et</span> <span class='ocrx_word' id='word_1_33' title='bbox 1214 470 1248 500; x_wconf 91' lang='lat' dir='ltr'>in</span> <span class='ocrx_word' id='word_1_34' title='bbox 1264 475 1379 510; x_wconf 79' lang='lat' dir='ltr'>agente</span> 
     </span>
     <span class='ocr_line' id='line_1_7' title="bbox 305 514 1379 559; baseline -0.005 -10"><span class='ocrx_word' id='word_1_35' title='bbox 305 520 439 551; x_wconf 90' lang='lat' dir='ltr'>victoria</span> <span class='ocrx_word' id='word_1_36' title='bbox 468 527 564 559; x_wconf 88' lang='lat' dir='ltr'>supra</span> <span class='ocrx_word' id='word_1_37' title='bbox 594 526 735 558; x_wconf 90' lang='lat' dir='ltr'>passum,</span> <span class='ocrx_word' id='word_1_38' title='bbox 760 522 796 547; x_wconf 93' lang='lat' dir='ltr'>ut</span> <span class='ocrx_word' id='word_1_39' title='bbox 826 515 927 556; x_wconf 86' lang='lat' dir='ltr'>possit</span> <span class='ocrx_word' id='word_1_40' title='bbox 956 516 1064 555; x_wconf 87' lang='lat' dir='ltr'>ipsum</span> <span class='ocrx_word' id='word_1_41' title='bbox 1091 519 1313 545; x_wconf 85' lang='lat' dir='ltr'>transmutare.</span> <span class='ocrx_word' id='word_1_42' title='bbox 1338 514 1379 544; x_wconf 90' lang='lat' dir='ltr'>Et</span> 
     </span>
     <span class='ocr_line' id='line_1_8' title="bbox 305 557 1379 603; baseline -0.007 -8"><span class='ocrx_word' id='word_1_43' title='bbox 305 571 383 595; x_wconf 90' lang='lat' dir='ltr'>tunc</span> <span class='ocrx_word' id='word_1_44' title='bbox 413 563 558 603; x_wconf 90' lang='lat' dir='ltr'>sequitur</span> <span class='ocrx_word' id='word_1_45' title='bbox 587 562 758 593; x_wconf 88' lang='lat' dir='ltr'>necessitas</span> <span class='ocrx_word' id='word_1_46' title='bbox 787 565 843 590; x_wconf 91' lang='lat' dir='ltr'>aut</span> <span class='ocrx_word' id='word_1_47' title='bbox 873 559 1056 595; x_wconf 86' lang='lat' dir='ltr'>violentiae,</span> <span class='ocrx_word' id='word_1_48' title='bbox 1087 559 1113 588; x_wconf 88' lang='lat' dir='ltr'>si</span> <span class='ocrx_word' id='word_1_49' title='bbox 1142 558 1213 588; x_wconf 91' lang='lat' dir='ltr'>talis</span> <span class='ocrx_word' id='word_1_50' title='bbox 1246 557 1379 589; x_wconf 86' lang='lat' dir='ltr'>effectus</span> 
     </span>
     <span class='ocr_line' id='line_1_9' title="bbox 305 603 1378 642; baseline -0.007 -3"><span class='ocrx_word' id='word_1_51' title='bbox 305 608 400 639; x_wconf 85' lang='lat' dir='ltr'>fuerit</span> <span class='ocrx_word' id='word_1_52' title='bbox 429 613 541 638; x_wconf 90' lang='lat' dir='ltr'>contra</span> <span class='ocrx_word' id='word_1_53' title='bbox 569 606 749 637; x_wconf 86' lang='lat' dir='ltr'>naturalem</span> <span class='ocrx_word' id='word_1_54' title='bbox 779 604 1025 635; x_wconf 82' lang='lat' dir='ltr'>inclinationem</span> <span class='ocrx_word' id='word_1_55' title='bbox 1058 603 1156 642; x_wconf 87' lang='lat' dir='ltr'>passi,</span> <span class='ocrx_word' id='word_1_56' title='bbox 1187 603 1270 633; x_wconf 89' lang='lat' dir='ltr'>sicut</span> <span class='ocrx_word' id='word_1_57' title='bbox 1302 612 1378 633; x_wconf 90' lang='lat' dir='ltr'>cum</span> 
     </span>
     <span class='ocr_line' id='line_1_10' title="bbox 305 646 1379 693; baseline -0.006 -10"><span class='ocrx_word' id='word_1_58' title='bbox 305 653 385 693; x_wconf 91' lang='lat' dir='ltr'>lapis</span> <span class='ocrx_word' id='word_1_59' title='bbox 401 651 568 693; x_wconf 90' lang='lat' dir='ltr'>proiicitur</span> <span class='ocrx_word' id='word_1_60' title='bbox 583 660 727 686; x_wconf 84' lang='lat' dir='ltr'>sursum;</span> <span class='ocrx_word' id='word_1_61' title='bbox 753 655 808 680; x_wconf 89' lang='lat' dir='ltr'>aut</span> <span class='ocrx_word' id='word_1_62' title='bbox 829 648 981 679; x_wconf 91' lang='lat' dir='ltr'>naturalis</span> <span class='ocrx_word' id='word_1_63' title='bbox 1004 647 1135 684; x_wconf 88' lang='lat' dir='ltr'>ordinis,</span> <span class='ocrx_word' id='word_1_64' title='bbox 1151 647 1179 677; x_wconf 92' lang='lat' dir='ltr'>si</span> <span class='ocrx_word' id='word_1_65' title='bbox 1197 656 1267 677; x_wconf 90' lang='lat' dir='ltr'>non</span> <span class='ocrx_word' id='word_1_66' title='bbox 1283 646 1379 678; x_wconf 87' lang='lat' dir='ltr'>fuerit</span> 
     </span>
     <span class='ocr_line' id='line_1_11' title="bbox 305 691 1378 729; baseline -0.006 -2"><span class='ocrx_word' id='word_1_67' title='bbox 305 702 417 727; x_wconf 86' lang='lat' dir='ltr'>contra</span> <span class='ocrx_word' id='word_1_68' title='bbox 435 696 615 727; x_wconf 85' lang='lat' dir='ltr'>naturalem</span> <span class='ocrx_word' id='word_1_69' title='bbox 640 694 895 729; x_wconf 83' lang='lat' dir='ltr'>inclinationem,</span> <span class='ocrx_word' id='word_1_70' title='bbox 918 698 954 723; x_wconf 94' lang='lat' dir='ltr'>ut</span> <span class='ocrx_word' id='word_1_71' title='bbox 977 697 1024 722; x_wconf 88' lang='lat' dir='ltr'>est</span> <span class='ocrx_word' id='word_1_72' title='bbox 1049 692 1083 721; x_wconf 93' lang='lat' dir='ltr'>in</span> <span class='ocrx_word' id='word_1_73' title='bbox 1106 696 1200 722; x_wconf 90' lang='lat' dir='ltr'>motu</span> <span class='ocrx_word' id='word_1_74' title='bbox 1224 691 1313 728; x_wconf 89' lang='lat' dir='ltr'>caeli,</span> <span class='ocrx_word' id='word_1_75' title='bbox 1336 691 1378 722; x_wconf 88' lang='lat' dir='ltr'>si-</span> 
     </span>
     <span class='ocr_line' id='line_1_12' title="bbox 303 736 1378 779; baseline -0.006 -8"><span class='ocrx_word' id='word_1_76' title='bbox 303 741 421 771; x_wconf 89' lang='lat' dir='ltr'>militer</span> <span class='ocrx_word' id='word_1_77' title='bbox 444 742 478 771; x_wconf 90' lang='lat' dir='ltr'>in</span> <span class='ocrx_word' id='word_1_78' title='bbox 502 741 690 771; x_wconf 86' lang='lat' dir='ltr'>alteratione</span> <span class='ocrx_word' id='word_1_79' title='bbox 713 747 890 779; x_wconf 88' lang='lat' dir='ltr'>corporum</span> <span class='ocrx_word' id='word_1_80' title='bbox 917 736 1107 767; x_wconf 85' lang='lat' dir='ltr'>inferiorum</span> <span class='ocrx_word' id='word_1_81' title='bbox 1139 745 1158 766; x_wconf 88' lang='lat' dir='ltr'>a</span> <span class='ocrx_word' id='word_1_82' title='bbox 1187 736 1378 776; x_wconf 88' lang='lat' dir='ltr'>corporibus</span> 
     </span>
     <span class='ocr_line' id='line_1_13' title="bbox 305 780 1379 823; baseline -0.006 -7"><span class='ocrx_word' id='word_1_83' title='bbox 305 786 505 822; x_wconf 87' lang='lat' dir='ltr'>caelestibus,</span> <span class='ocrx_word' id='word_1_84' title='bbox 529 785 674 815; x_wconf 88' lang='lat' dir='ltr'>similiter</span> <span class='ocrx_word' id='word_1_85' title='bbox 700 784 734 814; x_wconf 92' lang='lat' dir='ltr'>in</span> <span class='ocrx_word' id='word_1_86' title='bbox 757 782 965 823; x_wconf 87' lang='lat' dir='ltr'>generatione</span> <span class='ocrx_word' id='word_1_87' title='bbox 989 781 1235 811; x_wconf 88' lang='lat' dir='ltr'>elementorum.</span> <span class='ocrx_word' id='word_1_88' title='bbox 1260 780 1379 811; x_wconf 87' lang='lat' dir='ltr'>Forma</span> 
     </span>
     <span class='ocr_line' id='line_1_14' title="bbox 304 825 1378 869; baseline -0.006 -9"><span class='ocrx_word' id='word_1_89' title='bbox 304 830 392 860; x_wconf 89' lang='lat' dir='ltr'>enim</span> <span class='ocrx_word' id='word_1_90' title='bbox 415 829 599 860; x_wconf 89' lang='lat' dir='ltr'>inducenda</span> <span class='ocrx_word' id='word_1_91' title='bbox 622 839 679 869; x_wconf 92' lang='lat' dir='ltr'>per</span> <span class='ocrx_word' id='word_1_92' title='bbox 702 827 944 868; x_wconf 87' lang='lat' dir='ltr'>generationem</span> <span class='ocrx_word' id='word_1_93' title='bbox 966 835 1034 856; x_wconf 90' lang='lat' dir='ltr'>non</span> <span class='ocrx_word' id='word_1_94' title='bbox 1059 830 1106 855; x_wconf 89' lang='lat' dir='ltr'>est</span> <span class='ocrx_word' id='word_1_95' title='bbox 1129 825 1287 855; x_wconf 88' lang='lat' dir='ltr'>contraria</span> <span class='ocrx_word' id='word_1_96' title='bbox 1309 834 1378 855; x_wconf 89' lang='lat' dir='ltr'>ma—</span> 
     </span>
     <span class='ocr_line' id='line_1_15' title="bbox 305 869 1379 914; baseline -0.006 -9"><span class='ocrx_word' id='word_1_97' title='bbox 305 874 402 905; x_wconf 88' lang='lat' dir='ltr'>teriae</span> <span class='ocrx_word' id='word_1_98' title='bbox 432 875 565 914; x_wconf 81' lang='lat' dir='ltr'>primae,</span> <span class='ocrx_word' id='word_1_99' title='bbox 590 883 674 914; x_wconf 92' lang='lat' dir='ltr'>quae</span> <span class='ocrx_word' id='word_1_100' title='bbox 705 878 752 903; x_wconf 85' lang='lat' dir='ltr'>est</span> <span class='ocrx_word' id='word_1_101' title='bbox 780 870 996 912; x_wconf 86' lang='lat' dir='ltr'>generationis</span> <span class='ocrx_word' id='word_1_102' title='bbox 1023 870 1217 906; x_wconf 85' lang='lat' dir='ltr'>subiectum,</span> <span class='ocrx_word' id='word_1_103' title='bbox 1240 869 1316 900; x_wconf 91' lang='lat' dir='ltr'>licet</span> <span class='ocrx_word' id='word_1_104' title='bbox 1338 869 1379 899; x_wconf 91' lang='lat' dir='ltr'>sit</span> 
     </span>
     <span class='ocr_line' id='line_1_16' title="bbox 305 913 1379 949; baseline -0.006 0"><span class='ocrx_word' id='word_1_105' title='bbox 305 919 463 949; x_wconf 88' lang='lat' dir='ltr'>contraria</span> <span class='ocrx_word' id='word_1_106' title='bbox 478 917 602 948; x_wconf 91' lang='lat' dir='ltr'>formae</span> <span class='ocrx_word' id='word_1_107' title='bbox 625 916 838 948; x_wconf 89' lang='lat' dir='ltr'>abiiciendae:</span> <span class='ocrx_word' id='word_1_108' title='bbox 863 925 930 945; x_wconf 92' lang='lat' dir='ltr'>non</span> <span class='ocrx_word' id='word_1_109' title='bbox 947 915 1035 945; x_wconf 90' lang='lat' dir='ltr'>enim</span> <span class='ocrx_word' id='word_1_110' title='bbox 1050 914 1183 944; x_wconf 86' lang='lat' dir='ltr'>materia</span> <span class='ocrx_word' id='word_1_111' title='bbox 1198 914 1258 944; x_wconf 91' lang='lat' dir='ltr'>sub</span> <span class='ocrx_word' id='word_1_112' title='bbox 1273 913 1379 944; x_wconf 80' lang='lat' dir='ltr'>forma</span> 
     </span>
     <span class='ocr_line' id='line_1_17' title="bbox 306 959 1149 1001; baseline -0.006 -8"><span class='ocrx_word' id='word_1_113' title='bbox 306 963 465 994; x_wconf 85' lang='lat' dir='ltr'>contraria</span> <span class='ocrx_word' id='word_1_114' title='bbox 487 963 625 993; x_wconf 85' lang='lat' dir='ltr'>existens</span> <span class='ocrx_word' id='word_1_115' title='bbox 649 966 695 992; x_wconf 91' lang='lat' dir='ltr'>est</span> <span class='ocrx_word' id='word_1_116' title='bbox 717 959 933 1001; x_wconf 86' lang='lat' dir='ltr'>generationis</span> <span class='ocrx_word' id='word_1_117' title='bbox 956 959 1149 990; x_wconf 89' lang='lat' dir='ltr'>subiectum.</span> 
     </span>
    </p>

    <p class='ocr_par' dir='ltr' id='par_1_5' title="bbox 303 1003 1380 1401">
     <span class='ocr_line' id='line_1_18' title="bbox 361 1003 1377 1047; baseline -0.006 -9"><span class='ocrx_word' id='word_1_118' title='bbox 361 1007 510 1038; x_wconf 88' lang='lat' dir='ltr'>Tertium</span> <span class='ocrx_word' id='word_1_119' title='bbox 541 1012 588 1037; x_wconf 89' lang='lat' dir='ltr'>est</span> <span class='ocrx_word' id='word_1_120' title='bbox 618 1005 718 1047; x_wconf 91' lang='lat' dir='ltr'>quod,</span> <span class='ocrx_word' id='word_1_121' title='bbox 749 1005 775 1035; x_wconf 88' lang='lat' dir='ltr'>si</span> <span class='ocrx_word' id='word_1_122' title='bbox 805 1004 875 1034; x_wconf 87' lang='lat' dir='ltr'>talis</span> <span class='ocrx_word' id='word_1_123' title='bbox 906 1003 1076 1043; x_wconf 87' lang='lat' dir='ltr'>dispositio</span> <span class='ocrx_word' id='word_1_124' title='bbox 1107 1003 1229 1043; x_wconf 81' lang='lat' dir='ltr'>agentis</span> <span class='ocrx_word' id='word_1_125' title='bbox 1260 1008 1292 1033; x_wconf 92' lang='lat' dir='ltr'>et</span> <span class='ocrx_word' id='word_1_126' title='bbox 1321 1012 1377 1043; x_wconf 89' lang='lat' dir='ltr'>pa-</span> 
     </span>
     <span class='ocr_line' id='line_1_19' title="bbox 304 1046 1378 1090; baseline -0.005 -8"><span class='ocrx_word' id='word_1_127' title='bbox 304 1052 412 1082; x_wconf 89' lang='lat' dir='ltr'>tientis</span> <span class='ocrx_word' id='word_1_128' title='bbox 429 1051 616 1082; x_wconf 63' lang='lat' dir='ltr'>rsecundum</span> <span class='ocrx_word' id='word_1_129' title='bbox 646 1059 745 1090; x_wconf 89' lang='lat' dir='ltr'>quam</span> <span class='ocrx_word' id='word_1_130' title='bbox 776 1049 815 1079; x_wconf 90' lang='lat' dir='ltr'>de</span> <span class='ocrx_word' id='word_1_131' title='bbox 846 1049 1034 1078; x_wconf 89' lang='lat' dir='ltr'>necessitate</span> <span class='ocrx_word' id='word_1_132' title='bbox 1065 1048 1212 1088; x_wconf 90' lang='lat' dir='ltr'>sequitur</span> <span class='ocrx_word' id='word_1_133' title='bbox 1234 1046 1378 1083; x_wconf 85' lang='lat' dir='ltr'>effectus,</span> 
     </span>
     <span class='ocr_line' id='line_1_20' title="bbox 305 1092 1379 1132; baseline -0.006 -5"><span class='ocrx_word' id='word_1_134' title='bbox 305 1095 402 1126; x_wconf 83' lang='lat' dir='ltr'>fuerit</span> <span class='ocrx_word' id='word_1_135' title='bbox 424 1096 601 1126; x_wconf 90' lang='lat' dir='ltr'>necessaria</span> <span class='ocrx_word' id='word_1_136' title='bbox 631 1094 777 1124; x_wconf 89' lang='lat' dir='ltr'>absolute</span> <span class='ocrx_word' id='word_1_137' title='bbox 806 1094 839 1123; x_wconf 92' lang='lat' dir='ltr'>in</span> <span class='ocrx_word' id='word_1_138' title='bbox 871 1097 985 1132; x_wconf 89' lang='lat' dir='ltr'>agente</span> <span class='ocrx_word' id='word_1_139' title='bbox 1009 1097 1041 1122; x_wconf 91' lang='lat' dir='ltr'>et</span> <span class='ocrx_word' id='word_1_140' title='bbox 1063 1092 1216 1132; x_wconf 89' lang='lat' dir='ltr'>patiente,</span> <span class='ocrx_word' id='word_1_141' title='bbox 1241 1092 1299 1121; x_wconf 91' lang='lat' dir='ltr'>erit</span> <span class='ocrx_word' id='word_1_142' title='bbox 1322 1101 1379 1122; x_wconf 92' lang='lat' dir='ltr'>ne-</span> 
     </span>
     <span class='ocr_line' id='line_1_21' title="bbox 306 1136 1379 1177; baseline -0.004 -7"><span class='ocrx_word' id='word_1_143' title='bbox 306 1141 434 1170; x_wconf 85' lang='lat' dir='ltr'>cessitas</span> <span class='ocrx_word' id='word_1_144' title='bbox 457 1140 603 1169; x_wconf 90' lang='lat' dir='ltr'>absoluta</span> <span class='ocrx_word' id='word_1_145' title='bbox 632 1139 665 1168; x_wconf 91' lang='lat' dir='ltr'>in</span> <span class='ocrx_word' id='word_1_146' title='bbox 699 1147 794 1168; x_wconf 91' lang='lat' dir='ltr'>causa</span> <span class='ocrx_word' id='word_1_147' title='bbox 826 1142 941 1177; x_wconf 83' lang='lat' dir='ltr'>agente</span> <span class='ocrx_word' id='word_1_148' title='bbox 964 1136 1005 1167; x_wconf 90' lang='lat' dir='ltr'>ad</span> <span class='ocrx_word' id='word_1_149' title='bbox 1027 1136 1280 1177; x_wconf 85' lang='lat' dir='ltr'>productionem</span> <span class='ocrx_word' id='word_1_150' title='bbox 1309 1136 1379 1166; x_wconf 87' lang='lat' dir='ltr'>talis</span> 
     </span>
     <span class='ocr_line' id='line_1_22' title="bbox 306 1181 1378 1222; baseline -0.004 -8"><span class='ocrx_word' id='word_1_151' title='bbox 306 1183 454 1214; x_wconf 83' lang='lat' dir='ltr'>effectus:</span> <span class='ocrx_word' id='word_1_152' title='bbox 480 1184 563 1213; x_wconf 92' lang='lat' dir='ltr'>sicut</span> <span class='ocrx_word' id='word_1_153' title='bbox 578 1184 611 1213; x_wconf 90' lang='lat' dir='ltr'>in</span> <span class='ocrx_word' id='word_1_154' title='bbox 627 1183 665 1213; x_wconf 92' lang='lat' dir='ltr'>iis</span> <span class='ocrx_word' id='word_1_155' title='bbox 682 1191 765 1222; x_wconf 91' lang='lat' dir='ltr'>quae</span> <span class='ocrx_word' id='word_1_156' title='bbox 789 1186 889 1221; x_wconf 87' lang='lat' dir='ltr'>agunt</span> <span class='ocrx_word' id='word_1_157' title='bbox 912 1191 951 1211; x_wconf 90' lang='lat' dir='ltr'>ex</span> <span class='ocrx_word' id='word_1_158' title='bbox 973 1181 1163 1212; x_wconf 85' lang='lat' dir='ltr'>necessitate</span> <span class='ocrx_word' id='word_1_159' title='bbox 1186 1186 1219 1211; x_wconf 90' lang='lat' dir='ltr'>et</span> <span class='ocrx_word' id='word_1_160' title='bbox 1240 1189 1378 1220; x_wconf 89' lang='lat' dir='ltr'>semper.</span> 
     </span>
     <span class='ocr_line' id='line_1_23' title="bbox 305 1225 1380 1265; baseline -0.004 -6"><span class='ocrx_word' id='word_1_161' title='bbox 305 1228 338 1259; x_wconf 90' lang='lat' dir='ltr'>Si</span> <span class='ocrx_word' id='word_1_162' title='bbox 362 1233 471 1258; x_wconf 88' lang='lat' dir='ltr'>autem</span> <span class='ocrx_word' id='word_1_163' title='bbox 494 1237 563 1258; x_wconf 91' lang='lat' dir='ltr'>non</span> <span class='ocrx_word' id='word_1_164' title='bbox 586 1227 682 1258; x_wconf 85' lang='lat' dir='ltr'>fuerit</span> <span class='ocrx_word' id='word_1_165' title='bbox 705 1226 853 1256; x_wconf 91' lang='lat' dir='ltr'>absolute</span> <span class='ocrx_word' id='word_1_166' title='bbox 875 1226 1064 1262; x_wconf 87' lang='lat' dir='ltr'>necessaria,</span> <span class='ocrx_word' id='word_1_167' title='bbox 1080 1225 1137 1256; x_wconf 87' lang='lat' dir='ltr'>sed</span> <span class='ocrx_word' id='word_1_168' title='bbox 1153 1225 1315 1265; x_wconf 89' lang='lat' dir='ltr'>possibilis</span> <span class='ocrx_word' id='word_1_169' title='bbox 1330 1234 1380 1255; x_wconf 91' lang='lat' dir='ltr'>re-</span> 
     </span>
     <span class='ocr_line' id='line_1_24' title="bbox 303 1270 1379 1310; baseline -0.004 -7"><span class='ocrx_word' id='word_1_170' title='bbox 303 1273 438 1308; x_wconf 86' lang='lat' dir='ltr'>moveri,</span> <span class='ocrx_word' id='word_1_171' title='bbox 462 1282 530 1302; x_wconf 90' lang='lat' dir='ltr'>non</span> <span class='ocrx_word' id='word_1_172' title='bbox 554 1272 613 1302; x_wconf 88' lang='lat' dir='ltr'>erit</span> <span class='ocrx_word' id='word_1_173' title='bbox 634 1271 807 1302; x_wconf 88' lang='lat' dir='ltr'>necessitas</span> <span class='ocrx_word' id='word_1_174' title='bbox 830 1279 869 1300; x_wconf 90' lang='lat' dir='ltr'>ex</span> <span class='ocrx_word' id='word_1_175' title='bbox 892 1280 988 1301; x_wconf 90' lang='lat' dir='ltr'>causa</span> <span class='ocrx_word' id='word_1_176' title='bbox 1011 1275 1126 1310; x_wconf 84' lang='lat' dir='ltr'>agente</span> <span class='ocrx_word' id='word_1_177' title='bbox 1149 1270 1211 1300; x_wconf 91' lang='lat' dir='ltr'>nisi</span> <span class='ocrx_word' id='word_1_178' title='bbox 1234 1279 1273 1299; x_wconf 86' lang='lat' dir='ltr'>ex</span> <span class='ocrx_word' id='word_1_179' title='bbox 1303 1278 1379 1309; x_wconf 90' lang='lat' dir='ltr'>sup-</span> 
     </span>
     <span class='ocr_line' id='line_1_25' title="bbox 303 1313 1380 1358; baseline -0.004 -11"><span class='ocrx_word' id='word_1_180' title='bbox 303 1317 467 1358; x_wconf 88' lang='lat' dir='ltr'>positione</span> <span class='ocrx_word' id='word_1_181' title='bbox 484 1316 703 1356; x_wconf 88' lang='lat' dir='ltr'>dispositionis</span> <span class='ocrx_word' id='word_1_182' title='bbox 719 1316 890 1355; x_wconf 85' lang='lat' dir='ltr'>utriusque</span> <span class='ocrx_word' id='word_1_183' title='bbox 905 1314 1031 1345; x_wconf 87' lang='lat' dir='ltr'>debitae</span> <span class='ocrx_word' id='word_1_184' title='bbox 1047 1313 1087 1344; x_wconf 91' lang='lat' dir='ltr'>ad</span> <span class='ocrx_word' id='word_1_185' title='bbox 1103 1313 1280 1354; x_wconf 87' lang='lat' dir='ltr'>agendum:</span> <span class='ocrx_word' id='word_1_186' title='bbox 1296 1314 1380 1344; x_wconf 92' lang='lat' dir='ltr'>sicut</span> 
     </span>
     <span class='ocr_line' id='line_1_26' title="bbox 304 1358 1271 1401; baseline -0.004 -9"><span class='ocrx_word' id='word_1_187' title='bbox 304 1362 338 1392; x_wconf 92' lang='lat' dir='ltr'>in</span> <span class='ocrx_word' id='word_1_188' title='bbox 361 1361 399 1391; x_wconf 92' lang='lat' dir='ltr'>iis</span> <span class='ocrx_word' id='word_1_189' title='bbox 423 1370 506 1401; x_wconf 89' lang='lat' dir='ltr'>quae</span> <span class='ocrx_word' id='word_1_190' title='bbox 529 1370 598 1391; x_wconf 90' lang='lat' dir='ltr'>non</span> <span class='ocrx_word' id='word_1_191' title='bbox 622 1366 722 1401; x_wconf 89' lang='lat' dir='ltr'>agunt</span> <span class='ocrx_word' id='word_1_192' title='bbox 744 1369 873 1400; x_wconf 89' lang='lat' dir='ltr'>semper</span> <span class='ocrx_word' id='word_1_193' title='bbox 895 1358 952 1389; x_wconf 89' lang='lat' dir='ltr'>sed</span> <span class='ocrx_word' id='word_1_194' title='bbox 975 1359 1008 1389; x_wconf 87' lang='lat' dir='ltr'>in</span> <span class='ocrx_word' id='word_1_195' title='bbox 1031 1359 1147 1389; x_wconf 89' lang='lat' dir='ltr'>maiori</span> <span class='ocrx_word' id='word_1_196' title='bbox 1171 1363 1271 1399; x_wconf 91' lang='lat' dir='ltr'>parte.</span> 
     </span>
    </p>

    <p class='ocr_par' dir='ltr' id='par_1_6' title="bbox 305 1402 1380 1658">
     <span class='ocr_line' id='line_1_27' title="bbox 363 1402 1379 1445; baseline -0.004 -9"><span class='ocrx_word' id='word_1_197' title='bbox 363 1415 392 1436; x_wconf 92' lang='lat'>2.</span> <span class='ocrx_word' id='word_1_198' title='bbox 418 1405 512 1436; x_wconf 87' lang='lat' dir='ltr'>Circa</span> <span class='ocrx_word' id='word_1_199' title='bbox 535 1405 721 1445; x_wconf 90' lang='lat' dir='ltr'>exemplum</span> <span class='ocrx_word' id='word_1_200' title='bbox 744 1405 888 1444; x_wconf 91' lang='lat' dir='ltr'>positum</span> <span class='ocrx_word' id='word_1_201' title='bbox 910 1404 945 1434; x_wconf 92' lang='lat' dir='ltr'>in</span> <span class='ocrx_word' id='word_1_202' title='bbox 968 1404 1075 1444; x_wconf 88' lang='lat' dir='ltr'>primo</span> <span class='ocrx_word' id='word_1_203' title='bbox 1091 1402 1193 1433; x_wconf 89' lang='lat' dir='ltr'>modo</span> <span class='ocrx_word' id='word_1_204' title='bbox 1209 1403 1306 1433; x_wconf 92' lang='lat' dir='ltr'>huius</span> <span class='ocrx_word' id='word_1_205' title='bbox 1322 1411 1379 1432; x_wconf 87' lang='lat' dir='ltr'>ne-</span> 
     </span>
     <span class='ocr_line' id='line_1_28' title="bbox 305 1446 1380 1490; baseline -0.004 -9"><span class='ocrx_word' id='word_1_206' title='bbox 305 1451 468 1486; x_wconf 86' lang='lat' dir='ltr'>cessitatis,</span> <span class='ocrx_word' id='word_1_207' title='bbox 493 1450 614 1480; x_wconf 89' lang='lat' dir='ltr'>scilicet</span> <span class='ocrx_word' id='word_1_208' title='bbox 637 1449 728 1490; x_wconf 92' lang='lat' dir='ltr'>quod</span> <span class='ocrx_word' id='word_1_209' title='bbox 752 1458 880 1479; x_wconf 88' lang='lat' dir='ltr'>necesse</span> <span class='ocrx_word' id='word_1_210' title='bbox 902 1453 950 1479; x_wconf 90' lang='lat' dir='ltr'>est</span> <span class='ocrx_word' id='word_1_211' title='bbox 971 1447 1168 1478; x_wconf 84' lang='lat' dir='ltr'>intellectum</span> <span class='ocrx_word' id='word_1_212' title='bbox 1191 1446 1380 1478; x_wconf 79' lang='lat' dir='ltr'>existentem</span> 
     </span>
     <span class='ocr_line' id='line_1_29' title="bbox 306 1491 1379 1535; baseline -0.004 -10"><span class='ocrx_word' id='word_1_213' title='bbox 306 1495 338 1525; x_wconf 86' lang='lat' dir='ltr'>in</span> <span class='ocrx_word' id='word_1_214' title='bbox 363 1499 438 1525; x_wconf 81' lang='lat' dir='ltr'>actu</span> <span class='ocrx_word' id='word_1_215' title='bbox 460 1504 524 1535; x_wconf 79' lang='lat' dir='ltr'>per</span> <span class='ocrx_word' id='word_1_216' title='bbox 552 1494 688 1534; x_wconf 82' lang='lat' dir='ltr'>speciem</span> <span class='ocrx_word' id='word_1_217' title='bbox 720 1493 955 1535; x_wconf 78' lang='lat' dir='ltr'>intelligibilem</span> <span class='ocrx_word' id='word_1_218' title='bbox 988 1492 1181 1533; x_wconf 82' lang='lat' dir='ltr'>intelligere,</span> <span class='ocrx_word' id='word_1_219' title='bbox 1206 1491 1379 1522; x_wconf 90' lang='lat' dir='ltr'>dubitatur.</span> 
     </span>
     <span class='ocr_line' id='line_1_30' title="bbox 305 1535 1380 1579; baseline -0.004 -9"><span class='ocrx_word' id='word_1_220' title='bbox 305 1539 401 1577; x_wconf 90' lang='lat' dir='ltr'>Quia,</span> <span class='ocrx_word' id='word_1_221' title='bbox 425 1539 488 1570; x_wconf 91' lang='lat' dir='ltr'>hoc</span> <span class='ocrx_word' id='word_1_222' title='bbox 517 1538 603 1575; x_wconf 91' lang='lat' dir='ltr'>dato,</span> <span class='ocrx_word' id='word_1_223' title='bbox 634 1538 780 1579; x_wconf 85' lang='lat' dir='ltr'>sequitur</span> <span class='ocrx_word' id='word_1_224' title='bbox 810 1537 901 1578; x_wconf 93' lang='lat' dir='ltr'>quod</span> <span class='ocrx_word' id='word_1_225' title='bbox 931 1537 1113 1567; x_wconf 89' lang='lat' dir='ltr'>intellectus</span> <span class='ocrx_word' id='word_1_226' title='bbox 1142 1537 1254 1566; x_wconf 87' lang='lat' dir='ltr'>omnia</span> <span class='ocrx_word' id='word_1_227' title='bbox 1284 1535 1380 1566; x_wconf 88' lang='lat' dir='ltr'>simul</span> 
     </span>
     <span class='ocr_line' id='line_1_31' title="bbox 305 1581 1380 1623; baseline -0.004 -9"><span class='ocrx_word' id='word_1_228' title='bbox 305 1583 460 1623; x_wconf 87' lang='lat' dir='ltr'>intelligat</span> <span class='ocrx_word' id='word_1_229' title='bbox 483 1592 625 1623; x_wconf 91' lang='lat' dir='ltr'>quorum</span> <span class='ocrx_word' id='word_1_230' title='bbox 649 1583 818 1623; x_wconf 89' lang='lat' dir='ltr'>speciebus</span> <span class='ocrx_word' id='word_1_231' title='bbox 840 1581 1042 1612; x_wconf 85' lang='lat' dir='ltr'>informatur.</span> <span class='ocrx_word' id='word_1_232' title='bbox 1067 1581 1171 1612; x_wconf 91' lang='lat' dir='ltr'>Cuius</span> <span class='ocrx_word' id='word_1_233' title='bbox 1190 1581 1380 1621; x_wconf 88' lang='lat' dir='ltr'>oppositum</span> 
     </span>
     <span class='ocr_line' id='line_1_32' title="bbox 306 1627 777 1658; baseline -0.002 0"><span class='ocrx_word' id='word_1_234' title='bbox 306 1634 473 1658; x_wconf 89' lang='lat' dir='ltr'>ostensum</span> <span class='ocrx_word' id='word_1_235' title='bbox 498 1633 546 1658; x_wconf 92' lang='lat' dir='ltr'>est</span> <span class='ocrx_word' id='word_1_236' title='bbox 567 1628 601 1658; x_wconf 90' lang='lat' dir='ltr'>in</span> <span class='ocrx_word' id='word_1_237' title='bbox 624 1627 734 1657; x_wconf 91' lang='lat' dir='ltr'>Primo</span> <span class='ocrx_word' id='word_1_238' title='bbox 750 1628 777 1657; x_wconf 59' lang='lat'>⁹.</span> 
     </span>
    </p>

    <p class='ocr_par' dir='ltr' id='par_1_7' title="bbox 306 1668 1382 1934">
     <span class='ocr_line' id='line_1_33' title="bbox 363 1668 1381 1712; baseline -0.004 -9"><span class='ocrx_word' id='word_1_239' title='bbox 363 1671 457 1703; x_wconf 92' lang='lat' dir='ltr'>Circa</span> <span class='ocrx_word' id='word_1_240' title='bbox 480 1673 576 1702; x_wconf 88' lang='lat' dir='ltr'>etiam</span> <span class='ocrx_word' id='word_1_241' title='bbox 599 1671 632 1702; x_wconf 93' lang='lat' dir='ltr'>id</span> <span class='ocrx_word' id='word_1_242' title='bbox 656 1671 746 1712; x_wconf 92' lang='lat' dir='ltr'>quod</span> <span class='ocrx_word' id='word_1_243' title='bbox 768 1672 914 1712; x_wconf 89' lang='lat' dir='ltr'>positum</span> <span class='ocrx_word' id='word_1_244' title='bbox 931 1671 1027 1701; x_wconf 88' lang='lat' dir='ltr'>estin</span> <span class='ocrx_word' id='word_1_245' title='bbox 1043 1669 1189 1700; x_wconf 89' lang='lat' dir='ltr'>secundo</span> <span class='ocrx_word' id='word_1_246' title='bbox 1206 1668 1304 1705; x_wconf 91' lang='lat' dir='ltr'>dicto,</span> <span class='ocrx_word' id='word_1_247' title='bbox 1320 1669 1381 1700; x_wconf 91' lang='lat' dir='ltr'>sci-</span> 
     </span>
     <span class='ocr_line' id='line_1_34' title="bbox 306 1713 1382 1757; baseline -0.004 -10"><span class='ocrx_word' id='word_1_248' title='bbox 306 1717 381 1747; x_wconf 90' lang='lat' dir='ltr'>licet</span> <span class='ocrx_word' id='word_1_249' title='bbox 405 1716 495 1757; x_wconf 93' lang='lat' dir='ltr'>quod</span> <span class='ocrx_word' id='word_1_250' title='bbox 519 1716 656 1747; x_wconf 80' lang='lat' dir='ltr'>materia</span> <span class='ocrx_word' id='word_1_251' title='bbox 678 1716 737 1747; x_wconf 87' lang='lat' dir='ltr'>sub</span> <span class='ocrx_word' id='word_1_252' title='bbox 751 1716 872 1757; x_wconf 74' lang='lat' dir='ltr'>forma</span> <span class='ocrx_word' id='word_1_253' title='bbox 895 1714 1064 1745; x_wconf 84' lang='lat' dir='ltr'>contraria</span> <span class='ocrx_word' id='word_1_254' title='bbox 1089 1713 1230 1744; x_wconf 83' lang='lat' dir='ltr'>existens</span> <span class='ocrx_word' id='word_1_255' title='bbox 1249 1723 1315 1744; x_wconf 85' lang='lat' dir='ltr'>non</span> <span class='ocrx_word' id='word_1_256' title='bbox 1335 1719 1382 1744; x_wconf 87' lang='lat' dir='ltr'>est</span> 
     </span>
     <span class='ocr_line' id='line_1_35' title="bbox 306 1759 1381 1802; baseline -0.003 -11"><span class='ocrx_word' id='word_1_257' title='bbox 306 1761 530 1802; x_wconf 79' lang='lat' dir='ltr'>generationis</span> <span class='ocrx_word' id='word_1_258' title='bbox 549 1760 735 1795; x_wconf 81' lang='lat' dir='ltr'>subiectum,</span> <span class='ocrx_word' id='word_1_259' title='bbox 752 1759 925 1790; x_wconf 87' lang='lat' dir='ltr'>dubitatur.</span> <span class='ocrx_word' id='word_1_260' title='bbox 950 1759 1057 1789; x_wconf 88' lang='lat' dir='ltr'>Huius</span> <span class='ocrx_word' id='word_1_261' title='bbox 1080 1759 1167 1789; x_wconf 90' lang='lat' dir='ltr'>enim</span> <span class='ocrx_word' id='word_1_262' title='bbox 1191 1759 1381 1798; x_wconf 90' lang='lat' dir='ltr'>oppositum</span> 
     </span>
     <span class='ocr_line' id='line_1_36' title="bbox 306 1803 1382 1845; baseline -0.002 -11"><span class='ocrx_word' id='word_1_263' title='bbox 306 1805 433 1836; x_wconf 92' lang='lat' dir='ltr'>videtur</span> <span class='ocrx_word' id='word_1_264' title='bbox 456 1805 518 1835; x_wconf 91' lang='lat' dir='ltr'>dici</span> <span class='ocrx_word' id='word_1_265' title='bbox 542 1805 689 1845; x_wconf 89' lang='lat' dir='ltr'>superius</span> <span class='ocrx_word' id='word_1_266' title='bbox 705 1806 731 1840; x_wconf 47' lang='grc' dir='ltr'>ἢ</span> <span class='ocrx_word' id='word_1_267' title='bbox 756 1805 812 1835; x_wconf 90' lang='lat' dir='ltr'>ubi</span> <span class='ocrx_word' id='word_1_268' title='bbox 836 1804 1002 1834; x_wconf 89' lang='lat' dir='ltr'>dicebatur</span> <span class='ocrx_word' id='word_1_269' title='bbox 1029 1803 1200 1833; x_wconf 83' lang='lat' dir='ltr'>materiam</span> <span class='ocrx_word' id='word_1_270' title='bbox 1225 1812 1290 1833; x_wconf 87' lang='lat' dir='ltr'>non</span> <span class='ocrx_word' id='word_1_271' title='bbox 1314 1812 1382 1833; x_wconf 90' lang='lat' dir='ltr'>esse</span> 
     </span>
     <span class='ocr_line' id='line_1_37' title="bbox 306 1847 1382 1891; baseline -0.003 -11"><span class='ocrx_word' id='word_1_272' title='bbox 306 1849 519 1890; x_wconf 84' lang='lat' dir='ltr'>susceptivam</span> <span class='ocrx_word' id='word_1_273' title='bbox 526 1850 665 1891; x_wconf 85' lang='lat' dir='ltr'>formae</span> <span class='ocrx_word' id='word_1_274' title='bbox 681 1849 778 1880; x_wconf 85' lang='lat' dir='ltr'>unius</span> <span class='ocrx_word' id='word_1_275' title='bbox 793 1849 942 1879; x_wconf 83' lang='lat' dir='ltr'>elementi</span> <span class='ocrx_word' id='word_1_276' title='bbox 958 1848 1021 1878; x_wconf 88' lang='lat' dir='ltr'>nisi</span> <span class='ocrx_word' id='word_1_277' title='bbox 1030 1857 1095 1888; x_wconf 79' lang='lat' dir='ltr'>per</span> <span class='ocrx_word' id='word_1_278' title='bbox 1108 1847 1170 1878; x_wconf 83' lang='lat' dir='ltr'>hoc</span> <span class='ocrx_word' id='word_1_279' title='bbox 1181 1847 1269 1888; x_wconf 82' lang='lat' dir='ltr'>quod</span> <span class='ocrx_word' id='word_1_280' title='bbox 1283 1847 1382 1878; x_wconf 85' lang='lat' dir='ltr'>subii-</span> 
     </span>
     <span class='ocr_line' id='line_1_38' title="bbox 307 1893 899 1934; baseline -0.002 -10"><span class='ocrx_word' id='word_1_281' title='bbox 307 1894 394 1924; x_wconf 79' lang='lat' dir='ltr'>citur</span> <span class='ocrx_word' id='word_1_282' title='bbox 416 1893 513 1924; x_wconf 84' lang='lat' dir='ltr'>alteri</span> <span class='ocrx_word' id='word_1_283' title='bbox 530 1894 623 1934; x_wconf 84' lang='lat' dir='ltr'>parti</span> <span class='ocrx_word' id='word_1_284' title='bbox 646 1893 899 1924; x_wconf 84' lang='lat' dir='ltr'>contrarietatis.</span> 
     </span>
    </p>

    <p class='ocr_par' dir='ltr' id='par_1_8' title="bbox 305 1934 1384 2510">
     <span class='ocr_line' id='line_1_39' title="bbox 364 1934 1381 1978; baseline -0.003 -10"><span class='ocrx_word' id='word_1_285' title='bbox 364 1938 394 1968; x_wconf 83' lang='lat'>3.</span> <span class='ocrx_word' id='word_1_286' title='bbox 410 1937 462 1968; x_wconf 93' lang='lat' dir='ltr'>Ad</span> <span class='ocrx_word' id='word_1_287' title='bbox 484 1938 628 1978; x_wconf 90' lang='lat' dir='ltr'>primum</span> <span class='ocrx_word' id='word_1_288' title='bbox 650 1938 768 1968; x_wconf 88' lang='lat' dir='ltr'>horum</span> <span class='ocrx_word' id='word_1_289' title='bbox 790 1936 1005 1977; x_wconf 90' lang='lat' dir='ltr'>respondetur</span> <span class='ocrx_word' id='word_1_290' title='bbox 1027 1935 1118 1976; x_wconf 91' lang='lat' dir='ltr'>quod</span> <span class='ocrx_word' id='word_1_291' title='bbox 1139 1935 1326 1975; x_wconf 84' lang='lat' dir='ltr'>intelligitur</span> <span class='ocrx_word' id='word_1_292' title='bbox 1342 1934 1381 1966; x_wconf 91' lang='lat' dir='ltr'>de</span> 
     </span>
     <span class='ocr_line' id='line_1_40' title="bbox 305 1979 1382 2022; baseline -0.003 -10"><span class='ocrx_word' id='word_1_293' title='bbox 305 1982 472 2012; x_wconf 90' lang='lat' dir='ltr'>intellectu</span> <span class='ocrx_word' id='word_1_294' title='bbox 489 1982 643 2012; x_wconf 85' lang='lat' dir='ltr'>existente</span> <span class='ocrx_word' id='word_1_295' title='bbox 659 1982 692 2012; x_wconf 89' lang='lat' dir='ltr'>in</span> <span class='ocrx_word' id='word_1_296' title='bbox 709 1987 783 2012; x_wconf 90' lang='lat' dir='ltr'>actu</span> <span class='ocrx_word' id='word_1_297' title='bbox 796 1981 962 2022; x_wconf 90' lang='lat' dir='ltr'>completo</span> <span class='ocrx_word' id='word_1_298' title='bbox 978 1979 1159 2011; x_wconf 89' lang='lat' dir='ltr'>secundum</span> <span class='ocrx_word' id='word_1_299' title='bbox 1175 1980 1317 2020; x_wconf 90' lang='lat' dir='ltr'>speciem</span> <span class='ocrx_word' id='word_1_300' title='bbox 1333 1979 1382 2010; x_wconf 91' lang='lat' dir='ltr'>in-</span> 
     </span>
     <span class='ocr_line' id='line_1_41' title="bbox 306 2024 1382 2066; baseline -0.003 -10"><span class='ocrx_word' id='word_1_301' title='bbox 306 2026 516 2066; x_wconf 84' lang='lat' dir='ltr'>telligibilem.</span> <span class='ocrx_word' id='word_1_302' title='bbox 539 2026 597 2057; x_wconf 93' lang='lat' dir='ltr'>Est</span> <span class='ocrx_word' id='word_1_303' title='bbox 620 2031 728 2056; x_wconf 91' lang='lat' dir='ltr'>autem</span> <span class='ocrx_word' id='word_1_304' title='bbox 745 2025 908 2066; x_wconf 89' lang='lat' dir='ltr'>complete</span> <span class='ocrx_word' id='word_1_305' title='bbox 931 2026 964 2055; x_wconf 90' lang='lat' dir='ltr'>in</span> <span class='ocrx_word' id='word_1_306' title='bbox 989 2030 1062 2055; x_wconf 90' lang='lat' dir='ltr'>actu</span> <span class='ocrx_word' id='word_1_307' title='bbox 1085 2034 1144 2064; x_wconf 91' lang='lat' dir='ltr'>per</span> <span class='ocrx_word' id='word_1_308' title='bbox 1166 2024 1382 2054; x_wconf 88' lang='lat' dir='ltr'>intentionem</span> 
     </span>
     <span class='ocr_line' id='line_1_42' title="bbox 305 2068 1382 2111; baseline -0.002 -11"><span class='ocrx_word' id='word_1_309' title='bbox 305 2070 480 2101; x_wconf 87' lang='lat' dir='ltr'>voluntatis</span> <span class='ocrx_word' id='word_1_310' title='bbox 504 2071 695 2111; x_wconf 88' lang='lat' dir='ltr'>applicantis</span> <span class='ocrx_word' id='word_1_311' title='bbox 717 2070 918 2101; x_wconf 84' lang='lat' dir='ltr'>intellectum</span> <span class='ocrx_word' id='word_1_312' title='bbox 943 2069 982 2100; x_wconf 92' lang='lat' dir='ltr'>ad</span> <span class='ocrx_word' id='word_1_313' title='bbox 1005 2068 1251 2109; x_wconf 87' lang='lat' dir='ltr'>intelligendum</span> <span class='ocrx_word' id='word_1_314' title='bbox 1267 2077 1382 2099; x_wconf 89' lang='lat' dir='ltr'>secun-</span> 
     </span>
     <span class='ocr_line' id='line_1_43' title="bbox 307 2113 1382 2156; baseline -0.002 -11"><span class='ocrx_word' id='word_1_315' title='bbox 307 2115 384 2145; x_wconf 92' lang='lat' dir='ltr'>dum</span> <span class='ocrx_word' id='word_1_316' title='bbox 409 2115 496 2145; x_wconf 89' lang='lat' dir='ltr'>illam</span> <span class='ocrx_word' id='word_1_317' title='bbox 519 2115 672 2156; x_wconf 87' lang='lat' dir='ltr'>speciem.</span> <span class='ocrx_word' id='word_1_318' title='bbox 696 2115 835 2146; x_wconf 88' lang='lat' dir='ltr'>Remota</span> <span class='ocrx_word' id='word_1_319' title='bbox 859 2119 968 2145; x_wconf 88' lang='lat' dir='ltr'>autem</span> <span class='ocrx_word' id='word_1_320' title='bbox 992 2113 1076 2144; x_wconf 85' lang='lat' dir='ltr'>dicta</span> <span class='ocrx_word' id='word_1_321' title='bbox 1098 2114 1290 2149; x_wconf 89' lang='lat' dir='ltr'>intentione,</span> <span class='ocrx_word' id='word_1_322' title='bbox 1314 2122 1382 2143; x_wconf 87' lang='lat' dir='ltr'>non</span> 
     </span>
     <span class='ocr_line' id='line_1_44' title="bbox 307 2158 1382 2200; baseline -0.002 -10"><span class='ocrx_word' id='word_1_323' title='bbox 307 2165 354 2189; x_wconf 88' lang='lat' dir='ltr'>est</span> <span class='ocrx_word' id='word_1_324' title='bbox 378 2160 541 2200; x_wconf 92' lang='lat' dir='ltr'>complete</span> <span class='ocrx_word' id='word_1_325' title='bbox 563 2160 598 2190; x_wconf 90' lang='lat' dir='ltr'>in</span> <span class='ocrx_word' id='word_1_326' title='bbox 621 2165 705 2190; x_wconf 90' lang='lat' dir='ltr'>actu.</span> <span class='ocrx_word' id='word_1_327' title='bbox 731 2159 819 2195; x_wconf 89' lang='lat' dir='ltr'>Ideo,</span> <span class='ocrx_word' id='word_1_328' title='bbox 843 2158 923 2189; x_wconf 90' lang='lat' dir='ltr'>dum</span> <span class='ocrx_word' id='word_1_329' title='bbox 946 2158 1128 2189; x_wconf 87' lang='lat' dir='ltr'>intellectus</span> <span class='ocrx_word' id='word_1_330' title='bbox 1151 2158 1198 2188; x_wconf 90' lang='lat' dir='ltr'>sic</span> <span class='ocrx_word' id='word_1_331' title='bbox 1221 2163 1268 2188; x_wconf 88' lang='lat' dir='ltr'>est</span> <span class='ocrx_word' id='word_1_332' title='bbox 1291 2167 1382 2188; x_wconf 92' lang='lat' dir='ltr'>com-</span> 
     </span>
     <span class='ocr_line' id='line_1_45' title="bbox 306 2203 1383 2244; baseline -0.002 -10"><span class='ocrx_word' id='word_1_333' title='bbox 306 2204 393 2244; x_wconf 89' lang='lat' dir='ltr'>plete</span> <span class='ocrx_word' id='word_1_334' title='bbox 423 2205 456 2234; x_wconf 93' lang='lat' dir='ltr'>in</span> <span class='ocrx_word' id='word_1_335' title='bbox 487 2209 576 2240; x_wconf 91' lang='lat' dir='ltr'>actu,</span> <span class='ocrx_word' id='word_1_336' title='bbox 607 2213 739 2234; x_wconf 90' lang='lat' dir='ltr'>necesse</span> <span class='ocrx_word' id='word_1_337' title='bbox 768 2209 816 2234; x_wconf 90' lang='lat' dir='ltr'>est</span> <span class='ocrx_word' id='word_1_338' title='bbox 845 2209 882 2234; x_wconf 92' lang='lat' dir='ltr'>ut</span> <span class='ocrx_word' id='word_1_339' title='bbox 911 2203 1067 2243; x_wconf 88' lang='lat' dir='ltr'>intelligat</span> <span class='ocrx_word' id='word_1_340' title='bbox 1097 2203 1170 2243; x_wconf 89' lang='lat' dir='ltr'>(nisi</span> <span class='ocrx_word' id='word_1_341' title='bbox 1198 2203 1312 2243; x_wconf 86' lang='lat' dir='ltr'>utique</span> <span class='ocrx_word' id='word_1_342' title='bbox 1343 2203 1383 2233; x_wconf 91' lang='lat' dir='ltr'>sit</span> 
     </span>
     <span class='ocr_line' id='line_1_46' title="bbox 308 2246 1384 2287; baseline -0.002 -8"><span class='ocrx_word' id='word_1_343' title='bbox 308 2248 452 2279; x_wconf 83' lang='lat' dir='ltr'>defectus</span> <span class='ocrx_word' id='word_1_344' title='bbox 475 2249 509 2279; x_wconf 92' lang='lat' dir='ltr'>in</span> <span class='ocrx_word' id='word_1_345' title='bbox 531 2248 653 2279; x_wconf 90' lang='lat' dir='ltr'>viribus</span> <span class='ocrx_word' id='word_1_346' title='bbox 682 2248 841 2278; x_wconf 87' lang='lat' dir='ltr'>sensitivis</span> <span class='ocrx_word' id='word_1_347' title='bbox 870 2247 1090 2283; x_wconf 88' lang='lat' dir='ltr'>interioribus,</span> <span class='ocrx_word' id='word_1_348' title='bbox 1114 2247 1233 2287; x_wconf 90' lang='lat' dir='ltr'>quibus</span> <span class='ocrx_word' id='word_1_349' title='bbox 1261 2246 1384 2287; x_wconf 83' lang='lat' dir='ltr'>indiget</span> 
     </span>
     <span class='ocr_line' id='line_1_47' title="bbox 307 2291 1383 2332; baseline -0.002 -9"><span class='ocrx_word' id='word_1_350' title='bbox 307 2293 490 2323; x_wconf 90' lang='lat' dir='ltr'>intellectus</span> <span class='ocrx_word' id='word_1_351' title='bbox 513 2292 553 2323; x_wconf 88' lang='lat' dir='ltr'>ad</span> <span class='ocrx_word' id='word_1_352' title='bbox 575 2291 851 2332; x_wconf 84' lang='lat' dir='ltr'>intelligendum):</span> <span class='ocrx_word' id='word_1_353' title='bbox 875 2301 945 2322; x_wconf 90' lang='lat' dir='ltr'>non</span> <span class='ocrx_word' id='word_1_354' title='bbox 969 2292 1056 2322; x_wconf 87' lang='lat' dir='ltr'>enim</span> <span class='ocrx_word' id='word_1_355' title='bbox 1081 2292 1254 2331; x_wconf 87' lang='lat' dir='ltr'>requiritur</span> <span class='ocrx_word' id='word_1_356' title='bbox 1276 2291 1383 2332; x_wconf 87' lang='lat' dir='ltr'>aliqua</span> 
     </span>
     <span class='ocr_line' id='line_1_48' title="bbox 309 2335 1382 2377; baseline -0.001 -10"><span class='ocrx_word' id='word_1_357' title='bbox 309 2336 478 2377; x_wconf 87' lang='lat' dir='ltr'>dispositio</span> <span class='ocrx_word' id='word_1_358' title='bbox 503 2346 541 2367; x_wconf 89' lang='lat' dir='ltr'>ex</span> <span class='ocrx_word' id='word_1_359' title='bbox 563 2342 653 2377; x_wconf 89' lang='lat' dir='ltr'>parte</span> <span class='ocrx_word' id='word_1_360' title='bbox 677 2336 884 2376; x_wconf 90' lang='lat' dir='ltr'>intelligibilis</span> <span class='ocrx_word' id='word_1_361' title='bbox 907 2335 1088 2366; x_wconf 88' lang='lat' dir='ltr'>secundum</span> <span class='ocrx_word' id='word_1_362' title='bbox 1112 2335 1202 2376; x_wconf 91' lang='lat' dir='ltr'>quod</span> <span class='ocrx_word' id='word_1_363' title='bbox 1225 2336 1259 2366; x_wconf 93' lang='lat' dir='ltr'>in</span> <span class='ocrx_word' id='word_1_364' title='bbox 1275 2345 1309 2366; x_wconf 92' lang='lat' dir='ltr'>se</span> <span class='ocrx_word' id='word_1_365' title='bbox 1325 2341 1382 2366; x_wconf 85' lang='lat' dir='ltr'>est.</span> 
     </span>
     <span class='ocr_line' id='line_1_49' title="bbox 309 2380 1383 2421; baseline -0.001 -10"><span class='ocrx_word' id='word_1_366' title='bbox 309 2381 397 2411; x_wconf 89' lang='lat' dir='ltr'>Dum</span> <span class='ocrx_word' id='word_1_367' title='bbox 417 2387 526 2411; x_wconf 90' lang='lat' dir='ltr'>autem</span> <span class='ocrx_word' id='word_1_368' title='bbox 542 2386 590 2411; x_wconf 90' lang='lat' dir='ltr'>est</span> <span class='ocrx_word' id='word_1_369' title='bbox 605 2382 638 2411; x_wconf 94' lang='lat' dir='ltr'>in</span> <span class='ocrx_word' id='word_1_370' title='bbox 654 2386 728 2411; x_wconf 92' lang='lat' dir='ltr'>actu</span> <span class='ocrx_word' id='word_1_371' title='bbox 751 2380 964 2421; x_wconf 89' lang='lat' dir='ltr'>incomplet0,</span> <span class='ocrx_word' id='word_1_372' title='bbox 980 2389 1049 2410; x_wconf 92' lang='lat' dir='ltr'>non</span> <span class='ocrx_word' id='word_1_373' title='bbox 1065 2385 1112 2410; x_wconf 90' lang='lat' dir='ltr'>est</span> <span class='ocrx_word' id='word_1_374' title='bbox 1127 2389 1259 2411; x_wconf 89' lang='lat' dir='ltr'>necesse</span> <span class='ocrx_word' id='word_1_375' title='bbox 1275 2381 1383 2420; x_wconf 90' lang='lat' dir='ltr'>ipsum</span> 
     </span>
     <span class='ocr_line' id='line_1_50' title="bbox 309 2423 1384 2466; baseline -0.002 -10"><span class='ocrx_word' id='word_1_376' title='bbox 309 2425 497 2466; x_wconf 88' lang='lat' dir='ltr'>intelligere.</span> <span class='ocrx_word' id='word_1_377' title='bbox 522 2425 618 2456; x_wconf 90' lang='lat' dir='ltr'>Unde</span> <span class='ocrx_word' id='word_1_378' title='bbox 648 2430 784 2465; x_wconf 88' lang='lat' dir='ltr'>negatur</span> <span class='ocrx_word' id='word_1_379' title='bbox 814 2425 1064 2464; x_wconf 86' lang='lat' dir='ltr'>consequentia:</span> <span class='ocrx_word' id='word_1_380' title='bbox 1098 2424 1173 2464; x_wconf 90' lang='lat' dir='ltr'>quia</span> <span class='ocrx_word' id='word_1_381' title='bbox 1202 2423 1384 2455; x_wconf 88' lang='lat' dir='ltr'>intellectus</span> 
     </span>
     <span class='ocr_line' id='line_1_51' title="bbox 310 2468 1280 2510; baseline -0.002 -10"><span class='ocrx_word' id='word_1_382' title='bbox 310 2479 378 2500; x_wconf 88' lang='lat' dir='ltr'>non</span> <span class='ocrx_word' id='word_1_383' title='bbox 402 2470 555 2501; x_wconf 89' lang='lat' dir='ltr'>omnibus</span> <span class='ocrx_word' id='word_1_384' title='bbox 578 2470 747 2510; x_wconf 91' lang='lat' dir='ltr'>speciebus</span> <span class='ocrx_word' id='word_1_385' title='bbox 771 2469 867 2500; x_wconf 87' lang='lat' dir='ltr'>simul</span> <span class='ocrx_word' id='word_1_386' title='bbox 891 2469 1054 2509; x_wconf 85' lang='lat' dir='ltr'>complete</span> <span class='ocrx_word' id='word_1_387' title='bbox 1077 2468 1280 2499; x_wconf 85' lang='lat' dir='ltr'>informatur.</span> 
     </span>
    </p>

    <p class='ocr_par' dir='ltr' id='par_1_9' title="bbox 365 2512 1384 2554">
     <span class='ocr_line' id='line_1_52' title="bbox 365 2512 1384 2554; baseline -0.002 -9"><span class='ocrx_word' id='word_1_388' title='bbox 365 2514 418 2545; x_wconf 85' lang='lat' dir='ltr'>Ad</span> <span class='ocrx_word' id='word_1_389' title='bbox 441 2514 622 2545; x_wconf 89' lang='lat' dir='ltr'>secundum</span> <span class='ocrx_word' id='word_1_390' title='bbox 645 2514 762 2545; x_wconf 89' lang='lat' dir='ltr'>dicitur</span> <span class='ocrx_word' id='word_1_391' title='bbox 777 2513 868 2554; x_wconf 88' lang='lat' dir='ltr'>quod</span> <span class='ocrx_word' id='word_1_392' title='bbox 890 2513 980 2544; x_wconf 92' lang='lat' dir='ltr'>nulla</span> <span class='ocrx_word' id='word_1_393' title='bbox 1003 2518 1051 2544; x_wconf 90' lang='lat' dir='ltr'>est</span> <span class='ocrx_word' id='word_1_394' title='bbox 1073 2512 1296 2543; x_wconf 90' lang='lat' dir='ltr'>contradictio.</span> <span class='ocrx_word' id='word_1_395' title='bbox 1321 2513 1384 2543; x_wconf 88' lang='lat' dir='ltr'>Hic</span> 
     </span>
    </p>
   </div>
   <div class='ocr_carea' id='block_1_5' title="bbox 1405 408 1409 970">
    <p class='ocr_par' dir='ltr' id='par_1_10' title="bbox 1405 408 1409 970">
     <span class='ocr_line' id='line_1_53' title="bbox 1405 408 1409 970; baseline 0 0"><span class='ocrx_word' id='word_1_396' title='bbox 1405 408 1409 970; x_wconf 95' lang='lat' dir='ltr'> </span> 
     </span>
    </p>
   </div>
   <div class='ocr_carea' id='block_1_6' title="bbox 720 303 2093 350">
    <p class='ocr_par' dir='ltr' id='par_1_11' title="bbox 720 303 2093 350">
     <span class='ocr_line' id='line_1_54' title="bbox 720 303 2093 350; baseline 0 -8"><span class='ocrx_word' id='word_1_397' title='bbox 720 305 908 342; x_wconf 92' lang='lat' dir='ltr'>SUMMA</span> <span class='ocrx_word' id='word_1_398' title='bbox 937 304 1160 341; x_wconf 90' lang='lat' dir='ltr'>CONTRA</span> <span class='ocrx_word' id='word_1_399' title='bbox 1188 303 1464 349; x_wconf 90' lang='lat' dir='ltr'>GENTILES,</span> <span class='ocrx_word' id='word_1_400' title='bbox 1492 304 1588 340; x_wconf 89' lang='lat' dir='ltr'><strong>LIB.</strong></span> <span class='ocrx_word' id='word_1_401' title='bbox 1609 305 1650 349; x_wconf 95' lang='lat' dir='ltr'>II,</span> <span class='ocrx_word' id='word_1_402' title='bbox 1681 305 1792 341; x_wconf 90' lang='lat' dir='ltr'>CAP.</span> <span class='ocrx_word' id='word_1_403' title='bbox 1814 305 1936 350; x_wconf 85' lang='lat' dir='ltr'>XXX,</span> <span class='ocrx_word' id='word_1_404' title='bbox 1956 306 2093 342; x_wconf 93' lang='lat' dir='ltr'>XXXI.</span> 
     </span>
    </p>
   </div>
   <div class='ocr_carea' id='block_1_7' title="bbox 1431 381 2508 471">
    <p class='ocr_par' dir='ltr' id='par_1_12' title="bbox 1431 381 2508 471">
     <span class='ocr_line' id='line_1_55' title="bbox 1433 381 2508 426; baseline 0.005 -14"><span class='ocrx_word' id='word_1_405' title='bbox 1433 381 1538 413; x_wconf 88' lang='lat' dir='ltr'>forma</span> <span class='ocrx_word' id='word_1_406' title='bbox 1554 384 1728 413; x_wconf 90' lang='lat' dir='ltr'>contraria:</span> <span class='ocrx_word' id='word_1_407' title='bbox 1747 388 1872 413; x_wconf 89' lang='lat' dir='ltr'>certum</span> <span class='ocrx_word' id='word_1_408' title='bbox 1888 389 1935 414; x_wconf 88' lang='lat' dir='ltr'>est</span> <span class='ocrx_word' id='word_1_409' title='bbox 1951 384 2039 414; x_wconf 88' lang='lat' dir='ltr'>enim</span> <span class='ocrx_word' id='word_1_410' title='bbox 2055 383 2147 424; x_wconf 91' lang='lat' dir='ltr'>quod</span> <span class='ocrx_word' id='word_1_411' title='bbox 2161 384 2267 415; x_wconf 76' lang='lat' dir='ltr'>forma</span> <span class='ocrx_word' id='word_1_412' title='bbox 2281 395 2365 426; x_wconf 88' lang='lat' dir='ltr'>quae</span> <span class='ocrx_word' id='word_1_413' title='bbox 2381 395 2438 426; x_wconf 90' lang='lat' dir='ltr'>per</span> <span class='ocrx_word' id='word_1_414' title='bbox 2453 396 2508 426; x_wconf 89' lang='lat' dir='ltr'>ge-</span> 
     </span>
     <span class='ocr_line' id='line_1_56' title="bbox 1431 426 2507 471; baseline 0.004 -14"><span class='ocrx_word' id='word_1_415' title='bbox 1431 427 1635 458; x_wconf 87' lang='lat' dir='ltr'>nerationem</span> <span class='ocrx_word' id='word_1_416' title='bbox 1650 426 1824 463; x_wconf 89' lang='lat' dir='ltr'>inducitur,</span> <span class='ocrx_word' id='word_1_417' title='bbox 1841 436 1910 458; x_wconf 89' lang='lat' dir='ltr'>non</span> <span class='ocrx_word' id='word_1_418' title='bbox 1925 428 2021 458; x_wconf 90' lang='lat' dir='ltr'>habet</span> <span class='ocrx_word' id='word_1_419' title='bbox 2036 437 2096 467; x_wconf 90' lang='lat' dir='ltr'>pro</span> <span class='ocrx_word' id='word_1_420' title='bbox 2113 428 2260 459; x_wconf 88' lang='lat' dir='ltr'>subiecto</span> <span class='ocrx_word' id='word_1_421' title='bbox 2277 435 2310 460; x_wconf 89' lang='lat' dir='ltr'>et</span> <span class='ocrx_word' id='word_1_422' title='bbox 2324 431 2507 471; x_wconf 85' lang='lat' dir='ltr'>susceptivo</span> 
     </span>
    </p>
   </div>
   <div class='ocr_carea' id='block_1_8' title="bbox 1431 470 2523 514">
    <p class='ocr_par' dir='ltr' id='par_1_13' title="bbox 1431 470 2523 514">
     <span class='ocr_line' id='line_1_57' title="bbox 1431 470 2523 514; baseline 0.005 -13"><span class='ocrx_word' id='word_1_423' title='bbox 1431 471 1600 502; x_wconf 86' lang='lat' dir='ltr'>materiam</span> <span class='ocrx_word' id='word_1_424' title='bbox 1616 477 1649 502; x_wconf 88' lang='lat' dir='ltr'>et</span> <span class='ocrx_word' id='word_1_425' title='bbox 1663 470 1804 502; x_wconf 87' lang='lat' dir='ltr'>formam</span> <span class='ocrx_word' id='word_1_426' title='bbox 1825 473 2028 502; x_wconf 87' lang='lat' dir='ltr'>contrariam.</span> <span class='ocrx_word' id='word_1_427' title='bbox 2053 471 2209 512; x_wconf 83' lang='lat' dir='ltr'>Superius</span> <span class='ocrx_word' id='word_1_428' title='bbox 2232 478 2341 504; x_wconf 89' lang='lat' dir='ltr'>autem</span> <span class='ocrx_word' id='word_1_429' title='bbox 2363 471 2523 514; x_wconf 71' lang='lat' dir='ltr'>loquitur&#39;</span> 
     </span>
    </p>
   </div>
   <div class='ocr_carea' id='block_1_9' title="bbox 1433 515 2516 2510">
    <p class='ocr_par' dir='ltr' id='par_1_14' title="bbox 1433 515 2508 681">
     <span class='ocr_line' id='line_1_58' title="bbox 1433 515 2508 556; baseline 0.003 -10"><span class='ocrx_word' id='word_1_430' title='bbox 1433 515 1474 546; x_wconf 90' lang='lat' dir='ltr'>de</span> <span class='ocrx_word' id='word_1_431' title='bbox 1497 516 1566 556; x_wconf 90' lang='lat' dir='ltr'>ipsa</span> <span class='ocrx_word' id='word_1_432' title='bbox 1596 516 1729 546; x_wconf 85' lang='lat' dir='ltr'>materia</span> <span class='ocrx_word' id='word_1_433' title='bbox 1755 515 1840 546; x_wconf 89' lang='lat' dir='ltr'>sola:</span> <span class='ocrx_word' id='word_1_434' title='bbox 1865 525 1965 556; x_wconf 88' lang='lat' dir='ltr'>quam</span> <span class='ocrx_word' id='word_1_435' title='bbox 1991 525 2123 547; x_wconf 91' lang='lat' dir='ltr'>necesse</span> <span class='ocrx_word' id='word_1_436' title='bbox 2151 521 2200 547; x_wconf 92' lang='lat' dir='ltr'>est</span> <span class='ocrx_word' id='word_1_437' title='bbox 2225 517 2343 548; x_wconf 87' lang='lat' dir='ltr'>habere</span> <span class='ocrx_word' id='word_1_438' title='bbox 2369 517 2508 549; x_wconf 85' lang='lat' dir='ltr'>formam</span> 
     </span>
     <span class='ocr_line' id='line_1_59' title="bbox 1433 559 2508 601; baseline 0.003 -11"><span class='ocrx_word' id='word_1_439' title='bbox 1433 560 1626 590; x_wconf 89' lang='lat' dir='ltr'>contrariam</span> <span class='ocrx_word' id='word_1_440' title='bbox 1649 565 1824 600; x_wconf 90' lang='lat' dir='ltr'>antequam</span> <span class='ocrx_word' id='word_1_441' title='bbox 1841 560 1936 590; x_wconf 88' lang='lat' dir='ltr'>aliam</span> <span class='ocrx_word' id='word_1_442' title='bbox 1953 559 2092 591; x_wconf 88' lang='lat' dir='ltr'>formam</span> <span class='ocrx_word' id='word_1_443' title='bbox 2108 561 2271 601; x_wconf 88' lang='lat' dir='ltr'>suscipiat,</span> <span class='ocrx_word' id='word_1_444' title='bbox 2287 562 2314 591; x_wconf 91' lang='lat' dir='ltr'>si</span> <span class='ocrx_word' id='word_1_445' title='bbox 2330 561 2425 593; x_wconf 89' lang='lat' dir='ltr'>debet</span> <span class='ocrx_word' id='word_1_446' title='bbox 2440 572 2508 593; x_wconf 87' lang='lat' dir='ltr'>esse</span> 
     </span>
     <span class='ocr_line' id='line_1_60' title="bbox 1434 604 2508 646; baseline 0.003 -12"><span class='ocrx_word' id='word_1_447' title='bbox 1434 605 1615 644; x_wconf 91' lang='lat' dir='ltr'>susceptiva</span> <span class='ocrx_word' id='word_1_448' title='bbox 1638 604 1762 635; x_wconf 86' lang='lat' dir='ltr'>formae</span> <span class='ocrx_word' id='word_1_449' title='bbox 1786 605 1883 635; x_wconf 90' lang='lat' dir='ltr'>unius</span> <span class='ocrx_word' id='word_1_450' title='bbox 1902 604 2071 642; x_wconf 87' lang='lat' dir='ltr'>elementi;</span> <span class='ocrx_word' id='word_1_451' title='bbox 2096 606 2244 645; x_wconf 91' lang='lat' dir='ltr'>quamvis</span> <span class='ocrx_word' id='word_1_452' title='bbox 2266 605 2300 636; x_wconf 91' lang='lat' dir='ltr'>in</span> <span class='ocrx_word' id='word_1_453' title='bbox 2323 607 2508 646; x_wconf 85' lang='lat' dir='ltr'>receptione</span> 
     </span>
     <span class='ocr_line' id='line_1_61' title="bbox 1433 647 2463 681; baseline 0.003 -3"><span class='ocrx_word' id='word_1_454' title='bbox 1433 647 1557 679; x_wconf 86' lang='lat' dir='ltr'>formae</span> <span class='ocrx_word' id='word_1_455' title='bbox 1579 648 1666 679; x_wconf 89' lang='lat' dir='ltr'>illius</span> <span class='ocrx_word' id='word_1_456' title='bbox 1690 649 1844 679; x_wconf 87' lang='lat' dir='ltr'>elementi</span> <span class='ocrx_word' id='word_1_457' title='bbox 1866 649 2034 680; x_wconf 87' lang='lat' dir='ltr'>abiiciatur</span> <span class='ocrx_word' id='word_1_458' title='bbox 2049 650 2089 680; x_wconf 91' lang='lat' dir='ltr'>ab</span> <span class='ocrx_word' id='word_1_459' title='bbox 2105 659 2143 680; x_wconf 90' lang='lat' dir='ltr'>ea</span> <span class='ocrx_word' id='word_1_460' title='bbox 2166 649 2272 680; x_wconf 88' lang='lat' dir='ltr'>forma</span> <span class='ocrx_word' id='word_1_461' title='bbox 2295 651 2463 681; x_wconf 86' lang='lat' dir='ltr'>contraria.</span> 
     </span>
    </p>

    <p class='ocr_par' dir='ltr' id='par_1_15' title="bbox 1433 693 2511 956">
     <span class='ocr_line' id='line_1_62' title="bbox 1489 693 2510 733; baseline 0.002 -10"><span class='ocrx_word' id='word_1_462' title='bbox 1489 693 1572 723; x_wconf 90' lang='lat' dir='ltr'>V111.</span> <span class='ocrx_word' id='word_1_463' title='bbox 1592 693 1720 730; x_wconf 84' lang='lat' dir='ltr'>Quarto</span> <span class='ocrx_word' id='word_1_464' title='bbox 1733 694 1760 729; x_wconf 76' lang='lat'>*‚</span> <span class='ocrx_word' id='word_1_465' title='bbox 1778 693 1919 724; x_wconf 90' lang='lat' dir='ltr'>ostendit</span> <span class='ocrx_word' id='word_1_466' title='bbox 1934 694 2106 733; x_wconf 92' lang='lat' dir='ltr'>quomodo</span> <span class='ocrx_word' id='word_1_467' title='bbox 2122 694 2163 724; x_wconf 94' lang='lat' dir='ltr'>sit</span> <span class='ocrx_word' id='word_1_468' title='bbox 2177 695 2350 725; x_wconf 85' lang='lat' dir='ltr'>necessitas</span> <span class='ocrx_word' id='word_1_469' title='bbox 2365 695 2400 725; x_wconf 90' lang='lat' dir='ltr'>in</span> <span class='ocrx_word' id='word_1_470' title='bbox 2414 695 2510 726; x_wconf 87' lang='lat' dir='ltr'>rebus</span> 
     </span>
     <span class='ocr_line' id='line_1_63' title="bbox 1434 737 2511 779; baseline 0.003 -12"><span class='ocrx_word' id='word_1_471' title='bbox 1434 747 1476 767; x_wconf 85' lang='lat' dir='ltr'>ex</span> <span class='ocrx_word' id='word_1_472' title='bbox 1499 746 1599 768; x_wconf 82' lang='lat' dir='ltr'>causa</span> <span class='ocrx_word' id='word_1_473' title='bbox 1618 738 1732 779; x_wconf 81' lang='lat' dir='ltr'>finali.</span> <span class='ocrx_word' id='word_1_474' title='bbox 1757 737 1799 767; x_wconf 92' lang='lat' dir='ltr'>Et</span> <span class='ocrx_word' id='word_1_475' title='bbox 1822 737 1889 768; x_wconf 91' lang='lat' dir='ltr'>duo</span> <span class='ocrx_word' id='word_1_476' title='bbox 1918 737 2004 769; x_wconf 91' lang='lat' dir='ltr'>dicit.</span> <span class='ocrx_word' id='word_1_477' title='bbox 2033 738 2180 769; x_wconf 88' lang='lat' dir='ltr'>Primum</span> <span class='ocrx_word' id='word_1_478' title='bbox 2210 744 2258 769; x_wconf 91' lang='lat' dir='ltr'>est</span> <span class='ocrx_word' id='word_1_479' title='bbox 2287 738 2389 779; x_wconf 92' lang='lat' dir='ltr'>quod,</span> <span class='ocrx_word' id='word_1_480' title='bbox 2412 745 2511 779; x_wconf 90' lang='lat' dir='ltr'>prout</span> 
     </span>
     <span class='ocr_line' id='line_1_64' title="bbox 1433 780 2511 823; baseline 0.002 -11"><span class='ocrx_word' id='word_1_481' title='bbox 1433 780 1507 812; x_wconf 88' lang='lat' dir='ltr'>finis</span> <span class='ocrx_word' id='word_1_482' title='bbox 1531 787 1579 812; x_wconf 91' lang='lat' dir='ltr'>est</span> <span class='ocrx_word' id='word_1_483' title='bbox 1600 783 1744 822; x_wconf 91' lang='lat' dir='ltr'>primum</span> <span class='ocrx_word' id='word_1_484' title='bbox 1766 782 1800 812; x_wconf 91' lang='lat' dir='ltr'>in</span> <span class='ocrx_word' id='word_1_485' title='bbox 1822 782 2004 812; x_wconf 87' lang='lat' dir='ltr'>intentione</span> <span class='ocrx_word' id='word_1_486' title='bbox 2031 783 2164 823; x_wconf 87' lang='lat' dir='ltr'>agentis,</span> <span class='ocrx_word' id='word_1_487' title='bbox 2190 782 2308 814; x_wconf 88' lang='lat' dir='ltr'>eodem</span> <span class='ocrx_word' id='word_1_488' title='bbox 2337 783 2440 814; x_wconf 88' lang='lat' dir='ltr'>modo</span> <span class='ocrx_word' id='word_1_489' title='bbox 2464 790 2511 814; x_wconf 88' lang='lat' dir='ltr'>est</span> 
     </span>
     <span class='ocr_line' id='line_1_65' title="bbox 1433 825 2510 868; baseline 0.002 -12"><span class='ocrx_word' id='word_1_490' title='bbox 1433 826 1606 857; x_wconf 87' lang='lat' dir='ltr'>necessitas</span> <span class='ocrx_word' id='word_1_491' title='bbox 1630 836 1669 857; x_wconf 88' lang='lat' dir='ltr'>ex</span> <span class='ocrx_word' id='word_1_492' title='bbox 1691 825 1758 857; x_wconf 89' lang='lat' dir='ltr'>fine</span> <span class='ocrx_word' id='word_1_493' title='bbox 1781 831 1813 856; x_wconf 91' lang='lat' dir='ltr'>et</span> <span class='ocrx_word' id='word_1_494' title='bbox 1836 835 1875 856; x_wconf 87' lang='lat' dir='ltr'>ex</span> <span class='ocrx_word' id='word_1_495' title='bbox 1899 831 2030 866; x_wconf 87' lang='lat' dir='ltr'>agente:</span> <span class='ocrx_word' id='word_1_496' title='bbox 2056 836 2096 857; x_wconf 92' lang='lat' dir='ltr'>eo</span> <span class='ocrx_word' id='word_1_497' title='bbox 2121 827 2213 868; x_wconf 91' lang='lat' dir='ltr'>quod</span> <span class='ocrx_word' id='word_1_498' title='bbox 2235 836 2334 868; x_wconf 88' lang='lat' dir='ltr'>agens</span> <span class='ocrx_word' id='word_1_499' title='bbox 2348 828 2510 859; x_wconf 84' lang='lat' dir='ltr'>intantum</span> 
     </span>
     <span class='ocr_line' id='line_1_66' title="bbox 1433 869 2511 911; baseline 0.002 -10"><span class='ocrx_word' id='word_1_500' title='bbox 1433 876 1506 911; x_wconf 90' lang='lat' dir='ltr'>agat</span> <span class='ocrx_word' id='word_1_501' title='bbox 1528 871 1723 911; x_wconf 88' lang='lat' dir='ltr'>inquantum</span> <span class='ocrx_word' id='word_1_502' title='bbox 1746 869 1847 901; x_wconf 90' lang='lat' dir='ltr'>finem</span> <span class='ocrx_word' id='word_1_503' title='bbox 1871 870 2017 907; x_wconf 89' lang='lat' dir='ltr'>intendit,</span> <span class='ocrx_word' id='word_1_504' title='bbox 2041 876 2108 901; x_wconf 88' lang='lat' dir='ltr'>tam</span> <span class='ocrx_word' id='word_1_505' title='bbox 2130 871 2164 902; x_wconf 91' lang='lat' dir='ltr'>in</span> <span class='ocrx_word' id='word_1_506' title='bbox 2187 873 2355 911; x_wconf 85' lang='lat' dir='ltr'>agentibus</span> <span class='ocrx_word' id='word_1_507' title='bbox 2382 877 2511 903; x_wconf 85' lang='lat' dir='ltr'>natura-</span> 
     </span>
     <span class='ocr_line' id='line_1_67' title="bbox 1433 915 1863 956; baseline 0.002 -11"><span class='ocrx_word' id='word_1_508' title='bbox 1433 915 1517 946; x_wconf 91' lang='lat' dir='ltr'>libus</span> <span class='ocrx_word' id='word_1_509' title='bbox 1541 924 1640 956; x_wconf 89' lang='lat' dir='ltr'>quam</span> <span class='ocrx_word' id='word_1_510' title='bbox 1663 915 1863 946; x_wconf 83' lang='lat' dir='ltr'>voluntariis.</span> 
     </span>
    </p>

    <p class='ocr_par' dir='ltr' id='par_1_16' title="bbox 1433 958 2510 1040">
     <span class='ocr_line' id='line_1_68' title="bbox 1490 958 2510 1000; baseline 0.002 -10"><span class='ocrx_word' id='word_1_511' title='bbox 1490 959 1678 991; x_wconf 89' lang='lat' dir='ltr'>Secundum</span> <span class='ocrx_word' id='word_1_512' title='bbox 1703 965 1750 990; x_wconf 91' lang='lat' dir='ltr'>est</span> <span class='ocrx_word' id='word_1_513' title='bbox 1773 959 1865 999; x_wconf 94' lang='lat' dir='ltr'>quod</span> <span class='ocrx_word' id='word_1_514' title='bbox 1880 969 1919 990; x_wconf 89' lang='lat' dir='ltr'>ex</span> <span class='ocrx_word' id='word_1_515' title='bbox 1934 958 2001 990; x_wconf 92' lang='lat' dir='ltr'>fine</span> <span class='ocrx_word' id='word_1_516' title='bbox 2017 965 2116 1000; x_wconf 89' lang='lat' dir='ltr'>prout</span> <span class='ocrx_word' id='word_1_517' title='bbox 2131 965 2180 991; x_wconf 90' lang='lat' dir='ltr'>est</span> <span class='ocrx_word' id='word_1_518' title='bbox 2194 961 2356 1000; x_wconf 81' lang='lat' dir='ltr'>posterius</span> <span class='ocrx_word' id='word_1_519' title='bbox 2377 961 2411 991; x_wconf 91' lang='lat' dir='ltr'>in</span> <span class='ocrx_word' id='word_1_520' title='bbox 2431 970 2510 996; x_wconf 88' lang='lat' dir='ltr'>esse,</span> 
     </span>
     <span class='ocr_line' id='line_1_69' title="bbox 1433 1004 2376 1040; baseline 0.001 -6"><span class='ocrx_word' id='word_1_521' title='bbox 1433 1004 1572 1035; x_wconf 90' lang='lat' dir='ltr'>sumitur</span> <span class='ocrx_word' id='word_1_522' title='bbox 1594 1005 1767 1035; x_wconf 84' lang='lat' dir='ltr'>necessitas</span> <span class='ocrx_word' id='word_1_523' title='bbox 1789 1013 1859 1034; x_wconf 89' lang='lat' dir='ltr'>non</span> <span class='ocrx_word' id='word_1_524' title='bbox 1881 1004 2040 1040; x_wconf 88' lang='lat' dir='ltr'>absoluta,</span> <span class='ocrx_word' id='word_1_525' title='bbox 2064 1004 2122 1035; x_wconf 91' lang='lat' dir='ltr'>sed</span> <span class='ocrx_word' id='word_1_526' title='bbox 2144 1004 2376 1035; x_wconf 84' lang='lat' dir='ltr'>conditionata.</span> 
     </span>
    </p>

    <p class='ocr_par' dir='ltr' id='par_1_17' title="bbox 1433 1047 2516 2510">
     <span class='ocr_line' id='line_1_70' title="bbox 1492 1047 2512 1089; baseline 0 -10"><span class='ocrx_word' id='word_1_527' title='bbox 1492 1058 1521 1078; x_wconf 88' lang='lat'>2.</span> <span class='ocrx_word' id='word_1_528' title='bbox 1538 1048 1591 1079; x_wconf 90' lang='lat' dir='ltr'>Ad</span> <span class='ocrx_word' id='word_1_529' title='bbox 1613 1048 1808 1079; x_wconf 89' lang='lat' dir='ltr'>evidentiam</span> <span class='ocrx_word' id='word_1_530' title='bbox 1824 1049 1921 1089; x_wconf 89' lang='lat' dir='ltr'>primi</span> <span class='ocrx_word' id='word_1_531' title='bbox 1944 1047 2030 1085; x_wconf 85' lang='lat' dir='ltr'>dicti,</span> <span class='ocrx_word' id='word_1_532' title='bbox 2055 1048 2328 1080; x_wconf 87' lang='lat' dir='ltr'>considerandum</span> <span class='ocrx_word' id='word_1_533' title='bbox 2351 1054 2398 1079; x_wconf 92' lang='lat' dir='ltr'>est</span> <span class='ocrx_word' id='word_1_534' title='bbox 2421 1049 2512 1089; x_wconf 90' lang='lat' dir='ltr'>quod</span> 
     </span>
     <span class='ocr_line' id='line_1_71' title="bbox 1434 1091 2513 1134; baseline 0 -11"><span class='ocrx_word' id='word_1_535' title='bbox 1434 1091 1518 1129; x_wconf 76' lang='lat' dir='ltr'>finis,</span> <span class='ocrx_word' id='word_1_536' title='bbox 1542 1093 1724 1124; x_wconf 90' lang='lat' dir='ltr'>secundum</span> <span class='ocrx_word' id='word_1_537' title='bbox 1748 1092 1839 1134; x_wconf 92' lang='lat' dir='ltr'>quod</span> <span class='ocrx_word' id='word_1_538' title='bbox 1866 1098 1913 1123; x_wconf 90' lang='lat' dir='ltr'>est</span> <span class='ocrx_word' id='word_1_539' title='bbox 1935 1093 1969 1123; x_wconf 92' lang='lat' dir='ltr'>in</span> <span class='ocrx_word' id='word_1_540' title='bbox 1996 1093 2179 1124; x_wconf 90' lang='lat' dir='ltr'>intentione</span> <span class='ocrx_word' id='word_1_541' title='bbox 2202 1093 2335 1133; x_wconf 88' lang='lat' dir='ltr'>agentis,</span> <span class='ocrx_word' id='word_1_542' title='bbox 2358 1102 2394 1124; x_wconf 89' lang='lat' dir='ltr'>se</span> <span class='ocrx_word' id='word_1_543' title='bbox 2415 1093 2513 1124; x_wconf 85' lang='lat' dir='ltr'>habet</span> 
     </span>
     <span class='ocr_line' id='line_1_72' title="bbox 1434 1136 2513 1178; baseline 0.001 -11"><span class='ocrx_word' id='word_1_544' title='bbox 1434 1137 1518 1167; x_wconf 90' lang='lat' dir='ltr'>sicut</span> <span class='ocrx_word' id='word_1_545' title='bbox 1538 1137 1708 1178; x_wconf 88' lang='lat' dir='ltr'>dispositio</span> <span class='ocrx_word' id='word_1_546' title='bbox 1732 1138 1871 1178; x_wconf 88' lang='lat' dir='ltr'>agentis:</span> <span class='ocrx_word' id='word_1_547' title='bbox 1898 1146 1938 1167; x_wconf 91' lang='lat' dir='ltr'>eo</span> <span class='ocrx_word' id='word_1_548' title='bbox 1963 1136 2055 1177; x_wconf 92' lang='lat' dir='ltr'>quod</span> <span class='ocrx_word' id='word_1_549' title='bbox 2077 1142 2209 1168; x_wconf 90' lang='lat' dir='ltr'>moveat</span> <span class='ocrx_word' id='word_1_550' title='bbox 2223 1137 2264 1168; x_wconf 90' lang='lat' dir='ltr'>ad</span> <span class='ocrx_word' id='word_1_551' title='bbox 2281 1136 2454 1178; x_wconf 81' lang='lat' dir='ltr'>agendum.</span> <span class='ocrx_word' id='word_1_552' title='bbox 2471 1137 2513 1168; x_wconf 89' lang='lat' dir='ltr'>Et</span> 
     </span>
     <span class='ocr_line' id='line_1_73' title="bbox 1433 1181 2512 1222; baseline 0 -10"><span class='ocrx_word' id='word_1_553' title='bbox 1433 1181 1510 1212; x_wconf 89' lang='lat' dir='ltr'>ideo</span> <span class='ocrx_word' id='word_1_554' title='bbox 1526 1191 1624 1222; x_wconf 89' lang='lat' dir='ltr'>agens</span> <span class='ocrx_word' id='word_1_555' title='bbox 1647 1187 1890 1212; x_wconf 88' lang='lat' dir='ltr'>commensurat</span> <span class='ocrx_word' id='word_1_556' title='bbox 1905 1182 2049 1212; x_wconf 87' lang='lat' dir='ltr'>actiones</span> <span class='ocrx_word' id='word_1_557' title='bbox 2065 1191 2139 1212; x_wconf 90' lang='lat' dir='ltr'>suas</span> <span class='ocrx_word' id='word_1_558' title='bbox 2157 1181 2225 1218; x_wconf 87' lang='lat' dir='ltr'>fini,</span> <span class='ocrx_word' id='word_1_559' title='bbox 2242 1182 2326 1212; x_wconf 89' lang='lat' dir='ltr'>sicut</span> <span class='ocrx_word' id='word_1_560' title='bbox 2341 1187 2373 1212; x_wconf 91' lang='lat' dir='ltr'>et</span> <span class='ocrx_word' id='word_1_561' title='bbox 2388 1181 2512 1212; x_wconf 79' lang='lat' dir='ltr'>formae</span> 
     </span>
     <span class='ocr_line' id='line_1_74' title="bbox 1434 1225 2513 1267; baseline 0.001 -11"><span class='ocrx_word' id='word_1_562' title='bbox 1434 1235 1493 1266; x_wconf 90' lang='lat' dir='ltr'>per</span> <span class='ocrx_word' id='word_1_563' title='bbox 1509 1235 1608 1266; x_wconf 91' lang='lat' dir='ltr'>quam</span> <span class='ocrx_word' id='word_1_564' title='bbox 1624 1227 1698 1266; x_wconf 91' lang='lat' dir='ltr'>agit.</span> <span class='ocrx_word' id='word_1_565' title='bbox 1712 1226 1748 1257; x_wconf 94' lang='lat' dir='ltr'>In</span> <span class='ocrx_word' id='word_1_566' title='bbox 1765 1226 1933 1267; x_wconf 83' lang='lat' dir='ltr'>agentibus</span> <span class='ocrx_word' id='word_1_567' title='bbox 1950 1231 2059 1257; x_wconf 85' lang='lat' dir='ltr'>autem</span> <span class='ocrx_word' id='word_1_568' title='bbox 2071 1226 2270 1258; x_wconf 89' lang='lat' dir='ltr'>naturalibus</span> <span class='ocrx_word' id='word_1_569' title='bbox 2284 1226 2423 1257; x_wconf 89' lang='lat' dir='ltr'>intentio</span> <span class='ocrx_word' id='word_1_570' title='bbox 2438 1225 2513 1257; x_wconf 82' lang='lat' dir='ltr'>finis</span> 
     </span>
     <span class='ocr_line' id='line_1_75' title="bbox 1434 1269 2512 1311; baseline 0.001 -11"><span class='ocrx_word' id='word_1_571' title='bbox 1434 1270 1515 1300; x_wconf 91' lang='lat' dir='ltr'>nihil</span> <span class='ocrx_word' id='word_1_572' title='bbox 1538 1269 1626 1301; x_wconf 91' lang='lat' dir='ltr'>aliud</span> <span class='ocrx_word' id='word_1_573' title='bbox 1649 1276 1697 1301; x_wconf 89' lang='lat' dir='ltr'>est</span> <span class='ocrx_word' id='word_1_574' title='bbox 1720 1279 1820 1311; x_wconf 88' lang='lat' dir='ltr'>quarn</span> <span class='ocrx_word' id='word_1_575' title='bbox 1843 1271 2010 1301; x_wconf 85' lang='lat' dir='ltr'>inclinatio</span> <span class='ocrx_word' id='word_1_576' title='bbox 2033 1270 2158 1301; x_wconf 82' lang='lat' dir='ltr'>formae</span> <span class='ocrx_word' id='word_1_577' title='bbox 2180 1270 2334 1301; x_wconf 88' lang='lat' dir='ltr'>naturalis</span> <span class='ocrx_word' id='word_1_578' title='bbox 2349 1269 2391 1301; x_wconf 88' lang='lat' dir='ltr'>ad</span> <span class='ocrx_word' id='word_1_579' title='bbox 2405 1270 2512 1311; x_wconf 85' lang='lat' dir='ltr'>ipsum</span> 
     </span>
     <span class='ocr_line' id='line_1_76' title="bbox 1434 1313 2514 1356; baseline 0.002 -12"><span class='ocrx_word' id='word_1_580' title='bbox 1434 1313 1550 1345; x_wconf 84' lang='lat' dir='ltr'>finem:</span> <span class='ocrx_word' id='word_1_581' title='bbox 1576 1324 1661 1355; x_wconf 91' lang='lat' dir='ltr'>quae</span> <span class='ocrx_word' id='word_1_582' title='bbox 1684 1315 1851 1346; x_wconf 83' lang='lat' dir='ltr'>inclinatio</span> <span class='ocrx_word' id='word_1_583' title='bbox 1874 1315 1956 1346; x_wconf 87' lang='lat' dir='ltr'>nihil</span> <span class='ocrx_word' id='word_1_584' title='bbox 1978 1315 2105 1346; x_wconf 86' lang='lat' dir='ltr'>realiter</span> <span class='ocrx_word' id='word_1_585' title='bbox 2133 1320 2181 1346; x_wconf 88' lang='lat' dir='ltr'>est</span> <span class='ocrx_word' id='word_1_586' title='bbox 2210 1314 2299 1346; x_wconf 84' lang='lat' dir='ltr'>aliud</span> <span class='ocrx_word' id='word_1_587' title='bbox 2322 1324 2422 1355; x_wconf 88' lang='lat' dir='ltr'>quam</span> <span class='ocrx_word' id='word_1_588' title='bbox 2444 1315 2514 1356; x_wconf 81' lang='lat' dir='ltr'>ipsa</span> 
     </span>
     <span class='ocr_line' id='line_1_77' title="bbox 1434 1358 2512 1400; baseline 0.001 -11"><span class='ocrx_word' id='word_1_589' title='bbox 1434 1358 1539 1389; x_wconf 85' lang='lat' dir='ltr'>forma</span> <span class='ocrx_word' id='word_1_590' title='bbox 1563 1369 1639 1390; x_wconf 92' lang='lat' dir='ltr'>cum</span> <span class='ocrx_word' id='word_1_591' title='bbox 1663 1359 1808 1399; x_wconf 90' lang='lat' dir='ltr'>quodam</span> <span class='ocrx_word' id='word_1_592' title='bbox 1832 1364 1981 1400; x_wconf 89' lang='lat' dir='ltr'>respectu</span> <span class='ocrx_word' id='word_1_593' title='bbox 2005 1364 2037 1389; x_wconf 92' lang='lat' dir='ltr'>et</span> <span class='ocrx_word' id='word_1_594' title='bbox 2060 1359 2174 1390; x_wconf 88' lang='lat' dir='ltr'>ordine</span> <span class='ocrx_word' id='word_1_595' title='bbox 2198 1358 2239 1390; x_wconf 92' lang='lat' dir='ltr'>ad</span> <span class='ocrx_word' id='word_1_596' title='bbox 2262 1359 2360 1390; x_wconf 88' lang='lat' dir='ltr'>aliud.</span> <span class='ocrx_word' id='word_1_597' title='bbox 2377 1359 2419 1390; x_wconf 88' lang='lat' dir='ltr'>Et</span> <span class='ocrx_word' id='word_1_598' title='bbox 2437 1358 2512 1390; x_wconf 88' lang='lat' dir='ltr'>ideo</span> 
     </span>
     <span class='ocr_line' id='line_1_78' title="bbox 1435 1403 2513 1444; baseline 0 -10"><span class='ocrx_word' id='word_1_599' title='bbox 1435 1403 1549 1434; x_wconf 87' lang='lat' dir='ltr'>eadem</span> <span class='ocrx_word' id='word_1_600' title='bbox 1571 1404 1745 1434; x_wconf 87' lang='lat' dir='ltr'>necessitas</span> <span class='ocrx_word' id='word_1_601' title='bbox 1760 1405 1795 1434; x_wconf 90' lang='lat' dir='ltr'>in</span> <span class='ocrx_word' id='word_1_602' title='bbox 1810 1404 1906 1434; x_wconf 81' lang='lat' dir='ltr'>rebus</span> <span class='ocrx_word' id='word_1_603' title='bbox 1924 1403 2124 1434; x_wconf 87' lang='lat' dir='ltr'>naturalibus</span> <span class='ocrx_word' id='word_1_604' title='bbox 2140 1409 2189 1435; x_wconf 87' lang='lat' dir='ltr'>est</span> <span class='ocrx_word' id='word_1_605' title='bbox 2204 1413 2243 1434; x_wconf 88' lang='lat' dir='ltr'>ex</span> <span class='ocrx_word' id='word_1_606' title='bbox 2258 1403 2364 1434; x_wconf 82' lang='lat' dir='ltr'>forma</span> <span class='ocrx_word' id='word_1_607' title='bbox 2379 1404 2513 1444; x_wconf 87' lang='lat' dir='ltr'>agentis,</span> 
     </span>
     <span class='ocr_line' id='line_1_79' title="bbox 1436 1447 2513 1488; baseline 0.001 -10"><span class='ocrx_word' id='word_1_608' title='bbox 1436 1453 1468 1478; x_wconf 90' lang='lat' dir='ltr'>et</span> <span class='ocrx_word' id='word_1_609' title='bbox 1483 1457 1521 1478; x_wconf 87' lang='lat' dir='ltr'>ex</span> <span class='ocrx_word' id='word_1_610' title='bbox 1537 1447 1603 1478; x_wconf 88' lang='lat' dir='ltr'>fine</span> <span class='ocrx_word' id='word_1_611' title='bbox 1618 1453 1718 1488; x_wconf 92' lang='lat' dir='ltr'>prout</span> <span class='ocrx_word' id='word_1_612' title='bbox 1733 1454 1781 1479; x_wconf 90' lang='lat' dir='ltr'>est</span> <span class='ocrx_word' id='word_1_613' title='bbox 1803 1449 1837 1479; x_wconf 91' lang='lat' dir='ltr'>in</span> <span class='ocrx_word' id='word_1_614' title='bbox 1859 1449 2041 1479; x_wconf 86' lang='lat' dir='ltr'>intentione</span> <span class='ocrx_word' id='word_1_615' title='bbox 2061 1449 2195 1488; x_wconf 86' lang='lat' dir='ltr'>agentis.</span> <span class='ocrx_word' id='word_1_616' title='bbox 2219 1447 2254 1479; x_wconf 73' lang='lat' dir='ltr'>Si</span> <span class='ocrx_word' id='word_1_617' title='bbox 2276 1449 2364 1479; x_wconf 89' lang='lat' dir='ltr'>enim</span> <span class='ocrx_word' id='word_1_618' title='bbox 2388 1453 2437 1479; x_wconf 80' lang='lat' dir='ltr'>est</span> <span class='ocrx_word' id='word_1_619' title='bbox 2457 1448 2513 1478; x_wconf 83' lang='lat' dir='ltr'>ab·</span> 
     </span>
     <span class='ocr_line' id='line_1_80' title="bbox 1435 1491 2514 1524; baseline 0.001 -2"><span class='ocrx_word' id='word_1_620' title='bbox 1435 1492 1541 1523; x_wconf 91' lang='lat' dir='ltr'>solute</span> <span class='ocrx_word' id='word_1_621' title='bbox 1564 1493 1739 1524; x_wconf 87' lang='lat' dir='ltr'>necessitas</span> <span class='ocrx_word' id='word_1_622' title='bbox 1769 1492 1809 1523; x_wconf 91' lang='lat' dir='ltr'>ad</span> <span class='ocrx_word' id='word_1_623' title='bbox 1837 1493 2000 1523; x_wconf 90' lang='lat' dir='ltr'>actionem</span> <span class='ocrx_word' id='word_1_624' title='bbox 2029 1498 2085 1523; x_wconf 86' lang='lat' dir='ltr'>aut</span> <span class='ocrx_word' id='word_1_625' title='bbox 2108 1492 2149 1523; x_wconf 89' lang='lat' dir='ltr'>ad</span> <span class='ocrx_word' id='word_1_626' title='bbox 2172 1491 2324 1523; x_wconf 86' lang='lat' dir='ltr'>effectum</span> <span class='ocrx_word' id='word_1_627' title='bbox 2348 1502 2388 1523; x_wconf 88' lang='lat' dir='ltr'>ex</span> <span class='ocrx_word' id='word_1_628' title='bbox 2409 1491 2514 1523; x_wconf 80' lang='lat' dir='ltr'>forma</span> 
     </span>
     <span class='ocr_line' id='line_1_81' title="bbox 1435 1536 2514 1578; baseline 0.001 -12"><span class='ocrx_word' id='word_1_629' title='bbox 1435 1537 1569 1576; x_wconf 85' lang='lat' dir='ltr'>agentis,</span> <span class='ocrx_word' id='word_1_630' title='bbox 1587 1543 1635 1568; x_wconf 89' lang='lat' dir='ltr'>est</span> <span class='ocrx_word' id='word_1_631' title='bbox 1650 1538 1747 1568; x_wconf 88' lang='lat' dir='ltr'>etiarn</span> <span class='ocrx_word' id='word_1_632' title='bbox 1764 1547 1802 1568; x_wconf 87' lang='lat' dir='ltr'>ex</span> <span class='ocrx_word' id='word_1_633' title='bbox 1818 1536 1884 1568; x_wconf 89' lang='lat' dir='ltr'>fine</span> <span class='ocrx_word' id='word_1_634' title='bbox 1899 1538 1946 1568; x_wconf 89' lang='lat' dir='ltr'>sic</span> <span class='ocrx_word' id='word_1_635' title='bbox 1961 1542 2114 1577; x_wconf 86' lang='lat' dir='ltr'>accepto:</span> <span class='ocrx_word' id='word_1_636' title='bbox 2139 1538 2166 1568; x_wconf 86' lang='lat' dir='ltr'>si</span> <span class='ocrx_word' id='word_1_637' title='bbox 2182 1542 2292 1568; x_wconf 90' lang='lat' dir='ltr'>autem</span> <span class='ocrx_word' id='word_1_638' title='bbox 2307 1536 2392 1568; x_wconf 83' lang='lat' dir='ltr'>facta</span> <span class='ocrx_word' id='word_1_639' title='bbox 2407 1537 2514 1578; x_wconf 86' lang='lat' dir='ltr'>aliqua</span> 
     </span>
     <span class='ocr_line' id='line_1_82' title="bbox 1435 1581 2514 1622; baseline 0.001 -11"><span class='ocrx_word' id='word_1_640' title='bbox 1435 1582 1663 1621; x_wconf 88' lang='lat' dir='ltr'>suppositione</span> <span class='ocrx_word' id='word_1_641' title='bbox 1688 1587 1736 1613; x_wconf 91' lang='lat' dir='ltr'>est</span> <span class='ocrx_word' id='word_1_642' title='bbox 1758 1582 1932 1612; x_wconf 77' lang='lat' dir='ltr'>necessitas</span> <span class='ocrx_word' id='word_1_643' title='bbox 1955 1591 1994 1612; x_wconf 87' lang='lat' dir='ltr'>ex</span> <span class='ocrx_word' id='word_1_644' title='bbox 2017 1587 2107 1622; x_wconf 89' lang='lat' dir='ltr'>parte</span> <span class='ocrx_word' id='word_1_645' title='bbox 2130 1582 2265 1622; x_wconf 80' lang='lat' dir='ltr'>agentis,</span> <span class='ocrx_word' id='word_1_646' title='bbox 2281 1587 2330 1612; x_wconf 92' lang='lat' dir='ltr'>est</span> <span class='ocrx_word' id='word_1_647' title='bbox 2345 1581 2442 1612; x_wconf 82' lang='lat' dir='ltr'>etiam</span> <span class='ocrx_word' id='word_1_648' title='bbox 2456 1590 2514 1612; x_wconf 89' lang='lat' dir='ltr'>ne-</span> 
     </span>
     <span class='ocr_line' id='line_1_83' title="bbox 1436 1625 2514 1666; baseline 0.002 -11"><span class='ocrx_word' id='word_1_649' title='bbox 1436 1626 1564 1656; x_wconf 90' lang='lat' dir='ltr'>cessitas</span> <span class='ocrx_word' id='word_1_650' title='bbox 1581 1625 1699 1656; x_wconf 88' lang='lat' dir='ltr'>eodem</span> <span class='ocrx_word' id='word_1_651' title='bbox 1715 1625 1816 1657; x_wconf 89' lang='lat' dir='ltr'>modo</span> <span class='ocrx_word' id='word_1_652' title='bbox 1833 1636 1871 1656; x_wconf 79' lang='lat' dir='ltr'>ex</span> <span class='ocrx_word' id='word_1_653' title='bbox 1887 1625 1963 1657; x_wconf 89' lang='lat' dir='ltr'>fine.</span> <span class='ocrx_word' id='word_1_654' title='bbox 1976 1643 1999 1648; x_wconf 99' lang='lat'><strong>—</strong></span> <span class='ocrx_word' id='word_1_655' title='bbox 2011 1626 2075 1657; x_wconf 92' lang='lat' dir='ltr'>Sed</span> <span class='ocrx_word' id='word_1_656' title='bbox 2090 1626 2124 1656; x_wconf 92' lang='lat' dir='ltr'>in</span> <span class='ocrx_word' id='word_1_657' title='bbox 2140 1626 2309 1666; x_wconf 89' lang='lat' dir='ltr'>agentibus</span> <span class='ocrx_word' id='word_1_658' title='bbox 2325 1625 2514 1657; x_wconf 71' lang='lat' dir='ltr'>voluntariis</span> 
     </span>
     <span class='ocr_line' id='line_1_84' title="bbox 1435 1669 2513 1711; baseline 0.001 -11"><span class='ocrx_word' id='word_1_659' title='bbox 1435 1670 1574 1700; x_wconf 88' lang='lat' dir='ltr'>intentio</span> <span class='ocrx_word' id='word_1_660' title='bbox 1597 1669 1670 1701; x_wconf 88' lang='lat' dir='ltr'>finis</span> <span class='ocrx_word' id='word_1_661' title='bbox 1693 1670 1864 1711; x_wconf 89' lang='lat' dir='ltr'>dupliciter</span> <span class='ocrx_word' id='word_1_662' title='bbox 1887 1669 2020 1701; x_wconf 85' lang='lat' dir='ltr'>dicitur:</span> <span class='ocrx_word' id='word_1_663' title='bbox 2044 1670 2168 1701; x_wconf 88' lang='lat' dir='ltr'>scilicet</span> <span class='ocrx_word' id='word_1_664' title='bbox 2189 1670 2260 1710; x_wconf 87' lang='lat' dir='ltr'>ipsa</span> <span class='ocrx_word' id='word_1_665' title='bbox 2286 1670 2513 1710; x_wconf 73' lang='lat' dir='ltr'>apprehensio,</span> 
     </span>
     <span class='ocr_line' id='line_1_85' title="bbox 1437 1713 2513 1755; baseline 0.001 -11"><span class='ocrx_word' id='word_1_666' title='bbox 1437 1723 1502 1755; x_wconf 87' lang='lat' dir='ltr'>qua</span> <span class='ocrx_word' id='word_1_667' title='bbox 1525 1714 1685 1745; x_wconf 89' lang='lat' dir='ltr'>iudicatur</span> <span class='ocrx_word' id='word_1_668' title='bbox 1708 1714 1831 1755; x_wconf 88' lang='lat' dir='ltr'>aliquid</span> <span class='ocrx_word' id='word_1_669' title='bbox 1853 1724 1922 1745; x_wconf 90' lang='lat' dir='ltr'>esse</span> <span class='ocrx_word' id='word_1_670' title='bbox 1946 1715 2073 1745; x_wconf 91' lang='lat' dir='ltr'>bonum</span> <span class='ocrx_word' id='word_1_671' title='bbox 2096 1720 2129 1745; x_wconf 91' lang='lat' dir='ltr'>et</span> <span class='ocrx_word' id='word_1_672' title='bbox 2152 1715 2362 1751; x_wconf 82' lang='lat' dir='ltr'>conveniens,</span> <span class='ocrx_word' id='word_1_673' title='bbox 2383 1719 2417 1746; x_wconf 89' lang='lat' dir='ltr'>et</span> <span class='ocrx_word' id='word_1_674' title='bbox 2438 1713 2513 1745; x_wconf 84' lang='lat' dir='ltr'>ideo</span> 
     </span>
     <span class='ocr_line' id='line_1_86' title="bbox 1437 1758 2514 1800; baseline -0.001 -10"><span class='ocrx_word' id='word_1_675' title='bbox 1437 1768 1506 1790; x_wconf 87' lang='lat' dir='ltr'>esse</span> <span class='ocrx_word' id='word_1_676' title='bbox 1529 1765 1662 1800; x_wconf 88' lang='lat' dir='ltr'>propter</span> <span class='ocrx_word' id='word_1_677' title='bbox 1685 1760 1793 1800; x_wconf 89' lang='lat' dir='ltr'>ipsum</span> <span class='ocrx_word' id='word_1_678' title='bbox 1817 1758 1939 1800; x_wconf 90' lang='lat' dir='ltr'>aliquid</span> <span class='ocrx_word' id='word_1_679' title='bbox 1962 1758 2140 1799; x_wconf 68' lang='lat' dir='ltr'>agendum</span> <span class='ocrx_word' id='word_1_680' title='bbox 2165 1764 2198 1790; x_wconf 91' lang='lat' dir='ltr'>et</span> <span class='ocrx_word' id='word_1_681' title='bbox 2226 1759 2405 1795; x_wconf 86' lang='lat' dir='ltr'>inclinatio,</span> <span class='ocrx_word' id='word_1_682' title='bbox 2429 1767 2514 1799; x_wconf 73' lang='lat' dir='ltr'>quae</span> 
     </span>
     <span class='ocr_line' id='line_1_87' title="bbox 1437 1803 2515 1844; baseline 0 -10"><span class='ocrx_word' id='word_1_683' title='bbox 1437 1809 1485 1834; x_wconf 90' lang='lat' dir='ltr'>est</span> <span class='ocrx_word' id='word_1_684' title='bbox 1507 1809 1597 1834; x_wconf 91' lang='lat' dir='ltr'>actus</span> <span class='ocrx_word' id='word_1_685' title='bbox 1619 1804 1795 1835; x_wconf 77' lang='lat' dir='ltr'>voluntatis</span> <span class='ocrx_word' id='word_1_686' title='bbox 1811 1813 2016 1844; x_wconf 89' lang='lat' dir='ltr'>consequens</span> <span class='ocrx_word' id='word_1_687' title='bbox 2031 1804 2130 1834; x_wconf 88' lang='lat' dir='ltr'>talem</span> <span class='ocrx_word' id='word_1_688' title='bbox 2145 1803 2449 1844; x_wconf 83' lang='lat' dir='ltr'>apprehensionem.</span> <span class='ocrx_word' id='word_1_689' title='bbox 2473 1803 2515 1835; x_wconf 80' lang='lat' dir='ltr'>Et</span> 
     </span>
     <span class='ocr_line' id='line_1_88' title="bbox 1437 1847 2514 1889; baseline 0.001 -11"><span class='ocrx_word' id='word_1_690' title='bbox 1437 1848 1514 1888; x_wconf 87' lang='lat' dir='ltr'>quia</span> <span class='ocrx_word' id='word_1_691' title='bbox 1536 1848 1616 1878; x_wconf 87' lang='lat' dir='ltr'>haec</span> <span class='ocrx_word' id='word_1_692' title='bbox 1640 1848 1760 1879; x_wconf 87' lang='lat' dir='ltr'>habent</span> <span class='ocrx_word' id='word_1_693' title='bbox 1787 1849 1947 1879; x_wconf 86' lang='lat' dir='ltr'>rationem</span> <span class='ocrx_word' id='word_1_694' title='bbox 1976 1848 2075 1879; x_wconf 88' lang='lat' dir='ltr'>unius</span> <span class='ocrx_word' id='word_1_695' title='bbox 2101 1847 2227 1879; x_wconf 85' lang='lat' dir='ltr'>formae</span> <span class='ocrx_word' id='word_1_696' title='bbox 2256 1847 2364 1879; x_wconf 86' lang='lat' dir='ltr'>totalis</span> <span class='ocrx_word' id='word_1_697' title='bbox 2391 1847 2514 1889; x_wconf 80' lang='lat' dir='ltr'>agentis</span> 
     </span>
     <span class='ocr_line' id='line_1_89' title="bbox 1437 1891 2515 1934; baseline 0.001 -12"><span class='ocrx_word' id='word_1_698' title='bbox 1437 1892 1609 1923; x_wconf 87' lang='lat' dir='ltr'>voluntarii</span> <span class='ocrx_word' id='word_1_699' title='bbox 1632 1902 1689 1933; x_wconf 91' lang='lat' dir='ltr'>per</span> <span class='ocrx_word' id='word_1_700' title='bbox 1713 1902 1812 1934; x_wconf 89' lang='lat' dir='ltr'>quarn</span> <span class='ocrx_word' id='word_1_701' title='bbox 1836 1891 1988 1923; x_wconf 83' lang='lat' dir='ltr'>effectum</span> <span class='ocrx_word' id='word_1_702' title='bbox 2012 1891 2174 1933; x_wconf 89' lang='lat' dir='ltr'>producit,</span> <span class='ocrx_word' id='word_1_703' title='bbox 2195 1893 2279 1923; x_wconf 89' lang='lat' dir='ltr'>sicut</span> <span class='ocrx_word' id='word_1_704' title='bbox 2300 1901 2399 1933; x_wconf 78' lang='lat' dir='ltr'>agens</span> <span class='ocrx_word' id='word_1_705' title='bbox 2420 1897 2515 1924; x_wconf 68' lang='lat' dir='ltr'>nmi-</span> 
     </span>
     <span class='ocr_line' id='line_1_90' title="bbox 1436 1935 2514 1977; baseline 0.001 -11"><span class='ocrx_word' id='word_1_706' title='bbox 1436 1936 1502 1967; x_wconf 89' lang='lat' dir='ltr'>rale</span> <span class='ocrx_word' id='word_1_707' title='bbox 1530 1936 1712 1967; x_wconf 88' lang='lat' dir='ltr'>secundum</span> <span class='ocrx_word' id='word_1_708' title='bbox 1743 1936 1968 1968; x_wconf 86' lang='lat' dir='ltr'>conditionem</span> <span class='ocrx_word' id='word_1_709' title='bbox 1998 1935 2123 1967; x_wconf 81' lang='lat' dir='ltr'>formae</span> <span class='ocrx_word' id='word_1_710' title='bbox 2149 1936 2304 1967; x_wconf 88' lang='lat' dir='ltr'>naturalis</span> <span class='ocrx_word' id='word_1_711' title='bbox 2333 1937 2409 1977; x_wconf 76' lang='lat' dir='ltr'>agit,</span> <span class='ocrx_word' id='word_1_712' title='bbox 2437 1935 2514 1968; x_wconf 85' lang='lat' dir='ltr'>ideo</span> 
     </span>
     <span class='ocr_line' id='line_1_91' title="bbox 1437 1980 2516 2021; baseline 0.001 -10"><span class='ocrx_word' id='word_1_713' title='bbox 1437 1981 1533 2011; x_wconf 87' lang='lat' dir='ltr'>etiam</span> <span class='ocrx_word' id='word_1_714' title='bbox 1556 1981 1591 2011; x_wconf 88' lang='lat' dir='ltr'>in</span> <span class='ocrx_word' id='word_1_715' title='bbox 1614 1981 1782 2021; x_wconf 89' lang='lat' dir='ltr'>agentibus</span> <span class='ocrx_word' id='word_1_716' title='bbox 1806 1981 1995 2012; x_wconf 70' lang='lat' dir='ltr'>voluntariis</span> <span class='ocrx_word' id='word_1_717' title='bbox 2027 1980 2145 2012; x_wconf 73' lang='lat' dir='ltr'>eodo·</span> <span class='ocrx_word' id='word_1_718' title='bbox 2172 1980 2275 2012; x_wconf 85' lang='lat' dir='ltr'>modo</span> <span class='ocrx_word' id='word_1_719' title='bbox 2298 1980 2437 2012; x_wconf 72' lang='lat' dir='ltr'>suminu-</span> <span class='ocrx_word' id='word_1_720' title='bbox 2457 1989 2516 2012; x_wconf 83' lang='lat' dir='ltr'>ne-</span> 
     </span>
     <span class='ocr_line' id='line_1_92' title="bbox 1437 2025 2515 2067; baseline 0.001 -12"><span class='ocrx_word' id='word_1_721' title='bbox 1437 2025 1566 2056; x_wconf 84' lang='lat' dir='ltr'>cessitas</span> <span class='ocrx_word' id='word_1_722' title='bbox 1590 2034 1628 2056; x_wconf 84' lang='lat' dir='ltr'>ex</span> <span class='ocrx_word' id='word_1_723' title='bbox 1652 2025 1717 2056; x_wconf 91' lang='lat' dir='ltr'>fine</span> <span class='ocrx_word' id='word_1_724' title='bbox 1741 2031 1773 2056; x_wconf 90' lang='lat' dir='ltr'>et</span> <span class='ocrx_word' id='word_1_725' title='bbox 1796 2035 1834 2056; x_wconf 87' lang='lat' dir='ltr'>ex</span> <span class='ocrx_word' id='word_1_726' title='bbox 1857 2026 1930 2067; x_wconf 85' lang='lat' dir='ltr'>ipso</span> <span class='ocrx_word' id='word_1_727' title='bbox 1952 2031 2079 2066; x_wconf 84' lang='lat' dir='ltr'>agente.</span> <span class='ocrx_word' id='word_1_728' title='bbox 2103 2025 2138 2056; x_wconf 87' lang='lat' dir='ltr'>Si</span> <span class='ocrx_word' id='word_1_729' title='bbox 2153 2026 2241 2056; x_wconf 88' lang='lat' dir='ltr'>enim</span> <span class='ocrx_word' id='word_1_730' title='bbox 2257 2035 2296 2056; x_wconf 84' lang='lat' dir='ltr'>ex</span> <span class='ocrx_word' id='word_1_731' title='bbox 2315 2025 2386 2066; x_wconf 80' lang='lat' dir='ltr'>ipsa</span> <span class='ocrx_word' id='word_1_732' title='bbox 2401 2034 2515 2066; x_wconf 80' lang='lat' dir='ltr'>appre-</span> 
     </span>
     <span class='ocr_line' id='line_1_93' title="bbox 1437 2069 2515 2111; baseline 0.001 -11"><span class='ocrx_word' id='word_1_733' title='bbox 1437 2070 1594 2100; x_wconf 78' lang='lat' dir='ltr'>hensione</span> <span class='ocrx_word' id='word_1_734' title='bbox 1618 2075 1649 2101; x_wconf 92' lang='lat' dir='ltr'>et</span> <span class='ocrx_word' id='word_1_735' title='bbox 1671 2069 1882 2101; x_wconf 89' lang='lat' dir='ltr'>inclinatione</span> <span class='ocrx_word' id='word_1_736' title='bbox 1898 2070 2075 2101; x_wconf 90' lang='lat' dir='ltr'>voluntatis</span> <span class='ocrx_word' id='word_1_737' title='bbox 2089 2071 2235 2111; x_wconf 88' lang='lat' dir='ltr'>sequitur</span> <span class='ocrx_word' id='word_1_738' title='bbox 2253 2069 2388 2101; x_wconf 83' lang='lat' dir='ltr'>effectus</span> <span class='ocrx_word' id='word_1_739' title='bbox 2403 2069 2444 2101; x_wconf 87' lang='lat' dir='ltr'>de</span> <span class='ocrx_word' id='word_1_740' title='bbox 2457 2078 2515 2101; x_wconf 87' lang='lat' dir='ltr'>ne-</span> 
     </span>
     <span class='ocr_line' id='line_1_94' title="bbox 1437 2114 2515 2156; baseline 0.001 -12"><span class='ocrx_word' id='word_1_741' title='bbox 1437 2115 1593 2151; x_wconf 72' lang='lat' dir='ltr'>cessitate,</span> <span class='ocrx_word' id='word_1_742' title='bbox 1610 2114 1756 2146; x_wconf 86' lang='lat' dir='ltr'>similiter</span> <span class='ocrx_word' id='word_1_743' title='bbox 1778 2121 1810 2146; x_wconf 88' lang='lat' dir='ltr'>et</span> <span class='ocrx_word' id='word_1_744' title='bbox 1833 2124 1872 2146; x_wconf 86' lang='lat' dir='ltr'>ex</span> <span class='ocrx_word' id='word_1_745' title='bbox 1895 2115 1967 2156; x_wconf 88' lang='lat' dir='ltr'>ipso</span> <span class='ocrx_word' id='word_1_746' title='bbox 1991 2114 2057 2146; x_wconf 87' lang='lat' dir='ltr'>fine</span> <span class='ocrx_word' id='word_1_747' title='bbox 2080 2119 2128 2145; x_wconf 89' lang='lat' dir='ltr'>est</span> <span class='ocrx_word' id='word_1_748' title='bbox 2150 2114 2340 2145; x_wconf 80' lang='lat' dir='ltr'>necessitas:</span> <span class='ocrx_word' id='word_1_749' title='bbox 2362 2114 2391 2145; x_wconf 82' lang='lat' dir='ltr'>si</span> <span class='ocrx_word' id='word_1_750' title='bbox 2406 2118 2515 2146; x_wconf 72' lang='lat' dir='ltr'>auoem</span> 
     </span>
     <span class='ocr_line' id='line_1_95' title="bbox 1437 2158 2514 2200; baseline 0 -10"><span class='ocrx_word' id='word_1_751' title='bbox 1437 2168 1506 2190; x_wconf 92' lang='lat' dir='ltr'>non</span> <span class='ocrx_word' id='word_1_752' title='bbox 1529 2159 1676 2200; x_wconf 85' lang='lat' dir='ltr'>sequitur</span> <span class='ocrx_word' id='word_1_753' title='bbox 1699 2169 1737 2190; x_wconf 87' lang='lat' dir='ltr'>ex</span> <span class='ocrx_word' id='word_1_754' title='bbox 1759 2160 1950 2191; x_wconf 84' lang='lat' dir='ltr'>necessitate</span> <span class='ocrx_word' id='word_1_755' title='bbox 1973 2158 2106 2190; x_wconf 86' lang='lat' dir='ltr'>effectus</span> <span class='ocrx_word' id='word_1_756' title='bbox 2129 2168 2148 2190; x_wconf 86' lang='lat' dir='ltr'>a</span> <span class='ocrx_word' id='word_1_757' title='bbox 2170 2159 2226 2190; x_wconf 88' lang='lat' dir='ltr'>tali</span> <span class='ocrx_word' id='word_1_758' title='bbox 2246 2158 2514 2199; x_wconf 80' lang='lat' dir='ltr'>apprehensione,</span> 
     </span>
     <span class='ocr_line' id='line_1_96' title="bbox 1437 2202 2516 2245; baseline -0.001 -10"><span class='ocrx_word' id='word_1_759' title='bbox 1437 2212 1546 2244; x_wconf 87' lang='lat' dir='ltr'>neque</span> <span class='ocrx_word' id='word_1_760' title='bbox 1569 2204 1667 2235; x_wconf 87' lang='lat' dir='ltr'>etiam</span> <span class='ocrx_word' id='word_1_761' title='bbox 1690 2214 1709 2234; x_wconf 93' lang='lat' dir='ltr'>a</span> <span class='ocrx_word' id='word_1_762' title='bbox 1731 2203 1807 2235; x_wconf 86' lang='lat' dir='ltr'>fine.</span> <span class='ocrx_word' id='word_1_763' title='bbox 1831 2203 1994 2240; x_wconf 88' lang='lat' dir='ltr'>Similiter,</span> <span class='ocrx_word' id='word_1_764' title='bbox 2018 2204 2045 2234; x_wconf 88' lang='lat' dir='ltr'>si</span> <span class='ocrx_word' id='word_1_765' title='bbox 2067 2204 2138 2244; x_wconf 82' lang='lat' dir='ltr'>ipsa</span> <span class='ocrx_word' id='word_1_766' title='bbox 2159 2203 2375 2245; x_wconf 76' lang='lat' dir='ltr'>apprehensio</span> <span class='ocrx_word' id='word_1_767' title='bbox 2405 2208 2438 2234; x_wconf 90' lang='lat' dir='ltr'>et</span> <span class='ocrx_word' id='word_1_768' title='bbox 2465 2202 2516 2234; x_wconf 85' lang='lat' dir='ltr'>in-</span> 
     </span>
     <span class='ocr_line' id='line_1_97' title="bbox 1438 2247 2515 2288; baseline -0.001 -9"><span class='ocrx_word' id='word_1_769' title='bbox 1438 2248 1570 2279; x_wconf 87' lang='lat' dir='ltr'>clinatio</span> <span class='ocrx_word' id='word_1_770' title='bbox 1601 2253 1648 2279; x_wconf 90' lang='lat' dir='ltr'>est</span> <span class='ocrx_word' id='word_1_771' title='bbox 1677 2249 1866 2285; x_wconf 85' lang='lat' dir='ltr'>necessaria,</span> <span class='ocrx_word' id='word_1_772' title='bbox 1891 2247 2024 2279; x_wconf 82' lang='lat' dir='ltr'>effectus</span> <span class='ocrx_word' id='word_1_773' title='bbox 2055 2257 2260 2288; x_wconf 82' lang='lat' dir='ltr'>consequens</span> <span class='ocrx_word' id='word_1_774' title='bbox 2286 2248 2346 2279; x_wconf 87' lang='lat' dir='ltr'>erit</span> <span class='ocrx_word' id='word_1_775' title='bbox 2367 2247 2515 2279; x_wconf 77' lang='lat' dir='ltr'>absolute</span> 
     </span>
     <span class='ocr_line' id='line_1_98' title="bbox 1439 2291 2515 2333; baseline 0 -10"><span class='ocrx_word' id='word_1_776' title='bbox 1439 2301 1477 2323; x_wconf 86' lang='lat' dir='ltr'>ex</span> <span class='ocrx_word' id='word_1_777' title='bbox 1499 2293 1572 2333; x_wconf 89' lang='lat' dir='ltr'>ipso</span> <span class='ocrx_word' id='word_1_778' title='bbox 1596 2292 1662 2324; x_wconf 88' lang='lat' dir='ltr'>fine</span> <span class='ocrx_word' id='word_1_779' title='bbox 1684 2293 1892 2324; x_wconf 86' lang='lat' dir='ltr'>necessarius.</span> <span class='ocrx_word' id='word_1_780' title='bbox 1916 2292 2005 2324; x_wconf 87' lang='lat' dir='ltr'>Nihil</span> <span class='ocrx_word' id='word_1_781' title='bbox 2029 2293 2116 2324; x_wconf 90' lang='lat' dir='ltr'>enim</span> <span class='ocrx_word' id='word_1_782' title='bbox 2139 2291 2227 2323; x_wconf 90' lang='lat' dir='ltr'>aliud</span> <span class='ocrx_word' id='word_1_783' title='bbox 2249 2297 2298 2323; x_wconf 83' lang='lat' dir='ltr'>est</span> <span class='ocrx_word' id='word_1_784' title='bbox 2312 2291 2386 2323; x_wconf 87' lang='lat' dir='ltr'>finis</span> <span class='ocrx_word' id='word_1_785' title='bbox 2408 2292 2444 2323; x_wconf 87' lang='lat' dir='ltr'>in</span> <span class='ocrx_word' id='word_1_786' title='bbox 2464 2292 2515 2323; x_wconf 88' lang='lat' dir='ltr'>in-</span> 
     </span>
     <span class='ocr_line' id='line_1_99' title="bbox 1438 2335 2516 2378; baseline -0.001 -10"><span class='ocrx_word' id='word_1_787' title='bbox 1438 2338 1583 2368; x_wconf 88' lang='lat' dir='ltr'>tentione</span> <span class='ocrx_word' id='word_1_788' title='bbox 1606 2337 1730 2377; x_wconf 88' lang='lat' dir='ltr'>agentis</span> <span class='ocrx_word' id='word_1_789' title='bbox 1752 2338 1926 2368; x_wconf 88' lang='lat' dir='ltr'>voluntarii</span> <span class='ocrx_word' id='word_1_790' title='bbox 1949 2346 2048 2378; x_wconf 85' lang='lat' dir='ltr'>quam</span> <span class='ocrx_word' id='word_1_791' title='bbox 2071 2337 2141 2377; x_wconf 75' lang='lat' dir='ltr'>ipsa</span> <span class='ocrx_word' id='word_1_792' title='bbox 2163 2337 2378 2378; x_wconf 72' lang='lat' dir='ltr'>apprehensio</span> <span class='ocrx_word' id='word_1_793' title='bbox 2393 2335 2469 2367; x_wconf 80' lang='lat' dir='ltr'>finis</span> <span class='ocrx_word' id='word_1_794' title='bbox 2484 2342 2516 2367; x_wconf 85' lang='lat' dir='ltr'>et</span> 
     </span>
     <span class='ocr_line' id='line_1_100' title="bbox 1438 2379 2516 2423; baseline 0 -11"><span class='ocrx_word' id='word_1_795' title='bbox 1438 2381 1604 2412; x_wconf 85' lang='lat' dir='ltr'>inclinatio</span> <span class='ocrx_word' id='word_1_796' title='bbox 1619 2381 1794 2413; x_wconf 88' lang='lat' dir='ltr'>voluntatis</span> <span class='ocrx_word' id='word_1_797' title='bbox 1809 2381 1851 2413; x_wconf 86' lang='lat' dir='ltr'>ad</span> <span class='ocrx_word' id='word_1_798' title='bbox 1865 2382 1985 2423; x_wconf 80' lang='lat' dir='ltr'>ipsum.</span> <span class='ocrx_word' id='word_1_799' title='bbox 2009 2381 2145 2422; x_wconf 87' lang='lat' dir='ltr'>Propter</span> <span class='ocrx_word' id='word_1_800' title='bbox 2158 2381 2224 2412; x_wconf 88' lang='lat' dir='ltr'>hoc</span> <span class='ocrx_word' id='word_1_801' title='bbox 2238 2381 2323 2412; x_wconf 88' lang='lat' dir='ltr'>bene</span> <span class='ocrx_word' id='word_1_802' title='bbox 2338 2380 2418 2412; x_wconf 84' lang='lat' dir='ltr'>dixit</span> <span class='ocrx_word' id='word_1_803' title='bbox 2435 2379 2516 2412; x_wconf 74' lang='lat' dir='ltr'>Sm-</span> 
     </span>
     <span class='ocr_line' id='line_1_101' title="bbox 1439 2424 2516 2467; baseline 0 -11"><span class='ocrx_word' id='word_1_804' title='bbox 1439 2430 1510 2456; x_wconf 89' lang='lat' dir='ltr'>ctus</span> <span class='ocrx_word' id='word_1_805' title='bbox 1525 2425 1671 2456; x_wconf 85' lang='lat' dir='ltr'>Thomas</span> <span class='ocrx_word' id='word_1_806' title='bbox 1695 2427 1817 2467; x_wconf 89' lang='lat' dir='ltr'>absque</span> <span class='ocrx_word' id='word_1_807' title='bbox 1840 2426 2034 2457; x_wconf 83' lang='lat' dir='ltr'>limitatione</span> <span class='ocrx_word' id='word_1_808' title='bbox 2058 2425 2159 2466; x_wconf 88' lang='lat' dir='ltr'>quod,</span> <span class='ocrx_word' id='word_1_809' title='bbox 2182 2430 2317 2467; x_wconf 79' lang='lat' dir='ltr'>accepto</span> <span class='ocrx_word' id='word_1_810' title='bbox 2336 2424 2403 2456; x_wconf 88' lang='lat' dir='ltr'>fine</span> <span class='ocrx_word' id='word_1_811' title='bbox 2416 2430 2516 2466; x_wconf 84' lang='lat' dir='ltr'>prout</span> 
     </span>
     <span class='ocr_line' id='line_1_102' title="bbox 1439 2469 2516 2510; baseline 0.001 -10"><span class='ocrx_word' id='word_1_812' title='bbox 1439 2474 1487 2500; x_wconf 91' lang='lat' dir='ltr'>est</span> <span class='ocrx_word' id='word_1_813' title='bbox 1509 2470 1652 2510; x_wconf 86' lang='lat' dir='ltr'>primum</span> <span class='ocrx_word' id='word_1_814' title='bbox 1675 2471 1708 2501; x_wconf 90' lang='lat' dir='ltr'>in</span> <span class='ocrx_word' id='word_1_815' title='bbox 1732 2471 1929 2507; x_wconf 87' lang='lat' dir='ltr'>intentione,</span> <span class='ocrx_word' id='word_1_816' title='bbox 1952 2470 2063 2501; x_wconf 84' lang='lat' dir='ltr'>eodem</span> <span class='ocrx_word' id='word_1_817' title='bbox 2088 2470 2185 2501; x_wconf 84' lang='lat' dir='ltr'>modo</span> <span class='ocrx_word' id='word_1_818' title='bbox 2209 2475 2256 2501; x_wconf 79' lang='lat' dir='ltr'>est</span> <span class='ocrx_word' id='word_1_819' title='bbox 2278 2469 2451 2506; x_wconf 72' lang='lat' dir='ltr'>necessitas</span> <span class='ocrx_word' id='word_1_820' title='bbox 2473 2479 2516 2501; x_wconf 78' lang='lat' dir='ltr'>ex</span> 
     </span>
    </p>
   </div>
   <div class='ocr_carea' id='block_1_10' title="bbox 1428 2514 2515 2556">
    <p class='ocr_par' dir='ltr' id='par_1_18' title="bbox 1428 2514 2515 2556">
     <span class='ocr_line' id='line_1_103' title="bbox 1428 2514 2515 2556; baseline 0.002 -12"><span class='ocrx_word' id='word_1_821' title='bbox 1428 2514 1503 2555; x_wconf 81' lang='lat' dir='ltr'>fine</span> <span class='ocrx_word' id='word_1_822' title='bbox 1526 2519 1559 2544; x_wconf 87' lang='lat' dir='ltr'>et</span> <span class='ocrx_word' id='word_1_823' title='bbox 1580 2524 1622 2544; x_wconf 83' lang='lat' dir='ltr'>ex</span> <span class='ocrx_word' id='word_1_824' title='bbox 1645 2519 1781 2556; x_wconf 81' lang='lat' dir='ltr'>agente:</span> <span class='ocrx_word' id='word_1_825' title='bbox 1803 2515 1879 2555; x_wconf 85' lang='lat' dir='ltr'>quia</span> <span class='ocrx_word' id='word_1_826' title='bbox 1902 2514 2053 2546; x_wconf 85' lang='lat' dir='ltr'>videlicet</span> <span class='ocrx_word' id='word_1_827' title='bbox 2074 2514 2297 2546; x_wconf 74' lang='lat' dir='ltr'>universaliter</span> <span class='ocrx_word' id='word_1_828' title='bbox 2319 2523 2434 2546; x_wconf 86' lang='lat' dir='ltr'>verum</span> <span class='ocrx_word' id='word_1_829' title='bbox 2456 2518 2515 2551; x_wconf 68' lang='lat' dir='ltr'>ent.</span> 
     </span>
    </p>
   </div>
   <div class='ocr_carea' id='block_1_11' title="bbox 311 2557 2311 2600">
    <p class='ocr_par' dir='ltr' id='par_1_19' title="bbox 311 2557 2311 2600">
     <span class='ocr_line' id='line_1_104' title="bbox 311 2557 2311 2600; baseline 0.001 -12"><span class='ocrx_word' id='word_1_830' title='bbox 311 2559 398 2588; x_wconf 91' lang='lat' dir='ltr'>enim</span> <span class='ocrx_word' id='word_1_831' title='bbox 421 2559 566 2599; x_wconf 88' lang='lat' dir='ltr'>loquitur</span> <span class='ocrx_word' id='word_1_832' title='bbox 589 2558 725 2590; x_wconf 87' lang='lat' dir='ltr'>Sanctus</span> <span class='ocrx_word' id='word_1_833' title='bbox 742 2558 887 2589; x_wconf 86' lang='lat' dir='ltr'>Thomas</span> <span class='ocrx_word' id='word_1_834' title='bbox 903 2557 944 2588; x_wconf 90' lang='lat' dir='ltr'>de</span> <span class='ocrx_word' id='word_1_835' title='bbox 964 2562 1135 2598; x_wconf 85' lang='lat' dir='ltr'>aggregato</span> <span class='ocrx_word' id='word_1_836' title='bbox 1151 2567 1190 2588; x_wconf 91' lang='lat' dir='ltr'>ex</span> <span class='ocrx_word' id='word_1_837' title='bbox 1205 2557 1338 2588; x_wconf 87' lang='lat' dir='ltr'>materia</span> <span class='ocrx_word' id='word_1_838' title='bbox 1354 2563 1385 2588; x_wconf 91' lang='lat' dir='ltr'>et</span> <span class='ocrx_word' id='word_1_839' title='bbox 1439 2563 1505 2588; x_wconf 88' lang='lat' dir='ltr'>tam</span> <span class='ocrx_word' id='word_1_840' title='bbox 1528 2559 1562 2589; x_wconf 89' lang='lat' dir='ltr'>in</span> <span class='ocrx_word' id='word_1_841' title='bbox 1586 2559 1755 2599; x_wconf 90' lang='lat' dir='ltr'>agentibus</span> <span class='ocrx_word' id='word_1_842' title='bbox 1777 2559 1968 2590; x_wconf 85' lang='lat' dir='ltr'>voluntariis</span> <span class='ocrx_word' id='word_1_843' title='bbox 1991 2568 2091 2600; x_wconf 82' lang='lat' dir='ltr'>quam</span> <span class='ocrx_word' id='word_1_844' title='bbox 2113 2559 2311 2590; x_wconf 87' lang='lat' dir='ltr'>necessariis.</span> 
     </span>
    </p>
   </div>
   <div class='ocr_carea' id='block_1_12' title="bbox 706 2768 2114 2870">
    <p class='ocr_par' dir='ltr' id='par_1_20' title="bbox 706 2768 2114 2870">
     <span class='ocr_line' id='line_1_105' title="bbox 706 2768 2114 2870; baseline -0.001 0"><span class='ocrx_word' id='word_1_845' title='bbox 706 2813 1192 2870; x_wconf 79' lang='lat' dir='ltr'><strong>CAPITULUM</strong></span> <span class='ocrx_word' id='word_1_846' title='bbox 1228 2812 1751 2870; x_wconf 74' lang='lat' dir='ltr'>TRIGEsmum</span> <span class='ocrx_word' id='word_1_847' title='bbox 1785 2768 2114 2868; x_wconf 73' lang='lat' dir='ltr'>Panium</span> 
     </span>
    </p>
   </div>
   <div class='ocr_carea' id='block_1_13' title="bbox 469 2930 2359 3075">
    <p class='ocr_par' dir='ltr' id='par_1_21' title="bbox 469 2930 2359 3075">
     <span class='ocr_line' id='line_1_106' title="bbox 1137 2930 1695 2971; baseline -0.002 -10"><span class='ocrx_word' id='word_1_848' title='bbox 1137 2930 1368 2971; x_wconf 80' lang='lat' dir='ltr'>Fragmentum</span> <span class='ocrx_word' id='word_1_849' title='bbox 1393 2939 1431 2961; x_wconf 87' lang='lat' dir='ltr'>ex</span> <span class='ocrx_word' id='word_1_850' title='bbox 1454 2930 1484 2961; x_wconf 89' lang='lat' dir='ltr'><strong>A</strong></span> <span class='ocrx_word' id='word_1_851' title='bbox 1509 2930 1582 2961; x_wconf 83' lang='lat' dir='ltr'>36v</span> <span class='ocrx_word' id='word_1_852' title='bbox 1610 2930 1630 2960; x_wconf 90' lang='lat' dir='ltr'>b</span> <span class='ocrx_word' id='word_1_853' title='bbox 1645 2937 1695 2969; x_wconf 89' lang='lat'>¹4·</span> 
     </span>
     <span class='ocr_line' id='line_1_107' title="bbox 469 3018 2359 3075; baseline -0.002 -12"><span class='ocrx_word' id='word_1_854' title='bbox 469 3022 643 3075; x_wconf 78' lang='lat' dir='ltr'><strong>QUOD</strong></span> <span class='ocrx_word' id='word_1_855' title='bbox 677 3021 806 3062; x_wconf 92' lang='lat' dir='ltr'>NON</span> <span class='ocrx_word' id='word_1_856' title='bbox 840 3019 956 3062; x_wconf 87' lang='lat' dir='ltr'>EST</span> <span class='ocrx_word' id='word_1_857' title='bbox 988 3018 1425 3061; x_wconf 83' lang='lat' dir='ltr'><strong>NECESSARIUM</strong></span> <span class='ocrx_word' id='word_1_858' title='bbox 1459 3018 1834 3060; x_wconf 88' lang='lat' dir='ltr'>CREATURAS</span> <span class='ocrx_word' id='word_1_859' title='bbox 1869 3018 2110 3061; x_wconf 89' lang='lat' dir='ltr'>SEMPER</span> <span class='ocrx_word' id='word_1_860' title='bbox 2143 3018 2359 3061; x_wconf 88' lang='lat' dir='ltr'>FUISSE</span> 
     </span>
    </p>
   </div>
   <div class='ocr_carea' id='block_1_14' title="bbox 385 3141 1386 3346">
    <p class='ocr_par' dir='ltr' id='par_1_22' title="bbox 395 3141 1386 3193">
     <span class='ocr_line' id='line_1_108' title="bbox 451 3141 1386 3192; baseline -0.002 -12.113"><span class='ocrx_word' id='word_1_861' title='bbox 451 3178 456 3186; x_wconf 80' lang='grc'>,</span> <span class='ocrx_word' id='word_1_862' title='bbox 500 3155 549 3180; x_wconf 83' lang='lat' dir='ltr'>x</span> <span class='ocrx_word' id='word_1_863' title='bbox 588 3142 809 3192; x_wconf 89' lang='lat' dir='ltr'>praemissis</span> <span class='ocrx_word' id='word_1_864' title='bbox 851 3149 983 3179; x_wconf 90' lang='lat' dir='ltr'>autem</span> <span class='ocrx_word' id='word_1_865' title='bbox 1029 3148 1143 3179; x_wconf 87' lang='lat' dir='ltr'>restat</span> <span class='ocrx_word' id='word_1_866' title='bbox 1184 3141 1386 3178; x_wconf 90' lang='lat' dir='ltr'>ostendere</span> 
     </span>
    </p>

    <p class='ocr_par' dir='ltr' id='par_1_23' title="bbox 385 3194 1386 3287">
     <span class='ocr_line' id='line_1_109' title="bbox 385 3194 1386 3246; baseline -0.002 -13"><span class='ocrx_word' id='word_1_867' title='bbox 385 3219 390 3228; x_wconf 49' lang='lat' dir='ltr'>v</span> <span class='ocrx_word' id='word_1_868' title='bbox 417 3198 508 3243; x_wconf 43' lang='lat'>⁴³¹¹]</span> <span class='ocrx_word' id='word_1_869' title='bbox 539 3196 647 3246; x_wconf 90' lang='lat' dir='ltr'>quod</span> <span class='ocrx_word' id='word_1_870' title='bbox 675 3207 757 3233; x_wconf 91' lang='lat' dir='ltr'>non</span> <span class='ocrx_word' id='word_1_871' title='bbox 785 3203 841 3233; x_wconf 88' lang='lat' dir='ltr'>est</span> <span class='ocrx_word' id='word_1_872' title='bbox 869 3194 1132 3232; x_wconf 88' lang='lat' dir='ltr'>necessarium</span> <span class='ocrx_word' id='word_1_873' title='bbox 1161 3206 1221 3231; x_wconf 89' lang='lat' dir='ltr'>res</span> <span class='ocrx_word' id='word_1_874' title='bbox 1241 3202 1386 3232; x_wconf 86' lang='lat' dir='ltr'>creatas</span> 
     </span>
     <span class='ocr_line' id='line_1_110' title="bbox 539 3247 930 3287; baseline -0.003 -1"><span class='ocrx_word' id='word_1_875' title='bbox 539 3249 588 3287; x_wconf 90' lang='lat' dir='ltr'>ab</span> <span class='ocrx_word' id='word_1_876' title='bbox 617 3256 774 3286; x_wconf 88' lang='lat' dir='ltr'>aeterno</span> <span class='ocrx_word' id='word_1_877' title='bbox 802 3247 930 3286; x_wconf 88' lang='lat' dir='ltr'>fuisse.</span> 
     </span>
    </p>

    <p class='ocr_par' dir='ltr' id='par_1_24' title="bbox 512 3299 1384 3346">
     <span class='ocr_line' id='line_1_111' title="bbox 512 3299 1384 3346; baseline -0.002 -7"><span class='ocrx_word' id='word_1_878' title='bbox 512 3303 513 3306; x_wconf 74' lang='grc'>’</span> <span class='ocrx_word' id='word_1_879' title='bbox 595 3302 635 3339; x_wconf 90' lang='lat' dir='ltr'>Si</span> <span class='ocrx_word' id='word_1_880' title='bbox 663 3302 769 3339; x_wconf 84' lang='lat' dir='ltr'>enirn</span> <span class='ocrx_word' id='word_1_881' title='bbox 797 3309 1063 3339; x_wconf 86' lang='lat' dir='ltr'>creaturarum</span> <span class='ocrx_word' id='word_1_882' title='bbox 1082 3299 1384 3346; x_wconf 87' lang='lat' dir='ltr'>universitatem,</span> 
     </span>
    </p>
   </div>
   <div class='ocr_carea' id='block_1_15' title="bbox 318 3149 522 3344">
    <p class='ocr_par' dir='ltr' id='par_1_25' title="bbox 318 3149 522 3344">
     <span class='ocr_line' id='line_1_112' title="bbox 318 3149 522 3344; baseline 0 790"><span class='ocrx_word' id='word_1_883' title='bbox 318 3149 522 3344; x_wconf 95' lang='lat' dir='ltr'> </span> 
     </span>
    </p>
   </div>
   <div class='ocr_carea' id='block_1_16' title="bbox 316 3356 1417 3404">
    <p class='ocr_par' dir='ltr' id='par_1_26' title="bbox 316 3356 1417 3404">
     <span class='ocr_line' id='line_1_113' title="bbox 316 3356 1417 3404; baseline -0.003 -12"><span class='ocrx_word' id='word_1_884' title='bbox 316 3356 376 3392; x_wconf 77' lang='lat' dir='ltr'>Vel</span> <span class='ocrx_word' id='word_1_885' title='bbox 405 3366 697 3404; x_wconf 79' lang='lat' dir='ltr'>quamcumque</span> <span class='ocrx_word' id='word_1_886' title='bbox 725 3367 847 3392; x_wconf 77' lang='lat' dir='ltr'>unam</span> <span class='ocrx_word' id='word_1_887' title='bbox 879 3362 1107 3400; x_wconf 77' lang='lat' dir='ltr'>creaturam,</span> <span class='ocrx_word' id='word_1_888' title='bbox 1136 3365 1293 3390; x_wconf 80' lang='lat' dir='ltr'>necesse</span> <span class='ocrx_word' id='word_1_889' title='bbox 1331 3361 1386 3390; x_wconf 83' lang='lat' dir='ltr'>eSt</span> <span class='ocrx_word' id='word_1_890' title='bbox 1409 3376 1417 3395; x_wconf 76' lang='grc' dir='ltr'><strong><em>ς</em></strong></span> 
     </span>
    </p>
   </div>
   <div class='ocr_carea' id='block_1_17' title="bbox 317 3406 1386 3616">
    <p class='ocr_par' dir='ltr' id='par_1_27' title="bbox 317 3406 1386 3616">
     <span class='ocr_line' id='line_1_114' title="bbox 317 3406 1386 3457; baseline -0.001 -13"><span class='ocrx_word' id='word_1_891' title='bbox 317 3419 410 3453; x_wconf 91' lang='lat' dir='ltr'>esse,</span> <span class='ocrx_word' id='word_1_892' title='bbox 439 3415 590 3457; x_wconf 91' lang='lat' dir='ltr'>oportet</span> <span class='ocrx_word' id='word_1_893' title='bbox 619 3408 726 3457; x_wconf 92' lang='lat' dir='ltr'>quod</span> <span class='ocrx_word' id='word_1_894' title='bbox 755 3407 1021 3445; x_wconf 88' lang='lat' dir='ltr'>necessitatem</span> <span class='ocrx_word' id='word_1_895' title='bbox 1048 3406 1161 3444; x_wconf 90' lang='lat' dir='ltr'>istam</span> <span class='ocrx_word' id='word_1_896' title='bbox 1180 3406 1320 3444; x_wconf 88' lang='lat' dir='ltr'>habeat</span> <span class='ocrx_word' id='word_1_897' title='bbox 1339 3418 1386 3444; x_wconf 90' lang='lat' dir='ltr'>ex</span> 
     </span>
     <span class='ocr_line' id='line_1_115' title="bbox 318 3459 1386 3510; baseline 0 -14"><span class='ocrx_word' id='word_1_898' title='bbox 318 3471 368 3506; x_wconf 90' lang='lat' dir='ltr'>se,</span> <span class='ocrx_word' id='word_1_899' title='bbox 387 3461 450 3497; x_wconf 88' lang='lat' dir='ltr'>vel</span> <span class='ocrx_word' id='word_1_900' title='bbox 476 3473 522 3498; x_wconf 89' lang='lat' dir='ltr'>ex</span> <span class='ocrx_word' id='word_1_901' title='bbox 551 3460 637 3498; x_wconf 89' lang='lat' dir='ltr'>alio.</span> <span class='ocrx_word' id='word_1_902' title='bbox 668 3461 727 3499; x_wconf 90' lang='lat' dir='ltr'>Ex</span> <span class='ocrx_word' id='word_1_903' title='bbox 757 3473 796 3498; x_wconf 92' lang='lat' dir='ltr'>se</span> <span class='ocrx_word' id='word_1_904' title='bbox 826 3460 986 3510; x_wconf 88' lang='lat' dir='ltr'>quidem</span> <span class='ocrx_word' id='word_1_905' title='bbox 1015 3471 1103 3497; x_wconf 86' lang='lat' dir='ltr'>eam</span> <span class='ocrx_word' id='word_1_906' title='bbox 1132 3459 1275 3497; x_wconf 86' lang='lat' dir='ltr'>habere</span> <span class='ocrx_word' id='word_1_907' title='bbox 1304 3471 1386 3497; x_wconf 90' lang='lat' dir='ltr'>non</span> 
     </span>
     <span class='ocr_line' id='line_1_116' title="bbox 318 3512 1386 3562; baseline 0.001 -13"><span class='ocrx_word' id='word_1_908' title='bbox 318 3520 452 3561; x_wconf 91' lang='lat' dir='ltr'>potest.</span> <span class='ocrx_word' id='word_1_909' title='bbox 489 3513 701 3551; x_wconf 91' lang='lat' dir='ltr'>Ostensum</span> <span class='ocrx_word' id='word_1_910' title='bbox 730 3521 786 3551; x_wconf 92' lang='lat' dir='ltr'>est</span> <span class='ocrx_word' id='word_1_911' title='bbox 813 3513 918 3551; x_wconf 88' lang='lat' dir='ltr'>enim</span> <span class='ocrx_word' id='word_1_912' title='bbox 947 3525 1066 3562; x_wconf 87' lang='lat' dir='ltr'>supra</span> <span class='ocrx_word' id='word_1_913' title='bbox 1083 3512 1103 3534; x_wconf 87' lang='grc'>*</span> <span class='ocrx_word' id='word_1_914' title='bbox 1131 3513 1239 3562; x_wconf 92' lang='lat' dir='ltr'>quod</span> <span class='ocrx_word' id='word_1_915' title='bbox 1268 3525 1386 3550; x_wconf 90' lang='lat' dir='ltr'>omne</span> 
     </span>
     <span class='ocr_line' id='line_1_117' title="bbox 320 3565 1385 3616; baseline 0.001 -15"><span class='ocrx_word' id='word_1_916' title='bbox 320 3577 387 3601; x_wconf 90' lang='lat' dir='ltr'>ens</span> <span class='ocrx_word' id='word_1_917' title='bbox 415 3574 566 3614; x_wconf 89' lang='lat' dir='ltr'>oportet</span> <span class='ocrx_word' id='word_1_918' title='bbox 590 3578 672 3604; x_wconf 93' lang='lat' dir='ltr'>esse</span> <span class='ocrx_word' id='word_1_919' title='bbox 692 3579 714 3603; x_wconf 89' lang='lat' dir='ltr'>a</span> <span class='ocrx_word' id='word_1_920' title='bbox 734 3566 862 3616; x_wconf 89' lang='lat' dir='ltr'>primo</span> <span class='ocrx_word' id='word_1_921' title='bbox 882 3574 980 3604; x_wconf 90' lang='lat' dir='ltr'>ente.</span> <span class='ocrx_word' id='word_1_922' title='bbox 1007 3565 1128 3613; x_wconf 92' lang='lat' dir='ltr'>Quod</span> <span class='ocrx_word' id='word_1_923' title='bbox 1151 3573 1283 3603; x_wconf 86' lang='lat' dir='ltr'>autem</span> <span class='ocrx_word' id='word_1_924' title='bbox 1305 3577 1385 3604; x_wconf 90' lang='lat' dir='ltr'>non</span> 
     </span>
    </p>
   </div>
   <div class='ocr_carea' id='block_1_18' title="bbox 390 3681 1106 3713">
    <p class='ocr_par' dir='ltr' id='par_1_28' title="bbox 390 3681 1106 3713">
     <span class='ocr_line' id='line_1_118' title="bbox 390 3681 1106 3713; baseline 0.007 -11"><span class='ocrx_word' id='word_1_925' title='bbox 390 3686 406 3708; x_wconf 87' lang='lat'>4</span> <span class='ocrx_word' id='word_1_926' title='bbox 426 3684 601 3704; x_wconf 79' lang='lat' dir='ltr'>creaturarum</span> <span class='ocrx_word' id='word_1_927' title='bbox 620 3681 662 3705; x_wconf 86' lang='lat' dir='ltr'>hic</span> <span class='ocrx_word' id='word_1_928' title='bbox 680 3682 702 3705; x_wconf 83' lang='grc' dir='ltr'>Α</span> <span class='ocrx_word' id='word_1_929' title='bbox 721 3682 792 3706; x_wconf 83' lang='lat' dir='ltr'>solus</span> <span class='ocrx_word' id='word_1_930' title='bbox 799 3689 807 3712; x_wconf 66' lang='grc' dir='ltr'>ς</span> <span class='ocrx_word' id='word_1_931' title='bbox 823 3684 884 3713; x_wconf 80' lang='lat' dir='ltr'>post</span> <span class='ocrx_word' id='word_1_932' title='bbox 903 3682 1106 3707; x_wconf 80' lang='lat' dir='ltr'>universitatem.</span> 
     </span>
    </p>
   </div>
   <div class='ocr_carea' id='block_1_19' title="bbox 1441 3138 2513 3615">
    <p class='ocr_par' dir='ltr' id='par_1_29' title="bbox 1441 3138 2513 3456">
     <span class='ocr_line' id='line_1_119' title="bbox 1443 3138 2512 3191; baseline -0.002 -13"><span class='ocrx_word' id='word_1_933' title='bbox 1443 3141 1559 3179; x_wconf 88' lang='lat' dir='ltr'>habet</span> <span class='ocrx_word' id='word_1_934' title='bbox 1583 3153 1666 3178; x_wconf 90' lang='lat' dir='ltr'>esse</span> <span class='ocrx_word' id='word_1_935' title='bbox 1694 3153 1717 3179; x_wconf 88' lang='lat' dir='ltr'>a</span> <span class='ocrx_word' id='word_1_936' title='bbox 1746 3152 1798 3187; x_wconf 90' lang='lat' dir='ltr'>se,</span> <span class='ocrx_word' id='word_1_937' title='bbox 1825 3140 2062 3191; x_wconf 88' lang='lat' dir='ltr'>impossibile</span> <span class='ocrx_word' id='word_1_938' title='bbox 2092 3148 2147 3178; x_wconf 87' lang='lat' dir='ltr'>est</span> <span class='ocrx_word' id='word_1_939' title='bbox 2175 3140 2283 3190; x_wconf 90' lang='lat' dir='ltr'>quod</span> <span class='ocrx_word' id='word_1_940' title='bbox 2311 3138 2512 3177; x_wconf 87' lang='lat' dir='ltr'>necessita-</span> 
     </span>
     <span class='ocr_line' id='line_1_120' title="bbox 1441 3193 2513 3244; baseline -0.003 -12"><span class='ocrx_word' id='word_1_941' title='bbox 1441 3202 1521 3232; x_wconf 90' lang='lat' dir='ltr'>tem</span> <span class='ocrx_word' id='word_1_942' title='bbox 1541 3193 1693 3232; x_wconf 91' lang='lat' dir='ltr'>essendi</span> <span class='ocrx_word' id='word_1_943' title='bbox 1712 3206 1735 3232; x_wconf 85' lang='lat' dir='ltr'>a</span> <span class='ocrx_word' id='word_1_944' title='bbox 1760 3206 1800 3232; x_wconf 91' lang='lat' dir='ltr'>se</span> <span class='ocrx_word' id='word_1_945' title='bbox 1829 3193 1984 3232; x_wconf 86' lang='lat' dir='ltr'>habeat:</span> <span class='ocrx_word' id='word_1_946' title='bbox 2015 3194 2108 3244; x_wconf 86' lang='lat' dir='ltr'>quia</span> <span class='ocrx_word' id='word_1_947' title='bbox 2135 3193 2243 3243; x_wconf 91' lang='lat' dir='ltr'>quod</span> <span class='ocrx_word' id='word_1_948' title='bbox 2271 3203 2428 3230; x_wconf 86' lang='lat' dir='ltr'>necesse</span> <span class='ocrx_word' id='word_1_949' title='bbox 2456 3199 2513 3230; x_wconf 85' lang='lat' dir='ltr'>est</span> 
     </span>
     <span class='ocr_line' id='line_1_121' title="bbox 1441 3244 2511 3297; baseline -0.003 -12"><span class='ocrx_word' id='word_1_950' title='bbox 1441 3260 1536 3294; x_wconf 90' lang='lat' dir='ltr'>esse,</span> <span class='ocrx_word' id='word_1_951' title='bbox 1557 3247 1795 3297; x_wconf 90' lang='lat' dir='ltr'>impossibile</span> <span class='ocrx_word' id='word_1_952' title='bbox 1815 3255 1871 3284; x_wconf 90' lang='lat' dir='ltr'>est</span> <span class='ocrx_word' id='word_1_953' title='bbox 1897 3259 1979 3285; x_wconf 91' lang='lat' dir='ltr'>non</span> <span class='ocrx_word' id='word_1_954' title='bbox 2007 3259 2108 3294; x_wconf 83' lang='lat' dir='ltr'>esse3</span> <span class='ocrx_word' id='word_1_955' title='bbox 2137 3254 2175 3284; x_wconf 89' lang='lat' dir='ltr'>et</span> <span class='ocrx_word' id='word_1_956' title='bbox 2197 3245 2252 3284; x_wconf 88' lang='lat' dir='ltr'>sic</span> <span class='ocrx_word' id='word_1_957' title='bbox 2273 3244 2382 3295; x_wconf 91' lang='lat' dir='ltr'>quod</span> <span class='ocrx_word' id='word_1_958' title='bbox 2401 3244 2451 3283; x_wconf 88' lang='lat' dir='ltr'>de</span> <span class='ocrx_word' id='word_1_959' title='bbox 2470 3257 2511 3282; x_wconf 91' lang='lat' dir='ltr'>se</span> 
     </span>
     <span class='ocr_line' id='line_1_122' title="bbox 1441 3297 2511 3351; baseline -0.002 -13"><span class='ocrx_word' id='word_1_960' title='bbox 1441 3301 1558 3338; x_wconf 88' lang='lat' dir='ltr'>habet</span> <span class='ocrx_word' id='word_1_961' title='bbox 1589 3301 1698 3351; x_wconf 93' lang='lat' dir='ltr'>quod</span> <span class='ocrx_word' id='word_1_962' title='bbox 1727 3300 1773 3338; x_wconf 91' lang='lat' dir='ltr'>sit</span> <span class='ocrx_word' id='word_1_963' title='bbox 1801 3312 1958 3338; x_wconf 90' lang='lat' dir='ltr'>necesse</span> <span class='ocrx_word' id='word_1_964' title='bbox 1987 3312 2082 3346; x_wconf 91' lang='lat' dir='ltr'>esse,</span> <span class='ocrx_word' id='word_1_965' title='bbox 2111 3300 2160 3337; x_wconf 90' lang='lat' dir='ltr'>de</span> <span class='ocrx_word' id='word_1_966' title='bbox 2189 3311 2230 3336; x_wconf 91' lang='lat' dir='ltr'>se</span> <span class='ocrx_word' id='word_1_967' title='bbox 2258 3297 2375 3335; x_wconf 88' lang='lat' dir='ltr'>habet</span> <span class='ocrx_word' id='word_1_968' title='bbox 2403 3298 2511 3347; x_wconf 92' lang='lat' dir='ltr'>quod</span> 
     </span>
     <span class='ocr_line' id='line_1_123' title="bbox 1441 3351 2511 3404; baseline -0.003 -13"><span class='ocrx_word' id='word_1_969' title='bbox 1441 3366 1522 3391; x_wconf 92' lang='lat' dir='ltr'>non</span> <span class='ocrx_word' id='word_1_970' title='bbox 1541 3354 1662 3404; x_wconf 89' lang='lat' dir='ltr'>possit</span> <span class='ocrx_word' id='word_1_971' title='bbox 1681 3366 1764 3391; x_wconf 93' lang='lat' dir='ltr'>esse</span> <span class='ocrx_word' id='word_1_972' title='bbox 1783 3365 1865 3391; x_wconf 89' lang='lat' dir='ltr'>non</span> <span class='ocrx_word' id='word_1_973' title='bbox 1884 3365 1972 3399; x_wconf 85' lang='lat' dir='ltr'>ens;</span> <span class='ocrx_word' id='word_1_974' title='bbox 1992 3361 2030 3390; x_wconf 88' lang='lat' dir='ltr'>et</span> <span class='ocrx_word' id='word_1_975' title='bbox 2047 3363 2118 3403; x_wconf 89' lang='lat' dir='ltr'>per</span> <span class='ocrx_word' id='word_1_976' title='bbox 2131 3362 2387 3400; x_wconf 88' lang='lat' dir='ltr'>consequens,</span> <span class='ocrx_word' id='word_1_977' title='bbox 2403 3351 2511 3400; x_wconf 94' lang='lat' dir='ltr'>quod</span> 
     </span>
     <span class='ocr_line' id='line_1_124' title="bbox 1442 3403 2285 3456; baseline -0.005 -12"><span class='ocrx_word' id='word_1_978' title='bbox 1442 3419 1523 3444; x_wconf 89' lang='lat' dir='ltr'>non</span> <span class='ocrx_word' id='word_1_979' title='bbox 1551 3406 1597 3444; x_wconf 90' lang='lat' dir='ltr'>sit</span> <span class='ocrx_word' id='word_1_980' title='bbox 1625 3419 1706 3444; x_wconf 91' lang='lat' dir='ltr'>non</span> <span class='ocrx_word' id='word_1_981' title='bbox 1735 3419 1823 3453; x_wconf 90' lang='lat' dir='ltr'>ens;</span> <span class='ocrx_word' id='word_1_982' title='bbox 1852 3414 1889 3444; x_wconf 88' lang='lat' dir='ltr'>et</span> <span class='ocrx_word' id='word_1_983' title='bbox 1917 3406 1967 3444; x_wconf 88' lang='lat' dir='ltr'>ita</span> <span class='ocrx_word' id='word_1_984' title='bbox 1995 3405 2103 3456; x_wconf 91' lang='lat' dir='ltr'>quod</span> <span class='ocrx_word' id='word_1_985' title='bbox 2132 3403 2178 3442; x_wconf 90' lang='lat' dir='ltr'>sit</span> <span class='ocrx_word' id='word_1_986' title='bbox 2206 3416 2285 3441; x_wconf 90' lang='lat' dir='ltr'>ens.</span> 
     </span>
    </p>

    <p class='ocr_par' dir='ltr' id='par_1_30' title="bbox 1441 3455 2511 3615">
     <span class='ocr_line' id='line_1_125' title="bbox 1496 3455 2511 3502; baseline -0.005 -4"><span class='ocrx_word' id='word_1_987' title='bbox 1496 3459 1537 3498; x_wconf 89' lang='lat' dir='ltr'>Si</span> <span class='ocrx_word' id='word_1_988' title='bbox 1565 3468 1697 3498; x_wconf 85' lang='lat' dir='ltr'>autem</span> <span class='ocrx_word' id='word_1_989' title='bbox 1725 3460 1822 3498; x_wconf 84' lang='lat' dir='ltr'>haec</span> <span class='ocrx_word' id='word_1_990' title='bbox 1841 3459 2046 3497; x_wconf 88' lang='lat' dir='ltr'>necessitas</span> <span class='ocrx_word' id='word_1_991' title='bbox 2065 3464 2261 3496; x_wconf 85' lang='lat' dir='ltr'>creaturae</span> <span class='ocrx_word' id='word_1_992' title='bbox 2281 3464 2337 3494; x_wconf 89' lang='lat' dir='ltr'>est</span> <span class='ocrx_word' id='word_1_993' title='bbox 2356 3456 2405 3494; x_wconf 91' lang='lat' dir='ltr'>ab</span> <span class='ocrx_word' id='word_1_994' title='bbox 2424 3455 2511 3502; x_wconf 84' lang='lat' dir='ltr'>alio,</span> 
     </span>
     <span class='ocr_line' id='line_1_126' title="bbox 1442 3508 2511 3562; baseline -0.004 -12"><span class='ocrx_word' id='word_1_995' title='bbox 1442 3521 1594 3562; x_wconf 91' lang='lat' dir='ltr'>oportet</span> <span class='ocrx_word' id='word_1_996' title='bbox 1617 3513 1725 3562; x_wconf 92' lang='lat' dir='ltr'>quod</span> <span class='ocrx_word' id='word_1_997' title='bbox 1754 3512 1800 3550; x_wconf 88' lang='lat' dir='ltr'>sit</span> <span class='ocrx_word' id='word_1_998' title='bbox 1827 3512 1877 3550; x_wconf 90' lang='lat' dir='ltr'>ab</span> <span class='ocrx_word' id='word_1_999' title='bbox 1905 3511 2033 3561; x_wconf 86' lang='lat' dir='ltr'>aliqua</span> <span class='ocrx_word' id='word_1_1000' title='bbox 2051 3522 2168 3548; x_wconf 86' lang='lat' dir='ltr'>causa</span> <span class='ocrx_word' id='word_1_1001' title='bbox 2187 3522 2288 3560; x_wconf 88' lang='lat' dir='ltr'>quae</span> <span class='ocrx_word' id='word_1_1002' title='bbox 2308 3509 2354 3547; x_wconf 91' lang='lat' dir='ltr'>sit</span> <span class='ocrx_word' id='word_1_1003' title='bbox 2373 3508 2511 3547; x_wconf 86' lang='lat' dir='ltr'>extrin-</span> 
     </span>
     <span class='ocr_line' id='line_1_127' title="bbox 1441 3563 2511 3615; baseline -0.003 -12"><span class='ocrx_word' id='word_1_1004' title='bbox 1441 3578 1542 3603; x_wconf 90' lang='lat' dir='ltr'>seca:</span> <span class='ocrx_word' id='word_1_1005' title='bbox 1564 3565 1656 3615; x_wconf 89' lang='lat' dir='ltr'>quia</span> <span class='ocrx_word' id='word_1_1006' title='bbox 1675 3564 1863 3615; x_wconf 90' lang='lat' dir='ltr'>quicquid</span> <span class='ocrx_word' id='word_1_1007' title='bbox 1891 3563 2101 3613; x_wconf 87' lang='lat' dir='ltr'>accipiatur</span> <span class='ocrx_word' id='word_1_1008' title='bbox 2127 3563 2380 3601; x_wconf 88' lang='lat' dir='ltr'>intrinsecum</span> <span class='ocrx_word' id='word_1_1009' title='bbox 2408 3573 2511 3600; x_wconf 89' lang='lat' dir='ltr'>crea-</span> 
     </span>
    </p>
   </div>
   <div class='ocr_carea' id='block_1_20' title="bbox 2537 696 2752 722">
    <p class='ocr_par' dir='ltr' id='par_1_31' title="bbox 2537 696 2752 722">
     <span class='ocr_line' id='line_1_128' title="bbox 2537 696 2752 722; baseline 0.009 -5"><span class='ocrx_word' id='word_1_1010' title='bbox 2537 698 2545 707; x_wconf 86' lang='lat'>·</span> <span class='ocrx_word' id='word_1_1011' title='bbox 2561 696 2596 718; x_wconf 88' lang='lat' dir='ltr'>Cf.</span> <span class='ocrx_word' id='word_1_1012' title='bbox 2613 703 2635 718; x_wconf 92' lang='lat' dir='ltr'>n.</span> <span class='ocrx_word' id='word_1_1013' title='bbox 2651 703 2683 722; x_wconf 75' lang='lat' dir='ltr'>w.</span> <span class='ocrx_word' id='word_1_1014' title='bbox 2700 697 2752 719; x_wconf 86' lang='lat' dir='ltr'>init.</span> 
     </span>
    </p>
   </div>
  </div>
 </body>
</html>
