2742 4152
880 252 1070 290 SUMMA
1099 254 1322 294 CONTRA
1349 257 1625 307 GENTILES,
1647 259 1767 297 CAP.
1789 261 1887 299 XVI.
1939 299 1943 301 ,

2431 264 2479 310 45

42 331 218 380 :fsshff‘ffiff-ssv
230 331 258 358 ⁶³
287 332 473 368 existentis
487 331 518 367 *.
540 331 618 369 Sed
639 332 746 368 Deus
774 338 830 368 est
857 332 1022 370 omnino
1050 333 1295 384 impassibilis
1314 348 1358 373 ac
1414 349 1497 374 esse
1516 338 1661 387 aliquid
1680 338 1785 377 aliud
1804 339 1922 389 priuS‚
1939 353 2019 390 quo
2040 340 2227 378 educatur
2244 341 2292 378 de
2312 342 2483 392 potentia

45 390 55 399 ·
70 387 128 416 etp.
137 394 190 411 xru.

41 1042 53 1053 ·
66 1041 102 1064 Cf.
120 1041 255 1074 comment.

39 1073 94 1096 up.
103 1074 142 1096 xv,
151 1072 202 1091 unt.

36 1128 52 1139 ⁸
65 1126 124 1156 Cep.
138 1133 188 1156 neq.

286 383 550 430 immutabilis,
571 392 615 421 ut
632 392 737 434 patet
755 396 803 421 ex
822 384 930 422 dictis
945 385 975 422 *.
1006 387 1114 424 Nihil
1133 400 1223 437 ergo
1243 389 1359 427 habet

285 437 335 474 de
363 437 547 487 potentia,
577 437 717 475 scilicet
743 437 909 487 passiva.

339 491 446 528 Item.
480 490 670 529 Videmus
704 491 850 542 aliquid
882 504 965 529 esse
998 493 1038 530 in
1071 494 1222 532 mundo
1251 496 1360 544 quod

1415 389 1454 436 in
1473 398 1615 428 actum.
1638 392 1687 428 Et
1705 392 1856 440 iterum,
1877 393 1909 430 si
1928 394 2004 431 hoc
2023 402 2079 431 est
2096 394 2294 432 exiensfde
2313 394 2484 445 potentia

1414 442 1454 479 in
1482 451 1624 490 actum,
1659 453 1810 494 oportet
1838 454 1924 482 ante
1959 447 2035 483 hoc
2067 447 2212 497 aliquid
2244 448 2348 486 aliud
2375 449 2482 499 poni,

1415 508 1496 545 quo
1516 496 1722 534 reducatur
1740 497 1780 535 in
1799 506 1940 535 actum.
1970 500 2057 537 Hoc
2080 508 2210 538 autem
2229 501 2269 538 in
2286 501 2483 540 infinitum

286 541 362 581 exit
389 543 437 582 de
465 544 637 594 potentia
655 545 696 582 in
715 553 857 583 actum.
888 546 981 583 Non
1009 555 1141 584 autem
1162 548 1291 586 educit
1318 560 1359 585 se
1382 561 1391 581 ε
1414 550 1626 598 procedere
1650 562 1731 587 non
1759 558 1893 599 potest.
1923 552 2025 600 Ergo
2046 561 2197 602 oportet
2224 552 2405 592 devenire
2434 546 2483 594 ad

284 596 334 634 de
367 596 550 647 potentia*
566 597 607 635 in
635 605 786 636 actum:
821 599 914 649 quia
947 601 1056 648 quod
1087 608 1144 638 est
1175 601 1357 650 potentia,

285 650 464 688 nondum
485 658 557 696 est;
582 651 687 688 unde
708 663 781 689 nec
799 664 911 702 agere
929 661 1065 703 potest.
1086 655 1189 702 Ergo
1209 662 1361 704 oportet

340 773 354 791 2
375 765 458 800 dictis]
478 766 615 799 praedictis
634 766 703 794 GPc.
815 766 828 792 3
849 768 947 793 scilicet
964 775 1018 795 om.
1036 768 1065 793 Z.

1415 601 1562 651 aliquid
1585 603 1694 651 quod
1723 611 1779 640 est
1806 611 1957 641 tantum
1981 613 2068 642 actu
2096 614 2133 643 et
2161 608 2266 644 nullo
2296 609 2416 646 modo
2445 609 2484 646 in

1415 655 1598 704 potentia.
1628 656 1677 692 Et
1705 656 1782 693 hoc
1810 656 1975 694 dicimus
2004 658 2144 696 Deum.

1053 864 1391 898 Commenta-ia
1413 865 1724 900 Fert-ariensis

287 960 488 1025 Posromm
511 953 650 984 removit
672 952 809 984 Sanctus
831 952 977 983 Thomas
1001 962 1019 982 a
1042 952 1114 983 Deo
1142 952 1360 993 imperfectio—

1417 958 1449 983 et
1472 952 1550 984 dixit
1573 954 1681 985 Deum
1704 964 1772 986 non
1795 965 1892 996 posse
1915 966 1983 987 non
2007 966 2075 988 esse
2098 958 2273 989 secundum
2289 969 2332 995 se,
2350 959 2413 990 hoc
2429 965 2485 996 est,

339 1005 417 1027 nem
439 998 486 1028 rei
510 997 707 1038 temporalis,
730 1006 820 1028 nunc
848 997 1015 1037 potentiae
1045 997 1190 1037 passivae
1214 1003 1361 1028 removet
1416 1006 1475 1038 per
1497 998 1631 1039 aliquod
1653 1000 1850 1040 principium
1872 1001 2092 1033 intrinsecum.

283 1040 565 1082 imperfectionem
575 1044 602 1073 ⁴.
625 1041 719 1073 Circa
733 1042 798 1072 hoc
818 1046 927 1072 autem
946 1041 1013 1072 duo
1033 1041 1121 1072 facit:
1146 1043 1253 1082 primo
1272 1043 1360 1073 enim

283 1087 633 1162 {gaiggiet'potentiam
656 1087 832 1127 passivam
856 1085 1013 1123 secundo,
1029 1096 1134 1117 unum
1152 1086 1360 1118 corollarium

339 1175 363 1206 1.
387 1175 559 1214 Quantum
574 1174 615 1206 ad
630 1176 784 1216 primum,
800 1175 935 1216 ponitur
957 1175 1037 1206 haec
1061 1175 1245 1206 conclusio:
1269 1176 1360 1207 Deus

284 1229 350 1251 non
373 1224 422 1251 est
445 1219 478 1250 in
497 1220 648 1260 potentia
664 1220 810 1261 passiva.

338 1264 391 1296 Ad
422 1265 516 1295 cuius
546 1265 793 1306 intelligentiam
828 1264 998 1296 sciendum
1028 1263 1134 1306 quod,
1162 1265 1238 1296 licet
1270 1265 1359 1296 Deus

217 1346 222 1347 ⁷
277 1309 407 1341 nullam
421 1309 604 1350 potentiam
619 1310 779 1351 passivam
795 1309 920 1346 habeat,
932 1309 1119 1350 nulliusque
1134 1319 1153 1340 a
1168 1319 1202 1340 se
1219 1311 1359 1341 extranei

39 2425 228 2455 ‘Cf-eamm-

282 1353 323 1385 sit
345 1354 538 1395 receptivus,
561 1354 614 1385 hic
637 1360 748 1386 tamen
770 1363 839 1385 non
862 1355 1027 1395 quaeritur
1053 1355 1116 1385 nisi
1146 1354 1186 1385 de
1213 1355 1360 1395 potentia

282 1398 324 1430 ad
347 1408 417 1430 esse
439 1399 647 1431 substantiale
662 1409 747 1441 quae
764 1400 803 1430 ab
819 1404 894 1430 actu
916 1399 1101 1440 separabilis
1116 1405 1164 1430 est
1179 1398 1360 1430 secundum

280 1452 328 1481 se.
352 1443 490 1476 Constat
512 1444 601 1476 enim
624 1443 780 1476 Sanctum
803 1443 968 1475 Thomam
990 1444 1044 1475 hic
1066 1444 1159 1484 loqui
1182 1443 1222 1474 de
1246 1453 1284 1475 ea
1299 1453 1359 1484 po-

282 1489 383 1520 tentia
404 1489 531 1529 passiva
553 1498 639 1530 quae
661 1498 720 1530 per
742 1489 1027 1529 sempiternitatem
1059 1493 1258 1519 removetur:
1284 1498 1360 1520 cum

282 1541 356 1564 eam
375 1533 537 1564 removeri
552 1543 571 1564 a
586 1534 659 1565 Deo
675 1543 716 1565 ex
731 1534 800 1564 eius
821 1534 1074 1574 sempiternitate
1097 1532 1245 1564 deducat.
1269 1533 1360 1564 Haec

282 1583 393 1610 autem
417 1583 465 1610 est
486 1579 635 1619 potentia
657 1579 697 1610 ab
721 1583 796 1609 actu
818 1577 1012 1619 separabilis.
1037 1577 1121 1608 Nam
1142 1577 1197 1608 illa
1213 1587 1296 1618 quae
1313 1584 1361 1609 est

281 1622 502 1664 inseparabilis
525 1623 565 1654 ab
589 1628 663 1654 actu
686 1621 869 1654 secundum
891 1631 936 1658 se,
953 1627 1070 1663 utpote
1089 1622 1182 1653 cuius
1202 1623 1360 1663 capacitas

282 1676 342 1709 per
368 1677 474 1699 unum
499 1673 610 1700 actum
631 1673 679 1699 est
701 1667 875 1708 completa,
897 1667 1142 1707 sempiternitati
1167 1677 1237 1698 non
1263 1676 1359 1708 repu-

281 1717 373 1754 gnat:
397 1717 435 1744 ut
457 1718 546 1753 patet
567 1714 602 1744 in
625 1713 818 1754 corporibus
841 1712 1043 1744 caelestibus.

339 1756 441 1796 Quod
464 1758 491 1788 si
514 1756 674 1789 diceretur
704 1766 838 1788 omnem
868 1757 1050 1798 potentiam
1077 1756 1237 1797 passivam
1263 1765 1360 1797 repu-

281 1811 382 1844 gnare
413 1802 670 1844 sempiternitati,
693 1811 771 1834 cum
793 1803 1028 1843 sempiternum
1050 1802 1183 1842 proprie
1205 1801 1245 1832 ab
1269 1802 1360 1832 omni

281 1847 464 1879 mutatione
499 1853 650 1888 oporteat
681 1856 750 1878 esse
782 1846 925 1878 alienum
959 1852 1026 1878 tam
1059 1846 1231 1878 intrinsece
1261 1856 1360 1887 quam

282 1892 471 1928 extrinsece.
495 1893 553 1924 ubi
579 1898 690 1924 autem
720 1896 767 1923 est
795 1900 1024 1932 quaecumque
1047 1891 1194 1932 potentia
1222 1891 1358 1932 passiva,

282 1935 365 1969 illud
396 1937 639 1969 transmutabile
671 1937 722 1973 sit,
754 1936 868 1968 saltem
895 1936 935 1966 ab
966 1936 1163 1967 extrinseco:
1188 1953 1209 1958 -
1232 1936 1296 1966 hoc
1319 1935 1360 1966 ad

282 1986 430 2014 mentem
461 1982 568 2014 Sancti
593 1982 743 2013 Thomae
778 1990 847 2012 esse
878 1990 947 2011 non
970 1986 1093 2022 potest:
1128 1989 1204 2011 cum
1234 1986 1360 2011 constet

282 2027 393 2068 ipsum
403 2027 438 2058 in
450 2025 656 2068 praecedenti
667 2025 810 2066 capitulo
822 2025 975 2066 probasse
988 2025 1096 2056 Deum
1107 2030 1276 2056 aeternum
1291 2034 1360 2056 esse

284 2070 326 2102 ad
348 2071 436 2102 hunc
463 2072 573 2103 solum
601 2080 743 2107 sensum,
768 2069 860 2111 quod
885 2079 954 2101 non
980 2070 1077 2101 habet
1107 2070 1305 2110 principium
1328 2075 1360 2100 et

283 2115 385 2147 finem
407 2116 596 2153 durationis,
620 2125 689 2157 quo
712 2114 815 2146 modo
839 2120 871 2146 et
893 2120 1023 2155 tempus
1046 2120 1078 2145 et
1100 2119 1210 2145 motus
1234 2120 1266 2145 et
1288 2123 1360 2145 cor-

283 2169 366 2202 pora
380 2161 530 2192 caelestia
545 2167 674 2192 aeterna
689 2169 759 2191 esse
775 2169 793 2190 a
809 2159 1013 2200 philosophis
1037 2164 1084 2190 est
1107 2159 1267 2200 positum:
1291 2168 1360 2190 non

283 2211 393 2237 autem
417 2212 454 2237 ut
477 2206 584 2237 omnis
607 2205 755 2236 absolute
779 2204 959 2236 excluditur
981 2204 1216 2235 transmutatio.

340 2249 461 2282 Sensus
484 2260 562 2291 ergo
586 2250 807 2281 conclusionis
837 2254 885 2280 est
917 2249 1008 2289 quod
1037 2249 1071 2279 in
1101 2249 1174 2279 Deo
1200 2247 1290 2278 nulla
1313 2253 1360 2278 est

283 2296 432 2336 potentia
454 2294 495 2327 ad
518 2304 588 2327 esse
611 2294 818 2326 substantiale
842 2294 882 2324 ab
906 2299 980 2325 actu
1003 2303 1103 2334 quem
1123 2293 1219 2324 habet
1234 2301 1360 2332 separa-

283 2339 366 2374 bilis.
390 2340 433 2372 Et
455 2345 503 2371 est
525 2339 613 2371 idem
637 2349 673 2370 ac
697 2340 724 2370 si
747 2338 907 2370 diceretur
929 2338 1038 2370 Deum
1053 2347 1120 2369 non
1138 2347 1206 2368 esse
1222 2346 1360 2377 compo—

282 2385 383 2416 situm
399 2394 438 2416 ex
452 2385 586 2416 materia
602 2389 634 2415 et
649 2384 754 2415 forma
775 2393 816 2414 eo
836 2382 938 2414 modo
955 2392 1022 2424 quo
1040 2381 1261 2424 corruptibilia
1276 2391 1360 2422 quae

282 2430 479 2470 sempiterna
494 2439 564 2461 non
579 2434 654 2460 sunt
669 2429 790 2460 habent
812 2428 1088 2468 compositionem
1103 2428 1131 2460 ’ἃ
1155 2427 1198 2458 Et
1217 2426 1258 2458 ad
1272 2427 1360 2458 hunc

283 2484 416 2505 sensum
439 2475 604 2515 probatur.

339 2520 571 2555 Veruntamen,
595 2518 670 2549 licet
692 2518 780 2549 hunc
804 2526 936 2548 sensum
960 2515 1179 2557 principaliter
1205 2515 1360 2552 intendat,

282 2569 392 2595 tamen
408 2564 531 2605 aliquas
547 2563 644 2594 etiam
659 2563 800 2593 rationes
815 2562 973 2592 interserit
988 2561 1107 2602 quibus
1123 2560 1277 2601 probatur
1293 2570 1361 2591 non

283 2609 392 2640 solum
415 2607 507 2650 quod
529 2609 564 2639 in
587 2607 735 2648 potentia
757 2616 825 2637 non
849 2606 899 2642 sit,
923 2605 980 2637 sed
1003 2606 1100 2637 etiam
1124 2604 1215 2646 quod
1238 2605 1271 2635 in
1288 2606 1360 2646 ipso

282 2653 364 2684 nihil
379 2653 419 2684 sit
434 2651 525 2694 quod
540 2653 700 2683 rationem
715 2651 881 2692 potentiae
898 2651 1029 2682 habeat:
1055 2651 1222 2691 quoniam,
1239 2651 1265 2681 si
1280 2650 1360 2681 illud

283 2704 332 2730 est
343 2698 404 2739 (ι),
429 2702 538 2739 aperte
561 2701 688 2728 constat
710 2697 819 2738 ipsum
842 2695 875 2725 in
899 2696 1046 2736 potentia
1068 2704 1137 2726 esse
1161 2704 1228 2725 non
1252 2704 1358 2736 posse.

339 2742 377 2773 Il.
402 2742 514 2773 Prima
537 2751 619 2783 ergo
645 2740 732 2771 ratio
749 2745 798 2771 est
810 2739 900 2771 haec.
924 2740 1014 2771 Deus
1037 2739 1220 2771 secundum
1238 2749 1272 2770 se
1291 2749 1360 2771 non

282 2793 390 2828 potest
412 2796 482 2818 non
505 2796 584 2817 esse.
609 2786 696 2826 Ergo
720 2785 755 2815 in
778 2794 819 2815 eo
842 2793 912 2814 non
935 2790 983 2816 est
1005 2785 1152 2825 potentia
1175 2784 1215 2815 ad
1238 2794 1317 2816 esse.
1337 2802 1361 2806 —

281 2831 488 2863 Antecedens
516 2835 620 2871 patet:
645 2830 722 2870 quia
753 2834 800 2859 est
831 2834 990 2865 aeternus.
1014 2847 1036 2851 -
1059 2830 1218 2861 Probatur
1245 2839 1359 2860 conse-

282 2877 425 2917 quentia.
450 2875 536 2914 Quia
559 2875 592 2905 in
617 2875 709 2905 cuius
733 2873 909 2904 substantia
929 2873 1123 2905 admiscetur
1137 2876 1293 2915 potentia,
1310 2884 1360 2905 se—

282 2920 429 2952 cundum
451 2919 485 2950 id
509 2918 600 2960 quod
622 2919 720 2949 habet
743 2917 783 2949 de
802 2918 948 2958 potentia
963 2923 1071 2959 potest
1086 2929 1156 2950 non
1172 2929 1257 2951 esse:
1283 2920 1360 2960 quia

282 2964 374 3006 quod
396 2969 504 3005 potest
527 2973 607 3000 esse,
630 2968 739 3003 potest
760 2972 828 2993 non
853 2971 932 2993 esse.

337 3008 583 3040 Advertendum
605 3016 666 3048 pro
689 3007 786 3038 huius
809 3007 941 3038 rationis
961 3007 1171 3048 intelligentia
1197 3008 1288 3049 quod
1311 3018 1359 3039 as-

281 3059 451 3094 sumptum
473 3052 515 3084 ad
537 3052 791 3092 consequentiae
813 3052 1042 3092 probationem
1073 3061 1143 3083 non
1172 3053 1360 3094 intelligitur

282 3098 323 3130 de
338 3107 435 3140 posse
450 3107 520 3128 non
535 3106 605 3128 esse
628 3106 686 3137 per
708 3097 889 3137 potentiam
905 3097 1117 3128 extrinsecam
1141 3094 1304 3138 (quamvis
1319 3098 1360 3130 ad

281 3143 371 3174 hunc
386 3151 517 3173 sensum
532 3151 607 3173 vera
627 3139 696 3182 sit):
721 3141 797 3182 quia
819 3151 881 3172 nec
905 3141 1061 3181 accipitur
1079 3151 1148 3173 esse
1163 3143 1197 3174 in
1213 3145 1359 3183 potentia

282 3187 465 3219 secundum
479 3187 661 3228 potentiam
680 3185 901 3217 extrinsecam.
918 3185 982 3217 Sed
1001 3187 1157 3227 accipitur
1175 3197 1271 3229 posse
1289 3198 1358 3220 non

282 3241 352 3262 esse
375 3232 415 3262 ab
438 3231 631 3262 intrinseco:
656 3231 732 3271 quia
759 3229 909 3261 videlicet
937 3230 1034 3261 habet
1063 3231 1098 3262 in
1128 3241 1162 3263 se
1191 3232 1278 3264 unde
1302 3233 1359 3264 ali-

282 3275 416 3317 quando
439 3275 577 3312 deficiat,
601 3281 639 3306 ut
660 3276 695 3306 in
717 3275 814 3306 rebus
837 3275 1100 3315 corruptibilibus
1123 3277 1250 3309 accidit.

338 3320 429 3352 Patet
452 3326 562 3352 autem
584 3321 649 3351 hoc
673 3329 711 3350 ex
733 3320 927 3360 probatione
950 3320 1178 3352 antecedentis.
1201 3322 1359 3353 Probatur

283 3365 372 3396 enim
395 3365 504 3396 Deum
526 3375 596 3396 non
625 3374 722 3406 posse
752 3374 822 3395 non
852 3374 920 3396 esse
952 3365 1029 3405 quia
1059 3371 1107 3396 est
1132 3368 1357 3408 sempiternus.

283 3409 488 3450 sempiterno
512 3415 632 3447 autem,
656 3410 740 3440 sicut
771 3409 872 3446 caelo,
897 3410 1051 3440 convenit
1079 3420 1148 3443 non
1171 3421 1268 3452 posse
1290 3421 1359 3442 non

283 3463 352 3485 esse
368 3454 407 3485 ab
424 3455 610 3492 intrinseco,
622 3454 699 3486 licet
713 3455 753 3485 ab
770 3455 948 3485 extrinseco
965 3456 1068 3495 possit
1082 3465 1151 3487 non
1168 3465 1246 3487 esse.
1263 3456 1359 3487 Unde

338 3567 379 3602 (1)
397 3569 421 3594 si
439 3569 506 3594 illud
523 3573 571 3594 est.
589 3583 608 3588 —
626 3570 667 3594 An
686 3569 884 3594 homoteleuton
910 3569 1038 3599 exciderit,
1063 3569 1099 3595 ita
1127 3570 1199 3602 quod
1227 3574 1360 3602 oporteret

283 3603 350 3636 legi:
369 3604 393 3630 si
411 3605 480 3629 mua!
497 3608 537 3630 est
554 3605 627 3637 quod
646 3612 698 3636 per
715 3612 744 3630 se
763 3612 867 3630 necesse
884 3608 932 3635 est,
952 3605 993 3630 vel
1018 3605 1115 3638 aliquid
1134 3604 1234 3630 simile?
1260 3605 1299 3630 Cf.
1318 3613 1360 3629 ra-

284 3639 383 3664 tionem
401 3641 504 3665 tertiam
522 3640 549 3665 in
567 3640 662 3668 littera.

1471 1042 1562 1073 Patet
1577 1044 1674 1074 etiam
1690 1053 1729 1074 ex
1744 1051 1910 1085 assumpto
1926 1045 1966 1076 ad
1981 1047 2208 1086 probationem
2224 1049 2486 1088 consequentiae.

1417 1085 1459 1116 Et
1473 1092 1522 1117 est
1536 1088 1718 1128 propositio
1730 1098 1804 1119 vera
1819 1090 1846 1120 si
1861 1089 1901 1120 ad
1916 1099 2047 1122 sensum
2063 1092 2281 1123 conclusionis
2297 1093 2485 1133 accipiatur:

1416 1130 1451 1160 in
1474 1131 1537 1161 alio
1561 1138 1670 1163 autem
1686 1142 1783 1164 sensu
1799 1139 1881 1164 esset
1901 1133 1989 1165 falsa.
2014 1136 2098 1167 Nam
2112 1137 2147 1168 in
2162 1137 2337 1168 substantia
2353 1138 2486 1168 alicuius

1415 1176 1595 1215 potentiam
1619 1177 1786 1208 admisceri
1801 1184 1910 1218 potest
1924 1179 2095 1220 dupliciter
2114 1181 2258 1222 intelligi.
2283 1182 2358 1213 Uno
2373 1182 2485 1218 modo,

1417 1220 1494 1260 quia
1516 1221 1612 1252 habet
1627 1222 1661 1252 in
1677 1231 1711 1253 se
1726 1222 1834 1262 plures
1856 1229 1972 1264 partes,
1989 1234 2127 1266 quarum
2150 1236 2215 1257 una
2230 1226 2271 1257 ad
2286 1227 2381 1258 aliam
2396 1236 2486 1258 com-

1416 1270 1545 1304 paratur
1567 1266 1650 1297 sicut
1673 1268 1818 1307 potentia
1841 1268 1882 1300 ad
1904 1275 2013 1301 actum
2037 1276 2069 1301 et
2091 1271 2174 1302 sicut
2200 1273 2419 1313 susceptivum
2447 1271 2487 1303 ad

1417 1307 1566 1347 formam,
1591 1310 1665 1342 licet
1689 1312 1727 1342 ab
1752 1317 1825 1343 actu
1841 1315 1980 1354 separari
2001 1324 2069 1345 non
2092 1316 2194 1355 possit
2210 1322 2368 1356 quantum
2385 1322 2431 1348 est
2447 1327 2486 1348 ex

1416 1363 1461 1384 se.
1477 1354 1553 1385 Alio
1568 1356 1681 1392 modo,
1694 1357 1771 1397 quia
1786 1357 1819 1387 in
1835 1367 1869 1388 se
1883 1359 1980 1389 habet
1994 1365 2118 1399 partem
2134 1361 2344 1401 potentialem
2360 1363 2399 1392 ab
2412 1367 2486 1393 actu

1416 1399 1627 1439 separabilem
1650 1400 1831 1432 secundum
1847 1412 1891 1439 se,
1908 1412 1949 1433 eo
1966 1403 2056 1444 quod
2072 1404 2199 1435 alterius
2215 1411 2304 1436 actus
2320 1407 2360 1437 sit
2379 1415 2485 1437 susce-

1416 1444 1513 1483 ptiva.
1530 1443 1594 1476 Cui
1610 1445 1716 1485 primo
1731 1446 1833 1477 modo
1846 1446 2039 1479 admiscetur
2050 1450 2206 1488 potentia,
2217 1460 2286 1481 non
2298 1457 2345 1482 est
2355 1460 2485 1482 necesse

1417 1493 1454 1518 ut
1475 1489 1578 1528 possit
1600 1490 1640 1520 ab
1663 1490 1837 1521 intrinseco
1858 1501 1927 1522 non
1943 1502 2022 1529 esse,
2038 1498 2075 1523 ut
2091 1493 2124 1523 in
2140 1495 2329 1534 corporibus
2345 1496 2487 1526 caelesti-

1416 1532 1487 1583 b.⁰⁵’
1511 1533 1692 1565 secundum
1715 1541 1875 1575 ponentes
1898 1546 1936 1567 ea
1959 1546 1998 1567 ex
2021 1538 2153 1568 materia
2169 1544 2200 1568 et
2223 1538 2327 1570 forma
2350 1548 2486 1580 compo-

1416 1582 1485 1613 srta,
1501 1582 1539 1608 ut
1553 1584 1662 1618 aperte
1678 1586 1819 1610 constat:
1844 1586 1891 1611 est
1914 1581 2001 1612 enim
2017 1581 2051 1612 in
2066 1582 2143 1622 ipsis
2160 1583 2315 1623 potentia,
2332 1589 2364 1614 et
2378 1589 2486 1615 tamen

1416 1627 1492 1652 sunt
1514 1622 1779 1663 incorruptibilia.
1803 1624 1867 1655 Sed
1890 1625 1943 1655 cui
1966 1625 2160 1657 admiscetur
2181 1629 2326 1667 potentia
2341 1628 2485 1660 secundo

1416 1666 1518 1697 modo
1535 1666 1582 1707 (in
1595 1677 1663 1708 quo
1674 1677 1771 1699 sensu
1787 1669 1973 1709 intelligitur
1989 1670 2182 1711 conclusio),
2195 1677 2303 1712 potest
2314 1672 2487 1713 aliquando

1414 1721 1485 1742 non
1508 1721 1587 1742 esse.
1611 1712 1696 1743 Nam
1719 1713 1745 1743 si
1768 1713 1821 1744 illa
1841 1714 1986 1754 potentia
2001 1720 2108 1755 potest
2123 1716 2162 1747 ab
2179 1721 2253 1747 actu
2267 1718 2416 1758 separari,
2432 1718 2487 1748 ha-

1416 1756 1496 1787 bens
1511 1756 1609 1787 talem
1623 1757 1804 1797 potentiam
1827 1763 1934 1798 potest
1949 1768 2017 1789 non
2033 1769 2117 1791 esse:
2141 1761 2233 1798 sicut,
2258 1763 2334 1802 quia
2356 1762 2488 1793 materia

1416 1800 1518 1832 Sortis
1540 1806 1648 1842 potest
1671 1802 1767 1833 aliam
1790 1802 1929 1834 formam
1956 1804 2099 1844 recipere
2123 1810 2155 1836 et
2176 1806 2222 1836 sic
2252 1816 2358 1838 carere
2385 1806 2488 1838 forma

1417 1854 1516 1886 quam
1539 1846 1646 1882 habet,
1670 1851 1778 1887 potest
1800 1856 1869 1878 non
1893 1857 1961 1879 esse
1985 1847 2103 1879 Sortes.

1471 1889 1571 1921 Addit
1594 1896 1703 1922 autem
1726 1891 1862 1923 Sanctus
1878 1892 2033 1929 Thomas
2049 1894 2224 1924 secundum
2242 1894 2276 1925 id
2290 1895 2377 1936 quod
2395 1895 2488 1925 habet

1416 1934 1456 1965 de
1464 1935 1615 1975 potentia
1624 1940 1734 1976 potest
1749 1945 1814 1967 non
1831 1946 1908 1967 esse.
1927 1937 2015 1968 Tum
2031 1939 2117 1978 quia,
2130 1939 2156 1968 si
2171 1938 2293 1979 aliquid
2308 1944 2434 1970 constet
2449 1948 2487 1969 ex

1415 1979 1562 2020 potentia
1577 1985 1610 2010 et
1624 1985 1708 2017 actu,
1726 1990 1822 2021 posse
1845 1991 1913 2011 non
1937 1990 2006 2013 esse
2025 1991 2093 2013 non
2117 1983 2270 2014 convenit
2289 1984 2348 2014 sibi
2363 1984 2487 2014 ratione

1416 2029 1506 2054 actus
1530 2033 1629 2064 quem
1653 2024 1759 2062 habet,
1775 2024 1832 2056 sed
1854 2026 1978 2057 ratione
2005 2027 2180 2066 potentiae,
2197 2037 2280 2068 quae
2297 2033 2344 2059 est
2359 2028 2487 2058 alterius

1416 2067 1540 2099 formae
1555 2069 1727 2109 receptiva.
1743 2087 1766 2092 —
1782 2069 1870 2100 Tum
1886 2070 1973 2110 quia,
1989 2070 2016 2101 si
2031 2071 2146 2102 habeat
2161 2072 2340 2112 potentiam
2355 2071 2396 2103 ad
2419 2081 2486 2102 esse

1415 2113 1633 2150 substantiale,
1645 2119 1754 2154 potest
1768 2123 1836 2144 non
1847 2123 1916 2145 esse
1932 2115 2190 2147 substantialiter:
2208 2117 2234 2147 si
2250 2121 2359 2147 autem
2371 2117 2486 2148 habeat

1416 2158 1596 2198 potentiam
1611 2157 1652 2188 ad
1667 2157 1801 2198 aliquod
1813 2168 1881 2189 esse
1898 2159 2105 2197 accidentale,
2117 2166 2225 2200 potest
2239 2170 2307 2191 non
2320 2171 2389 2192 esse
2403 2161 2486 2191 acci-

1416 2201 1594 2238 dentaliter,
1610 2208 1690 2243 puta
1705 2203 1886 2234 album-aut
1900 2204 2029 2244 nigrum
2051 2210 2082 2235 et
2105 2205 2233 2241 similia;
2258 2211 2300 2241 et,
2324 2206 2487 2236 universa-

1415 2246 1487 2277 liter
1502 2246 1681 2287 loquendo,
1697 2252 1805 2287 potest
1819 2257 1888 2278 non
1901 2257 1969 2278 esse
1981 2248 2062 2279 illud
2073 2248 2113 2279 ad
2125 2248 2216 2289 quod
2228 2255 2275 2279 est
2285 2250 2320 2280 in
2330 2249 2486 2290 potentia.

1472 2290 1524 2321 111.
1549 2291 1707 2322 Secundo.
1737 2292 1826 2322 Deus
1848 2302 1917 2323 non
1940 2293 2036 2323 habet
2058 2293 2180 2333 aliquid
2203 2294 2291 2334 prius
2323 2303 2367 2324 se.
2400 2294 2486 2334 Ergo

1416 2344 1485 2366 non
1502 2340 1550 2366 est
1564 2336 1598 2366 in
1613 2336 1769 2376 potentia.
1791 2354 1815 2358 —
1837 2336 2041 2368 Antecedens
2064 2343 2167 2378 patet:
2192 2339 2268 2378 quia
2284 2343 2332 2369 est
2346 2339 2487 2378 primurn

1417 2389 1474 2410 ens
1490 2385 1522 2411 et
1537 2381 1642 2420 prima
1665 2390 1770 2412 causa.
1793 2399 1816 2403 —
1839 2380 2082 2422 Consequentia
2105 2383 2267 2422 probatur.
2292 2382 2378 2421 Quia
2398 2388 2487 2413 actus

1417 2430 1465 2455 est
1480 2425 1668 2466 simpliciter
1678 2426 1767 2466 prior
1778 2426 1932 2465 potentia,
1946 2426 2022 2457 licet
2037 2427 2070 2457 in
2083 2436 2150 2458 uno
2167 2433 2199 2457 et
2215 2426 2332 2458 eodem
2342 2428 2488 2467 potentia

1417 2469 1457 2500 sit
1479 2475 1627 2510 tempore
1650 2471 1739 2510 prior
1766 2475 1857 2501 actu:
1882 2470 1972 2510 quod
2003 2472 2090 2502 enim
2120 2477 2167 2502 est
2190 2472 2223 2502 in
2251 2472 2396 2512 potentia
2419 2481 2487 2502 non

1417 2513 1565 2545 educitur
1580 2515 1614 2545 in
1630 2520 1739 2545 actum
1754 2515 1816 2544 nisi
1830 2524 1888 2555 per
1904 2515 2036 2555 aliquod
2057 2525 2113 2546 ens
2134 2521 2217 2546 actu.
2239 2516 2336 2556 Ergo,
2353 2517 2379 2546 si
2398 2516 2486 2546 Deus

1417 2559 1513 2590 fuerit
1528 2559 1561 2589 in
1578 2560 1734 2599 potentia,
1752 2559 1811 2589 erit
1826 2559 1959 2600 aliquod
1980 2570 2036 2590 ens
2052 2566 2125 2590 actu
2141 2561 2230 2601 prius
2247 2570 2296 2591 eo.
2322 2561 2408 2600 Ergo
2425 2566 2484 2590 etc.

1472 2603 1525 2634 Ad
1541 2603 1735 2634 evidentiam
1750 2604 1846 2634 huius
1862 2605 1993 2634 rationis
2011 2604 2191 2635 notandum
2208 2610 2255 2635 est
2274 2604 2363 2645 quod
2379 2610 2485 2635 actum

1417 2658 1484 2679 esse
1506 2648 1695 2689 simpliciter
1718 2648 1867 2688 priorem
1891 2649 2041 2688 potentia
2072 2648 2241 2688 dupliciter
2263 2655 2370 2689 potest
2393 2650 2485 2680 intel-

1416 2693 1487 2733 ligi:
1521 2702 1588 2724 uno
1619 2693 1736 2729 modo,
1763 2693 1927 2732 prioritate
1958 2698 2088 2724 naturae
2120 2699 2152 2723 et
2182 2694 2389 2730 causalitatis;
2421 2694 2484 2724 alio

1414 2737 1528 2775 modo,
1552 2737 1715 2778 prioritate
1738 2737 1925 2768 durationis.
1949 2737 1991 2767 Et
2010 2737 2085 2768 licet
2100 2743 2239 2777 utroque
2255 2738 2356 2769 modo
2372 2748 2485 2769 verum

1416 2783 1465 2818 sit,
1489 2788 1526 2813 ut
1557 2787 1644 2822 patet
1674 2792 1712 2813 ex
1741 2782 1923 2818 Aristotele,
1948 2781 1991 2812 IX
2015 2782 2156 2821 Metaph.
2174 2783 2200 2818 ’ἢ
2225 2788 2256 2812 et
2279 2792 2317 2813 ex
2340 2782 2484 2813 doctrina

1416 2827 1524 2859 Sancti
1541 2827 1689 2857 Thomae
1705 2826 1825 2857 ibidem
1841 2832 1872 2857 et
1892 2827 1964 2857 lect.
1977 2836 2008 2865 7,
2026 2832 2057 2857 et
2072 2827 2154 2862 Pot„
2172 2835 2203 2867 q.
2215 2836 2268 2863 vn,
2286 2837 2313 2857 a.
2333 2835 2359 2863 1,
2376 2833 2483 2858 tamen

1416 2873 1506 2903 aliter
1529 2878 1561 2902 et
1584 2872 1674 2902 aliter
1697 2877 1744 2902 est
1766 2881 1888 2902 verum.

1471 2917 1555 2947 Nam
1578 2917 1605 2947 si
1627 2916 1800 2956 loquamur
1823 2916 1862 2946 de
1885 2915 2048 2956 prioritate
2071 2920 2202 2946 naturae
2226 2921 2257 2946 et
2284 2915 2482 2951 causalitatis,

1416 2962 1461 2992 sic
1485 2967 1532 2992 est
1552 2971 1665 2992 verum
1681 2961 1842 2991 absolute:
1868 2966 1899 2990 et
1915 2960 1955 2990 de
1971 2969 2022 2996 eo,
2038 2960 2183 3000 inquam,
2201 2959 2290 3000 quod
2305 2961 2482 2990 successive

1416 3006 1615 3047 producitur,
1641 3011 1672 3036 et
1696 3005 1735 3036 de
1759 3015 1798 3035 eo
1823 3004 1913 3045 quod
1935 3004 2125 3044 producitur
2147 3005 2181 3034 in
2204 3005 2343 3035 instanti.

1473 3051 1506 3081 Si
1529 3061 1606 3081 vero
1630 3051 1803 3090 loquamur
1826 3049 1865 3080 de
1889 3049 2051 3089 prioritate
2075 3048 2261 3085 durationis,
2277 3049 2322 3079 sic
2345 3058 2413 3079 non
2437 3054 2483 3079 est

1415 3096 1635 3126 universaliter
1657 3104 1779 3130 verum,
1804 3093 1860 3124 sed
1890 3093 2014 3124 duabus
2038 3102 2121 3133 opus
2151 3098 2199 3123 est
2228 3093 2480 3124 limitationibus.

1415 3140 1522 3170 Prima
1538 3146 1594 3176 est,
1612 3139 1742 3170 utillud
1758 3138 1846 3179 quod
1862 3143 1909 3169 est
1924 3138 1957 3168 in
1972 3138 2117 3178 potentia
2139 3137 2310 3168 reducatur
2324 3138 2358 3168 in
2374 3142 2481 3168 actum

1415 3195 1473 3225 per
1488 3183 1702 3216 successivam
1717 3183 2026 3214 transmutationem.
2043 3181 2201 3217 Secunda,
2218 3187 2254 3211 ut
2269 3182 2322 3212 illa
2337 3183 2482 3222 potentia

1415 3230 1455 3260 sit
1466 3230 1611 3270 potentia
1623 3229 1779 3269 proxima,
1791 3237 1873 3268 quae
1885 3228 1918 3258 in
1931 3233 2038 3257 actum
2050 3226 2159 3257 reduci
2171 3227 2272 3266 possit
2283 3236 2341 3267 per
2352 3227 2482 3257 unicam

1411 3275 1730 3305 transmutationem:
1754 3283 1823 3304 non
1846 3278 1955 3302 autem
1982 3271 2127 3311 potentia
2148 3276 2281 3302 remota.
2305 3271 2396 3301 Patet
2417 3271 2481 3302 hoc

1415 3329 1454 3350 ex
1484 3318 1665 3353 Aristotele,
1698 3318 1740 3348 lX
1771 3317 1925 3357 Metaph„
1949 3321 2024 3346 text.
2053 3323 2105 3351 12,
2130 3320 2161 3345 et
2191 3314 2309 3346 Sancto
2340 3315 2480 3351 Thoma,

1415 3364 1487 3394 lect.
1509 3364 1528 3394 6
1542 3364 1568 3399 “,
1596 3362 1776 3393 declarante
1799 3360 1968 3402 quomodo
1993 3359 2113 3400 aliquid
2136 3358 2258 3390 dicatur
2281 3360 2315 3390 in
2336 3360 2481 3400 potentia

1415 3407 1455 3438 ad
1479 3414 1597 3439 actum.
1628 3407 1762 3448 Propter
1795 3405 1956 3436 defectum
1985 3405 2095 3444 primi,
2118 3413 2187 3434 non
2215 3408 2262 3434 est
2290 3413 2422 3435 necesse
2445 3410 2482 3435 ut

1414 3452 1666 3483 illuminativum
1681 3450 1851 3491 praecedat
1865 3456 2011 3489 tempore
2028 3448 2253 3479 illuminabile:
2272 3449 2347 3488 quia
2362 3448 2481 3479 illumi-

1414 3499 1503 3528 natio
1526 3507 1595 3528 non
1619 3501 1666 3526 est
1687 3496 1823 3526 mutatio
1839 3494 2026 3528 successiva,
2043 3492 2099 3523 sed
2114 3493 2323 3523 instantanea.
2346 3492 2482 3533 Propter

1415 3542 1578 3574 defectum
1602 3540 1745 3576 secundi,
1768 3549 1836 3570 non
1859 3544 1906 3569 est
1928 3547 2058 3568 necesse
2082 3543 2118 3567 ut
2146 3547 2202 3567 ens
2229 3538 2263 3567 in
2290 3543 2364 3568 actu
2390 3544 2481 3577 prae-

1415 3587 1507 3618 cedat
1523 3586 1691 3617 duratione
1706 3585 1871 3615 materiam
1888 3583 2040 3622 primam:
2067 3582 2152 3622 quia,
2170 3582 2244 3612 licet
2264 3582 2304 3612 sit
2326 3583 2480 3622 potentia,

1414 3641 1482 3662 non
1511 3636 1557 3661 est
1580 3636 1688 3660 tamen
1713 3629 1856 3669 potentia
1879 3627 2034 3667 proxima,
2059 3625 2115 3657 sed
2138 3631 2271 3657 remota.

2512 2783 2520 2790 “
2532 2781 2660 2807 S.Th.1.8;
2669 2781 2721 2803 Did.

2510 2807 2573 2833 vm,
2585 2814 2636 2830 vin.

2507 3357 2519 3404 ἑ
2533 3345 2588 3411 lgid,v
2602 3356 2664 3384 vm,
2680 3363 2723 3385 vn,
