2756 4322
74 337 184 369 38rbi.

0 1028 22 1318 WW-”vo
0 982 6 1018 *v*
4 960 13 966 -.
0 911 2 913 ’

0 3091 27 3161 {Ei

0 3171 21 3252 Ῐξ

0 3254 9 3313 ς,

0 3314 10 3378 ὲ

0 3380 10 3450 Ξ

0 3533 9 3610 ἒ

0 3633 6 3674 θ

61 4052 96 4075 lb.
112 4053 126 4074 b
139 4061 158 4075 ι.

57 2868 90 2900 3⁸
99 2875 114 2891 v
126 2875 142 2892 ⁸
154 2875 218 2898 14-9-
227 2875 278 2899 359-

1297 164 1561 204 APPENDIX

321 236 512 277 Specierum
529 260 537 268 .
552 260 560 268 .
574 261 582 268 .
600 237 811 270 distinctivus.
828 242 846 279 §
866 240 992 272 Adhuc.
1012 241 1098 273 Cum
1116 244 1248 275 materia
1261 267 1270 275 .
1284 268 1291 275 .
1307 268 1314 275 .
1331 255 1398 276 non

321 288 524 319 conveniunt
539 289 571 319 in
589 291 731 321 materia.
749 291 825 322 Non
842 298 890 323 est
905 293 1001 333 igitur
1017 295 1169 334 possibile
1186 295 1276 335 quod
1293 306 1399 327 rerum

321 342 460 374 productio
481 339 673 380 (distinctio)
690 343 731 373 sit
747 353 765 373 a
781 353 868 374 casu.
885 345 902 361 ⁴*
917 345 935 383 §
951 345 1042 375 Item.
1060 345 1166 376 Causa
1183 356 1240 387 per
1263 357 1296 378 se
1313 348 1400 388 prior

321 397 369 421 est
393 400 430 422 ea
455 401 538 432 quae
556 399 603 424 est
619 403 676 434 per
693 395 853 426 accidens.
873 400 1062 426 Inconveniens
1086 401 1172 435 igitur
1194 405 1235 427 est
1253 399 1286 430 Si
1302 400 1400 440 igitur

320 444 500 482 posteriora
532 446 594 476 sint
617 457 669 482 per
686 457 715 475 se
733 457 750 477 a
775 457 871 478 causa
896 458 953 489 per
982 459 1016 480 se
1041 449 1261 488 determinata,
1285 452 1399 482 incon-
1423 468 1430 485 ς

320 495 453 526 veniens
478 502 526 527 est
549 497 656 528 dicere
680 499 786 539 priora
812 509 881 530 esse
898 510 914 530 a
935 510 1030 532 causa
1055 511 1112 542 per
1135 501 1285 533 accidens
1309 503 1399 533 inde-

320 547 500 578 terminata.
534 548 707 579 Distinctio
740 557 847 582 autem
880 562 987 583 rerum
1019 553 1180 593 praecedit
1212 554 1399 591 naturaliter

319 607 422 627 motum
442 607 468 628 et
486 603 667 637 operationem
688 607 798 632 motus
822 609 853 633 et
873 605 1079 644 operationes
1097 614 1213 635 rerum.
1239 606 1398 636 Determi—

317 651 385 680 nati
410 652 498 682 enim
522 658 632 682 motus
650 677 656 682 .
673 677 679 682 .
696 677 702 683 .
720 653 976 685 indeterminata.
1002 657 1020 694 ξ
1036 657 1197 697 Amplius.
1216 656 1398 687 Cuiuslibet

317 702 363 733 rei
386 703 594 742 procedentis
619 705 657 733 ab
682 710 797 744 agente
822 715 879 745 per
902 706 1103 737 intellectum
1135 713 1166 738 et
1196 708 1397 738 voluntatem

317 754 422 785 forma
448 762 496 786 est
519 756 558 786 ab
583 763 698 796 agente
719 762 785 786 indu
805 759 927 789 intenta
948 763 996 788 nisi
1021 764 1078 789 talis
1103 764 1186 789 forma
1210 770 1338 797 sequatur
1355 765 1397 789 vel

317 818 348 836 ex
367 811 470 837 defectu
490 812 592 837 virtutis
607 814 707 846 agentis
726 813 776 847 (ex
793 822 846 847 quo
864 815 1010 850 contingit)
1023 817 1068 849 qui
1088 825 1139 841 non
1156 821 1242 849 potest
1255 817 1397 849 perducere

316 863 349 888 ad
363 863 509 897 perfectum
523 872 598 889 suam
618 865 798 898 intentionem,
818 867 858 891 vel
880 875 910 892 ex
930 867 1032 892 defectu
1053 868 1228 899 instrumenti,
1248 869 1289 894 vel
1309 876 1339 894 ex
1359 869 1397 893 in-

315 917 489 950 dispositione
514 918 645 946 materiae,
675 919 715 943 vel
744 926 774 943 ex
799 919 837 944 ali
861 927 989 945 concursu
1009 920 1116 945 alicuius
1135 920 1269 945 exterioris
1288 921 1397 954 agentis,

316 969 360 1002 qui
387 969 497 1002 impedit
529 969 659 995 actionem
690 970 839 1003 principalis
862 972 970 1004 agentis.
999 971 1038 996 his
1064 971 1134 996 enim
1160 972 1245 996 modis
1271 973 1398 1007 contingit

320 1017 393 1050 quod
418 1016 502 1042 forma
527 1017 624 1042 intenta
647 1017 679 1042 ab
704 1023 796 1050 agente
816 1026 868 1043 non
887 1018 1024 1043 inducatur
1043 1019 1068 1043 in
1089 1019 1220 1044 effectum.
1245 1015 1315 1056 Ipsa
1339 1025 1395 1046 au-

314 1071 381 1096 tem
418 1066 606 1096 universitas
642 1073 858 1097 creaturarum
896 1074 936 1097 est
959 1067 1066 1098 Deum
1107 1068 1202 1098 habet
1241 1073 1396 1103 actorem,

314 1126 344 1146 ut
361 1129 441 1155 supra
460 1127 597 1147 ostensum
617 1126 671 1146 est:
690 1122 747 1155 ipse
765 1122 842 1148 etiam
862 1128 902 1148 est
921 1119 992 1160 (qui
1009 1118 1068 1161 est)
1092 1129 1189 1160 agens
1206 1129 1264 1160 per
1279 1120 1395 1150 volun-

314 1175 414 1201 tatem
438 1176 469 1200 et
493 1170 704 1207 intellectum,
731 1177 765 1202 ut
790 1182 826 1202 ex
853 1172 1034 1212 praemissis
1063 1177 1158 1213 patet.
1187 1172 1257 1202 Nec
1281 1173 1312 1202 in
1334 1173 1395 1202 vir-

313 1226 383 1252 tute
407 1231 464 1252 sua
489 1220 635 1252 defectus
659 1222 775 1263 aliquis
800 1233 868 1253 esse
893 1229 1000 1264 potest
1024 1233 1052 1253 ut
1071 1229 1148 1252 etiam
1164 1235 1243 1260 supra
1256 1227 1395 1261 probatum
1438 1233 1443 1238 ·

313 1281 362 1302 est.
383 1276 437 1302 Nec
455 1284 502 1310 per
521 1277 749 1310 indispositionem
769 1278 892 1303 materiae
911 1286 958 1303 sua
978 1279 1045 1304 actio
1064 1278 1213 1312 impeditur,
1233 1286 1292 1303 cum
1313 1283 1394 1303 mate—

311 1327 378 1365 riam
398 1328 492 1362 iqrsua
509 1329 611 1354 actione
630 1336 682 1353 non
703 1335 907 1363 praesupponat,
922 1330 969 1354 sed
982 1330 1061 1354 simul
1080 1331 1187 1354 materia
1201 1335 1226 1354 et
1239 1329 1323 1354 forma
1335 1337 1394 1362 pro-

279 1370 431 1411 fducatur,
445 1385 472 1405 ut
485 1388 566 1414 supra
578 1385 717 1405 ostensum
731 1385 781 1407 est.
800 1381 853 1406 Nec
867 1381 945 1406 etiam
959 1382 1163 1411 instrumentum
1183 1381 1223 1406 vel
1237 1380 1394 1405 contrarium

310 1438 394 1464 agens
411 1431 512 1463 accipit
529 1431 609 1464 accipi
630 1436 717 1464 potest
735 1433 808 1465 quod
833 1440 887 1457 non
906 1432 940 1456 sit
965 1432 998 1457 de
1021 1432 1190 1457 universitate
1209 1436 1395 1456 creaturarum,

310 1487 373 1505 cum
392 1487 473 1505 omne
491 1480 569 1505 aliud
581 1488 629 1505 ens
641 1480 676 1505 ab
689 1480 758 1505 aliud
771 1480 803 1505 ab
817 1488 850 1505 eo
863 1481 904 1511 sit,
918 1486 946 1506 ut
959 1488 1040 1514 supra
1053 1479 1193 1517 probatum
1212 1484 1255 1504 est
1279 1474 1330 1516 (ut
1349 1475 1394 1505 Sic

309 1525 442 1558 deficiat
465 1537 483 1556 a
507 1537 564 1557 sua
593 1528 786 1563 intentione,
815 1537 890 1558 cum
919 1537 976 1558 sua
1008 1529 1108 1558 virtus
1131 1528 1171 1557 sit
1197 1525 1334 1560 infinita,
1361 1532 1395 1556 ut

310 1587 409 1619 supra
440 1583 610 1609 ostensum
646 1579 719 1617 est.)
755 1578 895 1619 Oportet
931 1579 1027 1618 igitur
1048 1603 1054 1608 .
1071 1602 1076 1608 .
1094 1603 1100 1608 .
1118 1587 1227 1608 rerum
1258 1587 1275 1607 a
1306 1586 1392 1607 casu.

308 1629 330 1669 ξ
344 1629 473 1660 Adhuc.
491 1630 525 1661 Id
543 1630 635 1670 quod
651 1635 699 1660 est
715 1631 840 1661 b‘onum
862 1636 894 1660 et
909 1631 1072 1670 optimum
1092 1634 1201 1668 effen-tm
1218 1634 1251 1664 in
1277 1631 1393 1662 effectu

309 1686 359 1712 est
377 1680 452 1712 finis
468 1681 696 1721 productionis
713 1681 823 1721 ipsiu's.
851 1684 928 1715 Quod
948 1686 1008 1711 licet
1027 1687 1060 1711 sit
1073 1694 1165 1712 verum
1180 1688 1257 1713 etiam
1271 1688 1296 1712 in
1314 1688 1394 1713 rebus

281 1759 285 1762 .
310 1736 481 1766 naturalibus,
500 1742 589 1762 tamen
618 1736 864 1762 manifestissimum
889 1743 930 1762 est
953 1737 978 1762 in
998 1739 1136 1771 agentibus
1156 1747 1203 1772 per
1223 1741 1395 1765 voluntatem.

309 1782 375 1815 Sed
390 1784 517 1814 bonum
531 1790 562 1815 et
575 1785 739 1824 optimum
753 1785 894 1816 universi
911 1787 1059 1816 consistit
1076 1787 1107 1817 in
1127 1786 1241 1818 ordine
1254 1788 1394 1828 partium

309 1835 380 1867 eius
408 1835 449 1865 ad
473 1836 624 1870 invicem,
655 1837 710 1876 qui
744 1837 812 1866 sinc
845 1836 1055 1868 distinctione
1088 1848 1156 1868 esse
1188 1848 1255 1868 non
1287 1845 1395 1879 potest

310 1890 362 1916 Eu·
379 1890 466 1924 igitur
483 1896 542 1927 per
566 1887 654 1917 hunc
679 1888 766 1918 enirn
784 1887 933 1918 ordinem
960 1889 1148 1920 universum
1173 1890 1205 1920 in
1230 1900 1287 1920 sua
1311 1896 1393 1920 tota-

308 1937 397 1969 litate
413 1939 634 1974 constituitur,
652 1947 736 1978 quae
755 1944 803 1968 est
819 1940 983 1979 optimum
1001 1940 1112 1980 ipsius.
1131 1940 1202 1980 lpse
1226 1942 1324 1981 igitur
1342 1965 1348 1971 .
1364 1965 1370 1971 .
1386 1965 1392 1971 .

295 2001 327 2023 ,a
343 2000 430 2021 casu.
456 1992 474 2029 §
490 1990 585 2020 Hanc
605 1995 715 2020 autem
741 1990 907 2020 veritatem
923 2014 930 2020 .
945 2014 972 2020 ..
1003 1997 1038 2021 ut
1062 2001 1129 2022 non
1154 1991 1261 2022 solum
1286 2002 1393 2023 rerum

309 2042 440 2078 creatio,
455 2041 511 2072 sed
528 2042 626 2072 etiam
643 2050 751 2071 rerum
765 2041 930 2072 distinctio
951 2047 985 2071 ab
1004 2047 1062 2078 ipso
1082 2053 1099 2072 a
1116 2043 1188 2073 Deo
1203 2053 1272 2074 esse
1285 2049 1393 2074 osten-

307 2094 412 2129 datur,
433 2105 449 2130 q
467 2103 536 2124 non
553 2103 571 2123 a
588 2102 676 2129 casu,
689 2092 746 2123 sed
764 2094 855 2133 quasi
870 2093 994 2124 bonum
1013 2100 1044 2124 et
1061 2095 1223 2134 optimum
1242 2096 1392 2126 universi.

308 2145 403 2178 Unde
419 2144 624 2176 subditur...
639 2144 731 2175 valde
747 2145 843 2175 bona.
867 2146 886 2184 ἓ
901 2145 961 2175 Per
984 2146 1063 2176 haec
1087 2151 1196 2176 autem
1215 2146 1395 2177 excluditur

307 2199 325 2216 θ
337 2197 452 2238 opinio
525 2196 661 2227 fortuitu
678 2203 782 2227 motu.
796 2196 949 2228 Similiter
966 2198 1062 2228 etiam
1079 2197 1259 2228 excluditur
1279 2199 1392 2239 opinio

307 2249 478 2280 democriti
492 2254 524 2279 et
534 2248 677 2289 leucippi
692 2249 886 2289 ponentium
899 2248 1023 2279 infinita
1037 2250 1193 2290 principia
1207 2251 1392 2287 materialia,

307 2302 430 2333 scilicet
448 2306 560 2331 athoma
578 2300 783 2331 indivisibilia
800 2310 938 2341 corpora
955 2301 1100 2332 eiusdem
1117 2307 1250 2332 naturae
1263 2301 1319 2332 sed
1332 2302 1392 2333 dif-

306 2353 442 2384 ferentia
461 2356 545 2389 figura
566 2350 704 2392 (figuris)
721 2351 836 2382 ordine
853 2359 885 2382 et
901 2353 1075 2392 positione,
1094 2362 1130 2383 ex
1145 2362 1287 2392 quorum
1301 2357 1393 2391 fortun·

311 2414 485 2445 concursu,
499 2413 600 2444 quern
613 2403 785 2444 oportebat
793 2413 862 2434 esse
872 2402 1053 2439 fortuitum,
1064 2413 1140 2434 cum
1153 2413 1283 2435 causam
1294 2415 1391 2445 agen-

306 2463 374 2488 tem
390 2462 556 2496 negarent,
573 2455 717 2496 ponebat
732 2455 749 2471 “
765 2464 835 2485 esse
852 2454 1069 2486 diversitatem
1084 2456 1118 2486 in
1134 2456 1241 2492 rebus,
1259 2462 1392 2497 propter

305 2514 370 2539 tres
394 2507 574 2548 praedictas
601 2507 858 2536 athonornorum
883 2506 1087 2540 differentias.
1113 2507 1234 2538 scilicet
1257 2507 1390 2548 figurae,

306 2559 430 2590 ordinis
446 2564 478 2588 et
494 2557 676 2598 positionis.
695 2556 790 2588 Unde
806 2558 1003 2597 sequebatur
1022 2557 1265 2589 distinctionem
1282 2569 1389 2590 rerum

306 2620 375 2641 esse
392 2609 570 2645 fortuitam,
592 2615 622 2636 ut
639 2608 729 2649 quod
747 2617 784 2638 ex
805 2608 987 2648 praemissis
1004 2615 1092 2649 patet
1108 2619 1177 2639 esse
1194 2609 1320 2640 falsum.

410 2720 492 2761 Cap.
518 2720 587 2750 XL.
613 2719 711 2757 Quon
737 2729 873 2749 namara
900 2729 962 2750 Nox
988 2730 1041 2749 aar
1066 2730 1159 2750 parma
1185 2730 1281 2750 cansa

660 2780 887 2801 DtSTlNCTtONts
917 2780 1030 2800 itanum.

350 2866 452 2906 Quod
468 2867 601 2896 materia
616 2889 622 2895 .
639 2889 645 2895 .
662 2888 669 2895 .
683 2874 801 2895 rerum.
823 2883 841 2886 -
857 2866 876 2903 §
892 2865 939 2895 Ex
957 2865 1020 2896 hoc
1038 2871 1146 2895 autem
1166 2890 1172 2895 .
1190 2890 1196 2895 .
1213 2890 1218 2895 .
1238 2876 1278 2896 eo
1296 2867 1386 2906 quod

305 2920 439 2950 materia
456 2918 495 2948 ad
520 2917 623 2948 multa
639 2916 803 2959 possibilis
821 2922 878 2946 est.
896 2916 943 2946 Ex
962 2917 1081 2956 quibus
1097 2918 1122 2947 si
1139 2927 1242 2947 unum
1260 2923 1385 2948 tantum

305 2971 486 3012 proveniat,
507 2975 537 2997 ut
555 2972 565 2997 ι·
582 2968 648 2998 hoc
672 2972 708 2998 ut
731 2967 764 2997 in
795 2968 1003 3007 paucioribus
1034 2969 1227 3008 contingens
1254 2979 1387 2999 necesse

305 3027 354 3052 est
377 3031 456 3052 esse.
474 3018 675 3050 Huiusmodi
698 3023 807 3053 autem
826 3042 832 3048 .
849 3041 855 3047 .
871 3042 877 3048 .
896 3020 1032 3058 primam
1058 3029 1198 3049 causam.
1223 3021 1241 3058 §
1258 3019 1385 3050 Adhuc.

305 3073 353 3104 Ea
376 3082 461 3113 quae
485 3077 561 3102 sunt
580 3078 698 3107 propter
723 3074 868 3099 materiam
897 3074 968 3099 sicut
994 3078 1111 3107 propter
1130 3075 1250 3106 primam
1275 3082 1386 3100 causam

305 3134 344 3155 ex
360 3125 544 3155 intentione
560 3123 683 3163 agentis
703 3126 774 3151 sicut
793 3131 860 3153 non
878 3127 952 3152 sunt
970 3127 1104 3162 propter
1119 3123 1286 3153 materiam
1304 3123 1387 3153 sicut

305 3182 438 3217 propter
462 3176 600 3216 primam
617 3184 759 3205 causam.
783 3173 889 3204 Causa
907 3174 993 3204 enim
1019 3183 1117 3214 agens
1136 3198 1142 3204 .
1157 3198 1163 3204 .
1180 3198 1186 3204 .
1204 3175 1242 3204 ab
1260 3180 1384 3214 agente.

305 3228 400 3260 Unde
424 3229 450 3258 si
475 3227 590 3268 aliquis
615 3226 748 3257 effectus
766 3230 891 3262 procedit
911 3226 1123 3266 consequitur
1138 3226 1385 3266 dispositionem

1414 724 1439 738 10

1413 982 1435 1002 ¹5

1410 1491 1434 1511 ²5

1410 1748 1436 1768 30

1411 2006 1432 2026 35

1407 2264 1434 2283 4⁰

1406 2522 1429 2542 ⁴5

1404 2782 1429 2802 50

1403 3035 1425 3055 ⁵5

304 3281 457 3311 materiae
474 3285 506 3309 et
529 3279 746 3308 intentionem
771 3278 904 3317 agentis,
925 3287 977 3306 non
991 3288 1037 3311 ex,
1054 3281 1080 3305 in
1101 3287 1168 3307 non
1185 3283 1233 3307 est
1257 3287 1295 3307 ex
1317 3287 1385 3307 ma·
1399 3288 1427 3307 ⁶0

304 3332 385 3362 teria
401 3332 485 3361 sicut
502 3339 539 3360 ex
556 3339 654 3359 causa
670 3329 783 3368 prima.
802 3328 843 3358 Et
859 3333 993 3368 propter
1008 3328 1072 3358 hoc
1091 3352 1097 3357 .
1114 3352 1120 3357 .
1136 3352 1142 3357 .
1161 3334 1258 3368 patet.
1276 3329 1384 3367 Agens

305 3383 393 3414 enim
409 3383 474 3423 agit
490 3383 549 3412 sibi
574 3380 678 3411 simile
695 3379 878 3410 secundum
902 3378 1052 3415 formam,
1070 3385 1101 3409 et
1125 3381 1151 3409 si
1170 3379 1346 3419 aliquando
1368 3384 1386 3407 d

304 3435 370 3465 hoc
385 3434 525 3470 deficiat,
539 3434 603 3464 hoc
616 3438 663 3463 est
680 3442 697 3462 a
712 3441 787 3461 casu
801 3436 934 3471 propter
946 3431 1123 3461 materiam.
1138 3430 1276 3460 Formae
1289 3431 1385 3470 igitur

304 3495 374 3516 non
401 3489 648 3524 consequuntur
673 3482 920 3523 dispositionem
948 3482 1100 3512 materiae
1132 3483 1215 3512 sicut
1245 3483 1382 3521 primam

305 3546 437 3568 causam
460 3536 532 3576 (sed
555 3536 657 3575 magis
682 3545 699 3565 e
725 3543 882 3565 converso
909 3533 1059 3563 materiae
1090 3534 1135 3563 sic
1166 3533 1384 3573 disponuntur
1397 3541 1422 3565 ες

305 3594 342 3619 ut
364 3589 428 3618 sint
450 3587 530 3617 tales
547 3586 697 3626 formae.)
716 3586 889 3616 Distinctio
907 3591 1014 3615 autem
1032 3609 1037 3614 .
1054 3608 1059 3614 .
1076 3608 1082 3614 .
1097 3590 1230 3624 propter
1246 3585 1383 3624 primam

306 3647 448 3669 causam.
472 3639 491 3676 §
507 3637 669 3677 Amplius.
694 3640 866 3665 Substantias:
893 3636 1064 3665 Distinctio
1081 3644 1188 3665 rerum
1208 3645 1246 3663 ex
1268 3638 1384 3663 materia

304 3700 372 3721 non
390 3695 498 3730 potest
513 3689 686 3729 provenire
700 3698 737 3718 ex
755 3688 887 3718 materia
904 3688 963 3717 nisi
978 3687 1008 3716 in
1023 3687 1083 3717 illis
1097 3696 1181 3726 quae
1197 3696 1235 3716 ex
1251 3686 1383 3716 materia

305 3740 568 3783 (praeexistente)
585 3739 679 3770 fiunt.
694 3739 796 3770 Multa
813 3745 922 3770 autem
939 3745 1013 3768 sunt
1026 3739 1065 3767 ab
1081 3738 1221 3767 invicem
1235 3737 1383 3767 distincta

302 3793 336 3823 in
361 3793 456 3823 rebus
474 3800 559 3832 quae
575 3801 644 3822 non
662 3797 802 3831 possunt
819 3801 855 3821 ex
876 3787 1137 3832 (praeexistente)
1154 3789 1285 3818 materia
1301 3787 1380 3818 fieri.
1397 3804 1408 3823 7

305 3844 395 3875 Sicut
410 3849 500 3884 patet
512 3866 521 3874 .
536 3866 543 3873 .
559 3866 566 3873 .
580 3842 744 3873 diversitas
761 3843 922 3872 materiae.
944 3842 961 3879 §
974 3841 1064 3871 Item.
1079 3840 1316 3879 Quaecumque
1331 3863 1336 3868 .
1352 3862 1360 3869 .
1373 3862 1381 3870 .

305 3895 532 3926 distinctionis.
558 3893 830 3934 Unumquodque
855 3894 940 3924 enim
967 3892 1146 3923 secundum
1174 3892 1238 3921 hoc
1266 3891 1302 3921 fit
1326 3901 1382 3921 ens

305 3946 488 3977 secundum
505 3945 597 3986 quod
615 3944 652 3975 fit
668 3954 773 3975 unum
790 3945 822 3975 in
840 3955 874 3974 se
892 3951 919 3973 et
938 3948 993 3973 dist
1012 3943 1186 3973 indivisum
1210 3948 1241 3972 et
1257 3943 1296 3971 ab
1313 3942 1381 3971 aliis

304 3996 505 4027 distinctum.
523 3995 587 4026 Sed
603 3996 629 4025 si
646 3995 777 4025 materia
792 4019 798 4024 .
815 4019 821 4025 .
838 4018 845 4024 .
860 3995 891 4025 in
909 3995 1047 4025 materia
1064 3994 1213 4023 materiis.
1231 3992 1307 4022 Non
1323 3993 1381 4031 igi-

2457 177 2529 215 51*

1456 246 1558 278 lectus
1583 254 1653 288 agat
1677 255 1809 290 propter
1825 251 1960 289 bonum,
1977 263 2043 284 non
2061 255 2125 295 agit
2141 255 2256 286 melius
2273 262 2404 298 propter
2423 259 2526 296 vilius,

1455 298 1511 329 sed
1529 309 1545 329 e
1570 310 1728 332 converso
1747 300 1794 343 (et
1817 303 1920 334 simile
1944 306 1960 321 ⁴*
1979 311 2026 336 est
2049 305 2089 336 de
2112 307 2247 349 natura).
2273 308 2396 339 Omnes
2419 316 2526 341 autem

1455 360 1504 381 res
1525 373 1532 381 .
1549 374 1555 380 .
1572 375 1579 381 .
1597 358 1687 383 actus
1712 354 1791 384 eius.
1815 355 1902 395 Ergo
1926 365 1991 386 non
2010 357 2159 396 producit
2175 358 2253 389 tales
2279 359 2396 390 formas
2420 371 2526 392 rerum

1455 409 1588 443 propter
1603 403 1681 434 tales
1698 407 1854 442 materias,
1879 406 1935 436 sed
1952 409 2052 447 magis
2068 409 2145 439 tales
2163 413 2271 447 formas
2290 413 2437 442 materias
2453 422 2528 452 pro-

1455 452 1545 483 duxit
1569 460 1604 484 ut
1627 456 1690 485 sint
1714 456 1791 486 tales
1809 456 1941 488 formae.
1961 459 2035 488 Non
2052 459 2147 499 igitur
2166 460 2329 491 distinctio
2345 464 2527 503 specierum

1455 506 1487 534 in
1512 506 1606 535 rebus
1626 513 1665 534 cst
1693 517 1776 547 quae
1801 514 1847 538 est
1870 510 2050 540 secundum
2076 511 2223 548 formam,
2241 519 2287 543 est
2311 520 2443 554 propter
2459 524 2526 545 ma-

1454 556 1577 592 teriam,
1602 557 1658 587 sed
1682 559 1783 598 magis
1807 561 1958 591 materiae
1985 569 2059 591 sunt
2090 569 2212 593 creatae
2243 563 2385 595 diversae
2410 572 2445 595 ut
2468 571 2526 596 talis·

1455 610 1585 636 distinctio
1598 613 1623 636 in
1638 612 1717 637 rebus
1731 621 1856 646 sequatur
1875 610 2019 651 (diversis
2038 612 2148 643 formis
2160 615 2379 656 conveniant.)
2397 620 2412 653 ξ
2424 621 2456 645 Εἰ
2468 622 2526 647 ideo

1455 662 1547 687 dicitur
1561 670 1618 696 sap.
1632 671 1650 692 1,
1663 663 1767 688 Creavit
1780 664 1850 689 Deus
1866 670 1894 690 ut
1913 672 2000 691 essent
2020 668 2116 698 omnia,
2136 669 2196 701 quia
2215 670 2312 694 scilicet
2324 677 2352 696 ut
2364 674 2526 705 compleatur

1455 715 1638 739 universorum
1657 723 1717 740 csse
1736 718 1822 741 omnia
1843 723 1926 743 creata
1946 726 2005 743 sunt
2025 727 2054 744 ex
2074 720 2171 752 quibus
2190 729 2232 745 res
2255 723 2409 748 consistunt.
2431 721 2450 758 ἓ
2466 721 2526 751 Pet·

1454 762 1516 792 hoc
1534 769 1642 793 autem
1660 763 1840 794 excluditur
1858 765 1971 805 opinio
1988 776 2078 797 anax.
2101 771 2213 797 dicentis
2235 771 2386 809 ponentis
2402 770 2524 802 infinita

1453 813 1610 853 principia
1634 815 1808 845 materialia
1833 825 1849 844 a
1873 816 2032 856 principio
2059 819 2189 858 quidem
2214 823 2279 857 conf
2295 822 2468 852 commixta
2493 823 2524 852 in

1453 874 1520 894 uno
1537 865 1676 897 confuso
1694 890 1702 897 .
1718 891 1724 897 .
1740 892 1746 897 .
1766 873 1795 897 ct
1813 877 2098 909 quorumcumque
2117 871 2251 902 aliorum
2269 874 2462 912 ponentium
2478 873 2525 903 di-

1453 925 1542 945 versa
1558 917 1714 958 principia
1740 918 1913 948 materialia
1934 919 1973 949 ad
1993 923 2042 949 hoc
2059 926 2130 956 quod
2153 921 2393 953 distinctionem
2418 933 2525 953 rerum

1452 967 1656 998 causandum.

1670 1075 1750 1116 Cap.
1777 1077 1858 1107 XLI.
1884 1077 1979 1115 Qum
2005 1089 2179 1109 msrisciro
2205 1090 2308 1110 aarum

1587 1135 1649 1155 nox
1675 1137 1728 1158 asi·
1754 1138 1889 1158 PROPTER
1915 1140 2194 1160 connumera-ran
2219 1141 2388 1161 Aoanrn‘m.

1495 1220 1593 1258 Quod
1614 1225 1758 1250 diversitas
1776 1221 1939 1253 distinctio
1953 1233 2058 1254 rerum
2072 1234 2138 1254 non
2153 1230 2199 1255 est
2209 1231 2340 1265 propter
2352 1225 2525 1255 contrarie-

1450 1277 1547 1301 tatem
1565 1272 1738 1311 agentium.
1748 1291 1769 1295 -
1785 1274 1803 1312 §
1820 1274 1865 1303 Ex
1883 1266 2063 1314 praemissis
2077 1298 2085 1306 .
2100 1299 2106 1306 .
2121 1299 2128 1306 .
2143 1277 2318 1316 agentium·
2333 1282 2374 1305 Au
2389 1276 2422 1307 Si
2437 1277 2524 1306 enim

1450 1322 1566 1354 diversi
1597 1330 1727 1364 agentes
1747 1336 1788 1353 res
1813 1330 1929 1354 diuersas
1956 1331 2129 1363 producentes
2150 1329 2201 1368 (ex
2229 1329 2346 1368 quibus
2377 1328 2524 1367 procedit

1451 1386 1557 1406 rerum
1582 1376 1759 1411 diversitas)
1793 1385 1866 1408 sunt
1896 1379 2034 1410 ordinati
2065 1380 2256 1417 adinvicem,
2282 1387 2410 1421 oportet
2434 1380 2523 1420 quod

1451 1429 1547 1458 huius
1561 1428 1681 1459 ordinis
1702 1434 1726 1457 in
1737 1435 1795 1466 'quo
1809 1442 1901 1459 omnes
1921 1435 2046 1460 uniuntur
2063 1434 2103 1463 sit
2119 1433 2226 1472 aliqua
2242 1442 2308 1462 una
2324 1442 2428 1468 causa,
2448 1442 2523 1462 nam

1451 1480 1552 1510 multa
1577 1491 1643 1511 non
1663 1485 1763 1510 seinuic
1786 1482 1944 1513 uniuntur
1968 1487 1992 1511 in
2016 1487 2104 1520 aliquo
2131 1488 2179 1512 nisi
2205 1496 2252 1521 per
2276 1488 2390 1520 aliquam
2419 1495 2524 1512 causam

1451 1535 1582 1560 unientem
1604 1533 1678 1570 (nisi
1695 1542 1760 1572 *per
1783 1533 1916 1572 aliquod
1934 1533 2061 1573 unum).
2085 1535 2127 1565 Et
2150 1536 2195 1565 sic
2219 1539 2261 1563 illa
2285 1546 2362 1564 causa
2388 1539 2480 1563 uniens
2499 1544 2525 1563 et

1452 1581 1558 1624 (illud)
1583 1583 1736 1614 ordinans
1757 1588 1940 1614 diversitatem
1960 1589 2062 1614 diversa
2087 1590 2187 1621 agentia
2213 1590 2244 1614 ad
2264 1590 2439 1614 diversitatem
2461 1589 2524 1615 effe-

1451 1643 1540 1662 ctuum
1560 1639 1754 1670 producendam
1775 1642 1822 1667 est
1846 1638 1948 1677 prima
1973 1647 2068 1668 causa
2093 1643 2124 1668 et
2147 1647 2211 1668 una
2239 1637 2452 1668 distinctionis
2476 1647 2524 1668 re-

1451 1694 1533 1715 rum.
1559 1685 1590 1715 Si
1615 1696 1692 1716 vero
1710 1686 1825 1718 diversi
1850 1695 1980 1728 agentes
2004 1698 2071 1718 non
2097 1689 2159 1719 sint
2176 1689 2356 1719 adinvicem
2375 1688 2523 1724 ordinati,

1451 1739 1580 1764 distinctio
1600 1741 1677 1772 igitur
1695 1749 1783 1766 rerum
1804 1743 1923 1775 provenit
1942 1751 1971 1768 ex
1992 1751 2119 1768 concursu
2140 1744 2300 1768 dixersarum
2321 1752 2457 1768 causarum
2480 1745 2525 1769 ad—

1451 1790 1561 1815 invicem
1588 1799 1640 1816 non
1666 1793 1853 1818 ordinatarum.
1873 1794 1950 1823 Quod
1977 1799 2062 1819 autern
2087 1795 2124 1819 sic
2149 1802 2179 1819 ex
2203 1795 2363 1819 diversarum
2388 1802 2524 1820 causarum

1451 1849 1580 1867 concursu
1599 1844 1726 1876 procedit,
1745 1850 1786 1870 est
1805 1852 1850 1877 per
1869 1845 1988 1870 accidens
2007 1850 2033 1870 et
2052 1846 2156 1871 casuale
2174 1846 2211 1871 ad
2230 1854 2373 1871 concursus
2393 1846 2461 1871 enim
2482 1846 2525 1871 ille

1451 1900 1597 1923 causarum,
1611 1901 1641 1918 ex
1655 1901 1708 1926 quo
1722 1901 1763 1919 est
1775 1894 1831 1919 sine
1846 1895 1944 1925 ordine,
1958 1901 1998 1920 est
2010 1904 2057 1929 per
2070 1896 2199 1927 accidens,
2212 1899 2239 1921 et
2251 1904 2281 1921 ex
2300 1904 2332 1921 eo
2351 1901 2438 1921 autem
2453 1896 2524 1929 quod

1450 1949 1491 1968 est
1509 1951 1557 1976 per
1575 1945 1694 1970 accidens
1714 1946 1786 1978 quod
1806 1947 1925 1979 sequitur
1943 1955 1990 1980 per
2004 1948 2122 1972 accidens
2137 1953 2242 1980 oportet
2255 1955 2314 1973 esse
2334 1942 2524 1985 (concursus

1450 2001 1564 2022 eorum
1582 1991 1621 2022 ad
1645 1992 1860 2024 diversitatem
1878 2004 1984 2024 rerum
2010 1994 2254 2035 producendam
2279 1996 2337 2025 erit
2361 2005 2417 2035 per
2440 1996 2523 2026 acci-

1450 2043 1554 2085 dens.)
1574 2046 1746 2077 Distinctio
1765 2048 1859 2087 igitur
1876 2057 1981 2078 rerum
2000 2049 2058 2078 erit
2071 2053 2213 2076 casualium
2231 2046 2402 2091 (casualis).
2420 2049 2522 2079 Cuius

1451 2098 1648 2128 contrarium
1665 2108 1761 2139 supra
1778 2105 1946 2130 ostensum
1971 2106 2027 2130 est.
2052 2101 2070 2138 §
2086 2100 2176 2130 Item.
2196 2104 2234 2129 Ea
2253 2112 2321 2136 quae
2335 2105 2488 2136 procedunt
2506 2111 2524 2128 a

1450 2152 1504 2183 div,
1523 2156 1671 2178 causantur
1688 2161 1706 2178 a
1725 2154 1779 2182 div,
1799 2155 1942 2187 procedunt
1961 2162 1975 2180 a
1995 2156 2104 2180 diversis
2124 2155 2209 2180 causis
2233 2163 2285 2180 non
2304 2155 2461 2180 habentibus
2480 2163 2522 2180 or-

1450 2203 1537 2229 dinem
1563 2204 1706 2230 adinvicem
1733 2213 1785 2229 non
1809 2211 1921 2238 possunt
1947 2206 2013 2231 uniri
2037 2207 2062 2231 in
2087 2207 2175 2239 aliquo
2198 2206 2289 2231 ordine
2313 2206 2361 2230 nisi
2385 2206 2451 2231 forte
2475 2213 2523 2239 per

1449 2256 1576 2285 accidens,
1596 2256 1672 2280 unius
1692 2257 1760 2281 enirn
1780 2262 1882 2290 oportet
1901 2265 1961 2282 esse
1981 2258 2007 2282 in
2026 2258 2125 2287 eodem,
2145 2260 2298 2286 secundum,
2319 2265 2423 2283 causam
2442 2266 2521 2283 unam

1448 2308 1592 2332 secundum
1612 2308 1680 2332 idem
1695 2316 1778 2341 genus
1793 2316 1894 2339 causae,
1907 2310 1948 2334 vel
1964 2310 2040 2342 plura
2055 2312 2084 2334 ut
2098 2317 2179 2334 unum
2194 2317 2261 2342 quae
2274 2309 2325 2334 sint
2339 2309 2427 2342 aliquo
2442 2310 2521 2334 modo

1448 2366 1543 2383 unum:
1554 2359 1656 2384 diversa
1669 2360 1738 2384 enim
1750 2361 1902 2392 inquantum
1919 2361 2066 2386 huiusmodi
2078 2369 2130 2386 non
2144 2361 2239 2386 faciunt
2249 2370 2338 2388 unum.
2353 2369 2413 2386 cum
2426 2369 2522 2386 unum-

1448 2410 1572 2442 quodque
1592 2415 1650 2442 agnt
1672 2411 1722 2440 sibi
1743 2411 1834 2436 simile.
1856 2411 1888 2436 Et
1911 2411 1949 2436 sic
1968 2419 1983 2436 o
2010 2411 2094 2436 unitas
2114 2412 2211 2437 ordinis
2230 2412 2256 2436 in
2280 2411 2320 2436 his
2339 2419 2408 2444 quae
2426 2417 2488 2437 sunt
2506 2420 2522 2437 a

1447 2460 1566 2493 pluribus
1586 2461 1671 2485 causis
1698 2469 1749 2485 non
1775 2462 1899 2487 ordinatis
1924 2470 1977 2487 non
2003 2468 2089 2494 potest
2114 2470 2174 2488 esse
2198 2463 2245 2487 nisi
2266 2463 2402 2488 casualiter
2419 2463 2521 2496 absque

1447 2519 1526 2536 causa
1544 2512 1714 2536 determinata
1738 2509 1781 2546 (Α
1805 2508 1936 2540 diversis
1961 2511 2065 2540 causis
2088 2520 2156 2540 non
2181 2509 2334 2541 ordinatis
2358 2520 2424 2540 non
2445 2520 2520 2550 pro-

1447 2559 1567 2589 cedunt
1591 2558 1725 2593 effectus
1749 2559 1888 2590 ordinati
1917 2561 1977 2590 nisi
2010 2560 2092 2590 forte
2122 2571 2179 2600 per
2206 2560 2368 2591 accidens:
2397 2561 2520 2592 diversa

1445 2612 1544 2646 enim,
1557 2611 1751 2651 inquantum
1765 2612 1963 2647 huiusmodi,
1980 2622 2047 2642 non
2061 2612 2182 2643 faciunt
2194 2611 2320 2652 unum.)
2335 2613 2398 2643 Res
2411 2619 2519 2643 autem

1444 2661 1612 2692 distinctae
1631 2685 1637 2692 .
1653 2685 1660 2692 .
1675 2685 1683 2692 .
1701 2671 1769 2692 non
1794 2661 2028 2693 ordinatorum.
2058 2664 2076 2701 §
2092 2663 2252 2703 Amplius.
2281 2663 2518 2704 Quaecumque

1444 2713 1565 2743 habent
1589 2723 1720 2744 causam
1744 2723 1821 2744 suae
1845 2713 2060 2745 distinctionis
2079 2724 2146 2745 non
2164 2719 2271 2750 possint
2289 2720 2426 2755 possunt
2450 2725 2518 2746 esse

1443 2766 1548 2804 prima
1572 2775 1667 2795 causa
1692 2765 1908 2796 distinctionis
1931 2775 2048 2797 rerum.
2073 2766 2137 2797 Sed
2160 2767 2185 2797 si
2205 2777 2267 2796 sunt
2284 2767 2377 2807 plura
2393 2767 2518 2806 agentia

1443 2826 1548 2853 oportet
1566 2823 1640 2854 quod
1659 2822 1748 2847 omnia
1762 2822 1813 2846 sint
1832 2822 1864 2846 ab
1882 2822 1971 2855 aliquo
1983 2822 2061 2855 priori
2076 2828 2168 2855 agente
2182 2823 2222 2847 vel
2237 2823 2286 2848 alia
2298 2823 2330 2848 ab
2344 2830 2398 2846 uno
2417 2830 2517 2852 eorum,

1443 2879 1475 2896 eo
1490 2872 1562 2904 quod
1575 2880 1655 2898 omne
1667 2880 1714 2898 ens
1730 2878 1771 2898 est
1784 2881 1798 2898 a
1809 2873 1895 2906 primo
1910 2878 1978 2904 ente,
1991 2878 2020 2898 ut
2034 2881 2113 2906 supra
2127 2879 2263 2898 ostensum
2280 2878 2321 2898 est
2341 2869 2393 2910 (ex
2410 2878 2516 2910 aequo

1442 2921 1653 2961 accipiantur,
1670 2931 1804 2953 necesse
1824 2928 1871 2952 est
1887 2922 1976 2963 quod
1995 2923 2134 2953 habeant
2157 2933 2232 2954 suae
2252 2922 2466 2953 distinctionis
2481 2923 2516 2952 *t

1442 2972 1563 3003 habent
1590 2974 1677 3004 enim
1706 2983 1836 3003 causam
1868 2973 2004 3010 essendi,
2034 2984 2107 3004 cum
2135 2975 2244 3004 omnia
2273 2974 2357 3004 entia
2385 2974 2448 3003 sint
2476 2973 2515 3003 ab

1443 3032 1510 3052 uno
1536 3024 1642 3063 primo
1668 3030 1751 3060 ente,
1778 3030 1812 3054 ut
1836 3034 1931 3066 supra
1957 3030 2123 3054 ostensum
2149 3023 2209 3063 est)
2232 3023 2317 3054 idem
2343 3029 2451 3054 autem
2469 3029 2515 3054 est

1443 3083 1539 3104 causa
1556 3074 1682 3105 essendi
1700 3075 1793 3105 alicui
1808 3081 1838 3105 et
1855 3075 2068 3105 distinctionis
2082 3076 2150 3105 eius
2167 3076 2205 3105 ab
2221 3075 2299 3111 aliis,
2313 3075 2395 3105 sicut
2408 3080 2515 3104 osten-

1442 3135 1515 3155 sum
1540 3132 1596 3155 est.
1629 3126 1704 3156 Non
1728 3132 1835 3166 potest
1856 3149 1885 3156 ..
1900 3150 1907 3156 .
1926 3127 2100 3166 agentium.
2131 3127 2148 3164 §
2172 3130 2245 3155 Item.
2270 3131 2296 3154 Si
2321 3131 2355 3154 sit
2378 3130 2514 3154 diversitas

1443 3182 1572 3213 agentium
1594 3181 1678 3213 prima
1703 3189 1779 3206 causa
1807 3182 1977 3207 distinctionis
2002 3182 2109 3211 entium,
2129 3187 2233 3215 oportet
2251 3182 2318 3207 hanc
2337 3182 2484 3206 diversitate
2498 3181 2514 3198 *

1441 3231 1521 3264 accipi
1541 3232 1686 3256 secundum
1706 3233 1816 3264 primam
1837 3240 1883 3257 rer
1902 3232 2069 3258 differentiam
2090 3233 2114 3257 in
2134 3234 2212 3258 rebus
2232 3233 2392 3258 existentem.
2412 3233 2426 3248 *
2443 3233 2513 3257 Haec

1442 3288 1529 3308 autem
1549 3288 1589 3308 est
1613 3284 1759 3308 secundum
1785 3283 1884 3308 bonum
1904 3289 1929 3308 et
1948 3285 2055 3313 malum,
2075 3292 2142 3317 quae
2167 3290 2226 3309 sunt
2249 3285 2273 3309 in
2293 3284 2415 3309 omnibus
2434 3291 2513 3315 ¹aene-

1441 3335 1512 3359 ribus
1537 3340 1562 3359 et
1587 3343 1639 3359 non
1664 3335 1869 3360 determinantur
1892 3336 1923 3360 ad
1943 3336 2048 3368 aliquod
2072 3343 2154 3360 unum
2177 3344 2259 3367 ⁴aerius
2286 3335 2353 3360 entis
2373 3336 2438 3360 sicut
2463 3335 2514 3360 alia

1441 3387 1575 3410 contraria.
1595 3386 1653 3410 Non
1672 3391 1759 3418 potest
1778 3391 1863 3410 autem
1880 3393 1938 3410 esse
1958 3386 2095 3411 distinctio
2110 3386 2252 3411 differentia
2271 3381 2422 3417 primorum'
2434 3393 2512 3417 agen-

1439 3438 1505 3462 tium
1525 3438 1671 3462 secundum
1691 3437 1790 3462 bonum
1810 3442 1836 3462 et
1854 3437 1962 3466 malum,
1981 3437 2015 3462 ita
2034 3438 2106 3470 quod
2131 3437 2162 3461 ab
2188 3445 2242 3461 uno
2266 3437 2318 3461 sint
2335 3437 2424 3461 omnia
2442 3437 2511 3462 bona

1440 3494 1466 3513 et
1485 3488 1516 3513 ab
1536 3488 1586 3512 alio
1604 3489 1692 3513 omnia
1711 3488 1787 3518 mala,
1807 3488 1874 3513 sicut
1892 3496 1907 3512 a
1925 3488 2027 3512 duobus
2047 3488 2137 3521 primis
2152 3488 2292 3521 principiis.
2312 3488 2378 3512 Nam
2395 3488 2416 3512 si
2436 3496 2452 3520 q
2471 3493 2513 3512 est

1439 3540 1554 3572 primum
1569 3539 1722 3572 principium
1743 3539 1913 3564 distinctionis
1933 3540 2061 3564 malorum
2075 3547 2089 3563 a
2103 3539 2187 3568 bonis,
2206 3544 2309 3571 oportet
2324 3540 2409 3572 ipsum
2424 3547 2471 3571 per
2482 3547 2512 3564 se

1439 3597 1499 3615 esse
1519 3589 1671 3614 distinctum
1691 3597 1705 3613 a
1723 3589 1809 3620 bonis,
1828 3597 1907 3614 omne
1920 3590 1988 3614 enim
2004 3590 2074 3622 quod
2088 3595 2128 3614 est
2148 3597 2194 3622 per
2213 3589 2280 3614 aliud
2300 3595 2403 3621 oportet
2421 3589 2508 3614 reduci

1439 3643 1471 3666 ad
1491 3641 1516 3666 id
1535 3641 1607 3674 quod
1627 3646 1667 3665 est
1686 3648 1732 3673 per
1751 3649 1780 3665 se
1794 3641 1861 3666 sicut
1880 3641 1905 3665 in
1920 3641 2030 3673 primam
2044 3648 2159 3666 causam.
2173 3641 2234 3672 quia
2248 3641 2319 3673 quod
2340 3649 2392 3665 non
2411 3646 2452 3665 est
2465 3648 2512 3673 per

1439 3700 1467 3717 se
1487 3692 1645 3721 huiusmodi.
1664 3691 1742 3717 habet
1761 3700 1866 3717 causam
1886 3697 1915 3716 ut
1933 3692 1966 3717 sit
1984 3692 2043 3717 tale.
2059 3692 2112 3716 Erit
2126 3691 2203 3725 igitur
2221 3699 2268 3724 per
2281 3700 2355 3716 suam
2370 3692 2510 3717 essentiam

1439 3751 1452 3766 a
1471 3742 1548 3766 bonis
1569 3742 1728 3772 distinctum,
1748 3741 1799 3766 hoc
1818 3742 1887 3766 enim
1907 3749 1953 3774 per
1972 3750 2000 3766 se
2020 3749 2079 3766 esse
2099 3742 2217 3767 dicimus.
2242 3739 2259 3754 ¹*
2276 3738 2381 3778 (Item.
2406 3737 2438 3768 Si
2463 3737 2510 3768 di-

1438 3789 1569 3818 versitas
1593 3797 1699 3818 rerum
1725 3787 1871 3827 procedit
1896 3798 1912 3817 a
1938 3787 2119 3818 diversitate
2141 3788 2191 3818 vel
2216 3788 2439 3818 contrarietate
2463 3787 2510 3818 di-

1439 3848 1606 3869 versorum
1630 3839 1806 3878 agentium,
1831 3840 1970 3869 maxime
1993 3839 2057 3869 hoc
2077 3839 2211 3875 videtur,
2237 3839 2326 3879 quod
2350 3845 2381 3869 et
2402 3839 2509 3879 plures

1440 3895 1578 3929 ponunt,
1611 3889 1650 3919 de
1682 3890 1905 3919 contrarietate
1937 3890 2015 3919 boni
2047 3895 2077 3919 et
2101 3890 2187 3925 mali,
2212 3890 2255 3919 ita
2286 3889 2376 3929 quod
2400 3890 2510 3919 omnia

1438 3941 1524 3970 bona
1550 3940 1728 3980 procedant
1751 3950 1768 3970 a
1793 3941 1882 3970 bono
1910 3941 2082 3980 principio,
2110 3941 2194 3970 mala
2223 3946 2331 3970 autem
2361 3950 2378 3969 a
2406 3940 2507 3970 malo:

1436 3993 1452 4008 ἃ
1466 3992 1591 4022 bonum
1609 3992 1694 4022 enim
1720 3997 1751 4022 et
1775 3991 1896 4022 malum
1915 3997 1989 4022 sunt
2006 3993 2037 4021 in
2055 3991 2207 4021 omnibus
2227 3991 2408 4030 generibus.
2433 3991 2508 4021 Non

303 4054 356 4078 tur
369 4071 376 4078 .
392 4072 399 4078 .
415 4072 420 4077 .
443 4047 607 4078 diversitas
632 4047 793 4077 materiae.
820 4047 838 4084 ξ
853 4046 981 4076 Adhuc.
1013 4045 1099 4075 Cum
1125 4045 1231 4074 omnis
1255 4045 1271 4060 ὓ
1287 4044 1380 4073 intel-
1395 4054 1419 4075 75
1436 4049 1543 4083 potest
1559 4049 1666 4072 autem
1692 4052 1760 4073 esse
1777 4052 1880 4073 unum
1898 4043 2039 4083 primum
2057 4043 2251 4082 principium
2276 4043 2425 4072 omnium
2442 4051 2509 4072 ma-

2556 314 2564 324 ·
2581 312 2636 334 x'id.
2651 313 2679 335 ad
2695 314 2740 335 loc.

2552 1225 2579 1252 3⁸
2591 1231 2603 1245 v
2619 1225 2632 1245 b
2646 1224 2704 1252 ιᾱρ.
2715 1225 2753 1253 3⁶¹

2543 2922 2551 2930 ‘
2568 2920 2629 2942 Canu
2639 2927 2686 2942 om.
2703 2927 2756 2942 cau-

2543 2953 2603 2969 Ram.

2542 3186 2550 3194 ⁸
2565 3185 2626 3216 Casu
2651 3192 2693 3213 pro
2717 3185 2754 3206 dn·-

2541 3214 2685 3233 verutatem.

2541 3239 2549 3248 ¹
2564 3244 2591 3266 39
2601 3244 2612 3259 r
2626 3244 2638 3259 a
2650 3246 2668 3260 i.

2538 3745 2563 3769 3⁵·
2577 3749 2588 3761 v
2605 3742 2618 3762 b
2634 3748 2679 3768 mg.
2698 3741 2739 3762 int.

2537 3998 2588 4021 :tor
2604 3999 2647 4014 ai.
