2742 4152
31 709 41 718 ⁴
52 708 74 729 S.
82 707 126 728 Th.
135 707 173 733 l.4

32 734 124 759 V11,1v‚
136 733 157 754 6.

175 706 241 732 ;Did.

30 871 49 897 -1-
69 870 163 891 Αυτοα.
183 869 242 892 Vn.

28 903 40 918 2
52 903 64 917 v
80 897 92 917 b
103 902 136 924 31.

25 1183 239 1239 };‘}†‘³r‘133¹r⁴3,';¹c33

23 1987 42 2013 †
47 1986 147 2014 Explicit
155 1985 236 2013 fragm.

22 2012 183 2066 automvtlr.
189 2019 201 2034 2
208 2013 237 2034 vb

279 252 328 298 54

275 343 356 368 non
382 342 476 376 esse,
497 329 668 378 acquirat
694 327 989 378 perpetuitatem
1018 326 1170 364 essendi
1189 326 1238 363 ab
1259 325 1345 363 alio.

276 385 511 432 Sequeretur
542 382 646 419 enim
682 382 789 431 quod
823 380 1069 430 corruptibile
1103 387 1275 416 mutetur
1306 379 1345 416 in

274 435 682 485 incorruptibilitatem.
709 435 829 483 Quod
858 443 913 472 est
941 433 1180 484 impossibile
1209 445 1344 470 secun-

273 490 369 526 dum
384 489 524 538 ipsum.
542 489 590 526 Et
604 489 693 526 ideo
713 489 794 538 ipse
814 488 853 525 in
873 489 980 525 hunc
999 488 1166 524 modum
1186 498 1344 536 respon-

272 542 351 579 det:
380 565 405 568 —
433 542 542 591 quod
570 542 610 578 in
639 554 802 592 corpore
831 541 981 579 caelesti
1017 540 1146 578 omnis
1174 539 1344 589 potentia
1367 551 1376 572 ς

272 607 372 644 quae
406 603 472 639 est,
502 595 611 632 finita
648 603 723 632 est:
758 607 839 632 non
876 603 1009 632 tamen
1046 601 1198 643 oportet
1235 593 1344 642 quod

272 648 411 685 habeat
440 660 601 686 omnem
633 649 863 699 potentiam;
894 656 949 685 est
978 647 1083 684 enirn
1112 647 1151 683 in
1180 658 1343 695 corpore

271 701 433 748 caelesti,
454 703 673 739 secundum
698 701 952 747 Aristotelem,
976 701 1014 737 in
1029 701 1110 737 VIII
1126 701 1294 749 Metaph.
1311 699 1341 746 ³¹⁶,

270 755 441 804 potentia
478 755 527 792 ad
565 757 638 801 ubi,
669 756 736 792 sed
769 767 850 792 non
888 755 936 791 ad
966 766 1059 790 esse.
1099 754 1148 790 Et
1176 753 1229 789 sic
1262 765 1343 790 non

271 816 423 858 oportet
450 809 558 858 quod
587 808 674 845 insit
702 808 736 845 ei
764 808 935 858 potentia
963 807 1012 844 ad
1041 818 1122 843 non
1151 818 1246 843 esse.

323 859 355 913 †
375 862 587 899 Sciendum
606 870 736 899 tamen
757 862 864 911 quod
885 862 981 897 haec
1001 859 1202 909 responsio
1224 859 1342 896 Corn-

270 915 494 952 mentatoris
529 927 609 951 non
645 923 700 952 est
732 914 938 951 sufficiens.
976 913 1091 960 Quia,
1128 912 1197 949 etsi
1229 913 1344 950 detur

270 968 378 1017 quod
407 968 445 1005 in
475 980 638 1017 corpore
667 967 817 1005 caelesti
846 979 927 1004 non
956 966 1002 1003 sit
1030 966 1203 1016 potentia
1231 967 1341 1016 quasi

268 1021 421 1070 passiva
450 1021 499 1058 ad
528 1033 623 1067 esse,
645 1033 745 1070 quae
775 1028 830 1057 est
858 1020 1029 1069 potentia
1059 1019 1256 1066 materiae,
1286 1028 1342 1057 est

268 1082 399 1111 tamen
419 1074 457 1111 in
478 1087 525 1111 eo
544 1074 716 1123 potentia
735 1073 845 1123 quasi
866 1073 1001 1121 activa,
1022 1085 1124 1122 quae
1144 1081 1201 1110 est
1219 1073 1341 1111 virtus
1357 1080 1381 1101 ¹⁵

268 1127 434 1164 essendi:
462 1139 554 1164 cum
574 1139 751 1176 expresse
771 1126 990 1164 Aristoteles
1011 1127 1124 1173 dicat,
1140 1126 1180 1164 in
1200 1127 1213 1164 1
1238 1128 1342 1165 Caeli

268 1187 301 1217 et
327 1181 469 1218 Mmdi
480 1181 511 1226 ²¹⁵,
542 1181 649 1229 quod
678 1181 830 1217 caelum
868 1180 984 1218 habet
1011 1180 1196 1218 virtutem
1225 1188 1267 1218 ut
1295 1181 1342 1218 sit

268 1245 433 1283 semper.

321 1287 369 1323 Et
397 1286 485 1324 ideo
514 1286 653 1324 melius
682 1286 894 1324 dicendum
919 1295 975 1324 est
1003 1288 1125 1337 quod,
1150 1300 1243 1326 cum
1270 1300 1342 1338 po-

266 1339 381 1377 tentia
410 1339 559 1377 dicatur
586 1340 634 1377 ad
664 1348 807 1386 actum,
827 1348 980 1390 oportet
1008 1340 1178 1379 iudicare
1202 1342 1251 1379 de
1270 1354 1341 1392 po·
1355 1357 1383 1372 ²⁰

265 1393 382 1430 tentia
420 1394 638 1431 secundum
675 1394 843 1431 modum
880 1401 999 1431 actus.
1037 1396 1172 1433 Motus
1208 1403 1340 1434 autem

266 1447 482 1484 secundum
509 1447 569 1485 sui
592 1446 783 1484 rationem
802 1447 1055 1497 quantitatem
1085 1449 1201 1486 habet
1220 1457 1258 1487 et
1276 1462 1340 1487 ex-

265 1500 503 1538 tensionem:
543 1501 649 1538 unde
685 1501 837 1538 duratio
876 1501 959 1538 eius
997 1501 1147 1540 infinita
1182 1503 1341 1552 requirit

266 1554 373 1604 quod
405 1553 577 1604 potentia
609 1566 774 1591 movens
807 1554 853 1592 sit
886 1554 1045 1592 infinita.
1081 1556 1176 1593 Esse
1209 1564 1341 1595 autem

265 1619 347 1645 non
366 1607 483 1645 habet
501 1607 671 1658 aliquam
687 1607 954 1646 extensionem
973 1609 1210 1658 quantitatis:
1230 1623 1340 1660 prae·
1355 1629 1380 1649 ις

266 1661 379 1711 cipue
394 1660 434 1698 in
449 1673 490 1698 re
505 1660 616 1698 cuius
637 1673 720 1698 esse
736 1669 792 1698 est
806 1661 1042 1709 invariabile,
1059 1662 1156 1700 sicut
1174 1665 1338 1701 caelum.

266 1715 315 1752 Et
342 1714 431 1752 ideo
456 1727 536 1752 non
561 1722 714 1764 oportet
732 1715 840 1765 quod
859 1715 981 1753 virtus
1000 1716 1152 1754 essendi
1181 1717 1227 1754 sit
1254 1717 1340 1755 infi-

266 1767 345 1805 nita
373 1768 413 1805 in
442 1780 605 1818 corpore
638 1768 761 1814 finito,
791 1768 876 1806 licet
908 1769 948 1806 in
982 1769 1179 1807 infinitum
1208 1771 1338 1809 duret:

266 1821 358 1871 quia
386 1833 467 1859 non
495 1821 622 1859 differt
641 1822 749 1871 quod
772 1834 843 1872 per
866 1822 969 1860 illam
989 1822 1170 1861 virtutem
1194 1823 1339 1874 aliquid

265 1875 378 1912 duret
401 1875 440 1912 in
464 1887 545 1912 uno
574 1875 727 1912 instanti
758 1877 821 1912 vel
848 1883 1025 1926 tempore
1054 1876 1218 1923 infinito,
1247 1889 1337 1915 cum
1356 1894 1382 1915 ιο

266 1939 349 1965 esse
377 1927 471 1965 illud
502 1927 726 1966 invariabile
763 1940 844 1966 non
882 1929 1086 1978 attingatur
1113 1942 1135 1967 a
1162 1938 1339 1981 tempore

264 1980 337 2018 nisi
364 1993 435 2030 per
462 1981 650 2019 accidens.
671 1979 702 2033 †

319 2035 467 2082 Quarta
495 2034 660 2072 obiectio
684 2042 740 2072 est
768 2035 816 2072 de
845 2036 923 2072 hoc
945 2036 1053 2085 quod
1084 2048 1165 2074 non
1187 2037 1341 2075 videtur

265 2100 348 2125 esse
375 2088 637 2126 necessarium
666 2089 775 2138 quod
803 2088 842 2126 id
865 2089 973 2138 quod
1002 2098 1136 2127 movet
1163 2098 1339 2141 tempore

880 248 1068 286 SUMMA
1098 246 1321 284 CONTRA
1350 245 1627 292 GENTILES,
1658 247 1770 283 CAP.
1790 247 1875 283 XX.

1402 332 1533 362 motus
1548 325 1597 362 ab
1612 324 1756 375 aliquo.
1771 326 1893 373 Quod
1913 333 2065 376 oportet
2084 337 2167 363 esse
2187 325 2477 376 incorporeum.

1402 378 1450 415 Et
1477 377 1567 415 ideo
1596 386 1749 428 oportet
1780 379 1954 429 primum
1983 391 2150 417 movens
2186 391 2270 416 esse
2299 378 2478 431 incorpo-

1401 443 1524 468 reum.
1555 432 1605 468 Et
1633 431 1687 469 sic
1714 432 1810 469 nihil
1836 433 2018 482 prohibet
2045 433 2265 470 secundum
2298 441 2478 472 naturam

1401 496 1543 534 corpus
1571 484 1740 530 finitum,
1769 487 1878 535 quod
1911 486 2074 536 acquirit
2101 486 2150 524 ab
2179 486 2254 524 alio
2282 487 2477 537 perpetui-

1400 545 1518 574 tatem
1547 537 1587 574 in
1608 538 1772 585 moveri,
1793 539 1936 577 habere
1966 540 2082 578 etiarn
2110 540 2408 590 perpetuitatem
2437 541 2477 578 in

1400 602 1577 628 movere:
1609 603 1703 628 nam
1722 599 1759 628 et
1777 591 1908 642 ipsum
1935 593 2111 643 primum
2134 605 2278 644 corpus
2301 596 2476 643 caeleste,

1400 644 1620 681 secundum
1648 652 1841 690 naturam,
1870 654 1996 695 potest
2022 655 2213 697 perpetuo
2242 655 2355 685 motu
2382 647 2476 685 infe-

1400 697 1501 734 riora
1515 709 1680 747 corpora
1698 698 1876 736 caelestia
1893 701 2106 748 revolvere,
2127 701 2347 739 secundum
2367 701 2476 751 quod

1399 752 1565 800 sphaera
1583 758 1719 788 movet
1740 752 1959 801 sphaeram.
1975 774 2002 780 -
2017 754 2102 791 Nec
2121 762 2177 791 est
2195 754 2483 793 inconveniens

1359 822 1385 837 ιο
1399 805 1619 842 secundum
1659 805 2021 843 Commentatorem
2039 806 2060 828 *
2087 808 2196 856 quod
2233 808 2327 846 illud
2365 809 2475 858 quod

1399 858 1448 895 de
1483 870 1523 895 se
1557 866 1613 895 est
1650 858 1690 895 in
1726 857 1899 908 potentia
1936 871 2088 897 moveri
2124 868 2161 897 et
2195 873 2277 899 non
2310 862 2474 911 moveri,

1398 911 1572 961 acquirat
1589 911 1648 963 'ab
1677 911 1753 949 alio
1781 912 2079 962 perpetuitatem
2107 921 2249 961 motus,
2279 914 2378 953 sicut
2404 928 2475 966 po-

1398 965 1563 1002 nebatur
1584 977 1667 1002 esse
1686 965 1926 1015 impossibile
1954 966 2003 1004 de
2031 967 2286 1016 perpetuitate
2310 969 2473 1007 essendi.

1397 1019 1504 1056 Nam
1532 1026 1664 1056 motus
1691 1027 1748 1056 est
1775 1019 1938 1069 quidam
1961 1019 2144 1058 defluxus
2172 1033 2195 1058 a
2222 1029 2407 1060 movente
2435 1022 2476 1060 in

1397 1071 1561 1109 mobile:
1592 1080 1629 1110 et
1657 1072 1746 1110 ideo
1774 1080 1900 1122 potest
1928 1073 2087 1123 aliquod
2110 1073 2257 1111 mobile
2276 1075 2476 1124 acquirere

1397 1125 1447 1163 ab
1467 1125 1541 1163 alio
1561 1125 1859 1176 perpetuitatem
1878 1134 2021 1175 motus,
2042 1139 2164 1177 quam
2182 1139 2263 1165 non
2291 1129 2409 1166 habet
2426 1129 2476 1167 de

1397 1191 1450 1216 se.
1481 1180 1577 1217 Esse
1605 1187 1737 1217 autem
1766 1187 1822 1217 est
1849 1180 1995 1230 aliquid
2023 1180 2149 1219 fixum
2178 1189 2215 1218 et
2237 1181 2416 1231 quietum
2435 1182 2476 1220 in

1397 1240 1500 1270 ente:
1531 1241 1569 1270 et
1596 1233 1686 1271 ideo
1711 1233 1821 1283 quod
1844 1233 1893 1271 de
1915 1246 1956 1271 se
1977 1242 2034 1271 est
2058 1234 2097 1272 in
2118 1235 2291 1285 potentia
2319 1236 2369 1273 ad
2393 1247 2476 1274 non

1397 1298 1493 1335 esse,
1523 1299 1604 1324 non
1633 1294 1770 1337 potest,
1800 1294 1843 1324 ut
1875 1287 1958 1337 ipse
1990 1288 2091 1336 dicit,
2122 1289 2341 1327 secundum
2369 1289 2476 1328 viam

1397 1348 1558 1378 naturae
1581 1340 1781 1390 acquirere
1810 1340 1859 1378 ab
1888 1340 1964 1378 alio
1992 1341 2290 1392 perpetuitatem
2309 1343 2474 1381 essendi.

1451 1394 1599 1442 Quinta
1618 1394 1786 1432 obiectio
1805 1401 1862 1432 est
1881 1395 1990 1445 quod
2018 1407 2089 1445 per
2115 1396 2359 1446 praedictum
2384 1408 2476 1447 pro-

1396 1459 1551 1485 cessum
1580 1460 1661 1485 non
1700 1448 1854 1486 videtur
1881 1448 2008 1486 maior
2044 1448 2140 1487 ratio
2169 1461 2291 1500 quare
2319 1462 2401 1488 non
2430 1450 2478 1488 sit

1395 1501 1567 1551 potentia
1595 1501 1746 1539 infinita
1771 1501 1811 1539 in
1837 1501 2104 1551 magnitudine
2124 1515 2245 1553 quam
2269 1511 2375 1542 extra
2393 1516 2476 1542 ma—

1395 1554 1654 1604 gnitudinem:
1684 1567 1778 1593 nam
1806 1555 2015 1606 utrobique
2044 1564 2230 1606 sequetur
2252 1557 2361 1607 quod
2389 1569 2476 1596 mo-

1396 1617 1484 1646 veat
1512 1621 1594 1646 non
1622 1608 1662 1646 in
1689 1616 1878 1659 tempore.

1450 1663 1499 1700 Et
1513 1662 1561 1700 ad
1577 1663 1654 1700 hoc
1668 1662 1882 1700 dicendum
1892 1661 1913 1684 '¹‘
1926 1662 2035 1712 quod
2050 1661 2208 1701 finitum
2223 1670 2261 1701 et
2275 1663 2474 1703 infinitum
2501 1665 2512 1675 ⁸

1396 1714 1436 1752 in
1464 1715 1730 1765 magnitudine
1755 1724 1791 1754 et
1809 1723 1987 1766 tempore
2016 1724 2053 1753 et
2081 1724 2193 1755 motu
2221 1717 2476 1756 inveniuntur

1396 1770 1615 1807 secundum
1643 1782 1764 1807 unam
1792 1769 1994 1817 rationem,
2022 1769 2120 1808 sicut
2147 1771 2336 1821 probatur
2363 1771 2403 1809 in
2427 1773 2474 1810 111

1397 1830 1432 1860 et
1451 1822 1491 1860 in
1507 1824 1555 1860 VI
1570 1825 1720 1873 Physic.
1733 1823 1769 1861 *ε
1791 1830 1828 1860 et
1846 1823 1935 1860 ideo
1955 1822 2151 1861 infinitum
2172 1823 2212 1861 in
2231 1836 2314 1862 uno
2333 1836 2473 1864 eorum

1396 1875 1518 1913 aufert
1536 1876 1830 1926 proportionem
1851 1876 2003 1914 finitam
2022 1875 2062 1914 in
2081 1876 2174 1915 aliis.
2199 1878 2243 1915 In
2262 1877 2323 1916 his
2341 1886 2474 1917 autem

1395 1941 1497 1979 quae
1521 1937 1652 1967 carent
1675 1929 1954 1978 magnitudine,
1974 1941 2055 1968 non
2080 1938 2137 1968 est
2158 1930 2316 1968 finitum
2335 1939 2372 1970 et
2390 1931 2474 1970 infi-

1396 1982 1523 2020 nitum
1542 1983 1616 2021 nisi
1635 1983 1863 2033 aequivoce.
1884 1983 1998 2022 Unde
2012 1984 2234 2034 praedictus
2247 1985 2392 2024 modus
2409 1985 2474 2024 de-

1395 2036 1638 2075 monstrandi
1657 2037 1697 2075 in
1717 2037 1856 2075 talibus
1875 2037 2056 2087 potentiis
2080 2039 2213 2076 locum
2236 2049 2318 2076 non
2343 2039 2472 2078 habet.

1448 2087 1480 2142 †
1508 2090 1628 2128 Aliter
1655 2098 1787 2129 autern
1813 2091 2072 2141 respondetur
2085 2091 2116 2139 ¹⁸⁸,
2137 2099 2174 2129 et
2192 2091 2343 2139 melius,
2364 2093 2473 2143 quod

264 2140 428 2187 infinito,
453 2142 593 2179 habeat
621 2141 835 2192 potentiam
863 2142 1067 2189 infinitam,
1087 2143 1127 2181 in
1155 2143 1226 2182 illis
1254 2157 1339 2183 mo·
1356 2160 1379 2182 ις
1396 2145 1549 2181 caelum
1577 2145 1694 2182 habet
1722 2145 1824 2182 duos
1851 2152 2043 2183 motores:
2077 2157 2204 2183 unum
2232 2145 2472 2196 proximum,

263 2195 444 2232 ventibus
481 2207 582 2245 quae
620 2195 820 2233 movendo
857 2208 939 2234 non
981 2197 1198 2235 alterantur.
1235 2199 1340 2246 Quia
1395 2196 1463 2247 qui
1499 2205 1555 2235 est
1591 2197 1723 2236 finitae
1761 2197 1922 2245 virtutis,
1952 2206 1989 2236 et
2023 2198 2073 2236 ab
2110 2200 2187 2237 hoc
2214 2199 2332 2237 habet
2364 2201 2473 2251 quod

263 2248 347 2286 talis
375 2256 506 2286 motus
535 2248 630 2286 nihil
666 2249 862 2286 consumit
896 2250 944 2287 de
980 2250 1152 2299 potentia
1180 2264 1337 2291 eorum:
1395 2258 1526 2288 motus
1546 2251 1629 2289 eius
1653 2251 1699 2289 sit
1722 2251 1853 2289 finitae
1881 2251 2110 2300 velocitatis;
2141 2260 2178 2290 et
2205 2253 2323 2291 alium
2345 2265 2473 2292 remo-

264 2301 370 2339 unde
390 2314 472 2339 non
491 2302 644 2339 minore
667 2310 843 2352 tempore
868 2315 1028 2340 movere
1053 2313 1217 2354 possunt
1235 2314 1340 2356 post·
1395 2312 1491 2352 tum,
1517 2304 1585 2355 qui
1610 2313 1665 2343 est
1688 2305 1860 2344 infinitae
1884 2305 2046 2354 virtutis,
2067 2318 2090 2344 a
2109 2318 2190 2356 quo
2219 2307 2336 2345 habet
2363 2309 2473 2358 quod

265 2367 385 2405 quam
401 2355 531 2405 aliquo
547 2364 723 2406 tempore
743 2364 953 2394 moverunt
972 2369 1093 2406 quam
1113 2366 1218 2405 ante;
1244 2359 1341 2398 sicut
1396 2367 1528 2397 motus
1548 2358 1631 2396 eius
1650 2359 1771 2409 possit
1790 2371 1873 2396 esse
1893 2359 2066 2397 infinitae
2093 2359 2320 2399 durationis.
2351 2361 2400 2399 Et
2419 2361 2474 2400 sic

265 2408 355 2446 solis
392 2409 514 2446 virtus
551 2409 659 2447 finita
696 2418 762 2456 est,
792 2417 840 2456 et,
870 2410 962 2460 quia
1000 2410 1038 2447 in
1071 2412 1223 2460 agendo
1257 2413 1499 2462 eiuswpatet
1519 2412 1626 2462 quod
1646 2412 1817 2463 potentia
1837 2412 1987 2451 infinita
2015 2425 2116 2463 quae
2145 2425 2227 2451 non
2255 2422 2311 2452 est
2330 2414 2370 2452 in
2389 2427 2472 2454 ma-

265 2461 386 2499 virtus
401 2462 525 2500 activa
539 2475 620 2500 non
635 2462 833 2510 minuitur,
850 2463 1002 2501 infinito
1018 2471 1196 2515 tempore
1215 2474 1341 2516 potest
1394 2465 1608 2514 gnitudine,
1637 2474 1764 2516 potest
1791 2478 1953 2504 movere
1981 2478 2125 2517 corpus
2148 2479 2229 2505 non
2249 2467 2473 2507 immediate

265 2527 376 2564 agere
405 2515 444 2553 in
473 2517 570 2554 haec
598 2516 788 2564 inferiora,
819 2518 1037 2555 secundum
1066 2527 1258 2557 naturam.
1396 2519 1436 2557 in
1455 2528 1643 2570 tempore.
1664 2520 1741 2558 Sed
1756 2519 1927 2570 potentia
1947 2533 2048 2571 quae
2071 2528 2128 2558 est
2146 2521 2185 2559 in
2206 2521 2474 2572 magnitudine

320 2570 368 2606 Et
395 2570 445 2607 ad
481 2570 557 2607 hoc
595 2569 803 2607 dicendum
838 2579 895 2608 est
931 2571 1039 2621 quod
1078 2584 1221 2622 corpus
1258 2586 1339 2612 non
1396 2581 1548 2623 oportet
1584 2573 1694 2623 quod
1731 2582 1890 2611 moveat
1926 2574 2167 2612 immediate:
2198 2587 2290 2613 cum
2319 2577 2473 2615 nullum

265 2631 398 2661 movet
426 2622 497 2660 nisi
528 2631 692 2669 motum,
714 2631 757 2661 ut
775 2624 985 2674 probatum
1014 2633 1080 2663 est.
1111 2627 1159 2663 Et
1186 2625 1286 2673 ideo,
1308 2627 1338 2665 si
1396 2639 1539 2678 corpus
1568 2635 1726 2664 moveat
1760 2627 1832 2665 nisi
1860 2636 2027 2666 motum.
2063 2629 2190 2675 Unde,
2219 2628 2250 2667 si
2283 2637 2471 2679 moveret,

265 2676 458 2726 contingat
485 2689 628 2727 corpus
660 2677 819 2727 aliquod
852 2690 933 2716 non
962 2679 1125 2726 moveri,
1155 2689 1341 2731 sequetur
1354 2694 1379 2716 ος
1395 2688 1623 2731 sequeretur
1650 2681 1758 2730 quod
1787 2689 1964 2719 moveret
1992 2681 2032 2719 in
2061 2694 2142 2720 non
2171 2690 2359 2733 tempore.

263 2729 393 2779 ipsum
422 2742 503 2768 non
538 2743 710 2768 movere.
747 2732 788 2768 In
818 2731 927 2769 omni
956 2740 1088 2770 autern
1117 2734 1225 2783 quod
1254 2747 1339 2772 mo·
1449 2736 1580 2773 Potest
1607 2735 1737 2772 adhuc
1765 2734 1904 2772 melius
1932 2734 2007 2773 dici
2036 2736 2145 2786 quod
2174 2736 2345 2787 potentia
2371 2748 2472 2787 quae

263 2791 376 2821 vetur
389 2791 445 2821 est
459 2784 629 2834 potentia
644 2785 693 2822 ad
709 2785 902 2835 opposita:
928 2785 1021 2835 quia
1034 2787 1189 2824 termini
1208 2796 1340 2826 motus
1395 2800 1476 2826 non
1505 2795 1561 2826 est
1589 2787 1628 2825 in
1653 2788 1921 2838 magnitudine
1948 2797 2004 2826 est
2031 2788 2256 2836 intellectus,
2277 2798 2314 2828 et
2339 2798 2474 2829 movet

264 2846 353 2878 sunt
377 2837 556 2888 oppositi.
587 2838 635 2875 Et
654 2837 754 2884 ideo,
775 2846 968 2888 quantum
995 2847 1051 2877 est
1077 2840 1126 2878 de
1146 2853 1198 2888 se,
1219 2853 1339 2880 omne
1394 2853 1465 2891 per
1491 2843 1744 2880 voluntatem.
1775 2842 1888 2880 Unde
1917 2850 2051 2880 movet
2074 2844 2293 2882 secundum
2320 2843 2472 2893 exigen-

263 2902 406 2941 corpus
435 2892 542 2941 quod
564 2899 746 2929 movetur
770 2892 951 2942 possibile
981 2900 1036 2930 est
1064 2906 1145 2931 non
1174 2895 1336 2934 moveri.
1395 2895 1488 2933 tiam
1526 2894 1692 2943 mobilis,
1731 2903 1768 2933 et
1805 2908 1886 2934 non
1925 2897 2144 2935 secundum
2176 2897 2473 2948 proportionem

264 2944 313 2981 Et
340 2945 448 2994 quod
472 2944 654 2994 possibile
679 2954 735 2983 est
757 2958 839 2984 non
863 2946 1026 2994 moveri,
1047 2959 1128 2985 non
1155 2948 1271 2986 habet
1289 2949 1338 2987 de
1355 2969 1380 2989 5⁰
1395 2961 1488 2987 suae
1516 2948 1678 2987 virtutis.
1704 2949 1881 2988 Potentia
1899 2957 2031 2988 autem
2060 2962 2162 3000 quae
2190 2958 2246 2988 est
2265 2950 2305 2988 in
2324 2950 2473 3000 magni-

264 3009 304 3034 se
332 3006 374 3035 ut
411 3006 600 3048 perpetuo
637 3006 813 3049 tempore
851 3007 1067 3038 moveatur.
1108 3002 1156 3039 Et
1185 3001 1238 3040 sic
1266 3014 1339 3040 nec
1396 3002 1528 3040 tudine
1556 3014 1638 3040 non
1666 3010 1792 3053 potest
1824 3015 1985 3041 movere
2014 3003 2087 3042 nisi
2110 3016 2181 3055 per
2205 3004 2473 3043 necessitatem

264 3051 371 3100 quod
401 3051 439 3088 in
468 3060 657 3102 perpetuo
685 3060 862 3102 tempore
891 3062 1059 3092 moveat.
1394 3064 1569 3094 naturae:
1599 3056 1692 3107 quia
1716 3057 1925 3107 probatum
1947 3065 2003 3095 est
2030 3058 2139 3108 quod
2159 3057 2371 3096 intellectus
2388 3069 2471 3096 non

317 3105 494 3142 Procedit
522 3118 613 3154 ergo
651 3106 846 3156 praedicta
882 3107 1162 3146 demonstratio
1190 3109 1239 3146 de
1268 3121 1337 3159 po·
1394 3118 1450 3148 est
1474 3109 1596 3148 virtus
1624 3121 1814 3160 corporea
1827 3110 1858 3148 ¹¹⁸.
1881 3111 1930 3148 Et
1949 3110 2003 3148 sic
2026 3119 2160 3149 movet
2179 3112 2228 3150 de
2247 3110 2472 3150 necessitate

263 3157 379 3195 tentia
407 3158 514 3196 finita
542 3159 716 3209 corporis
743 3160 852 3208 finiti,
881 3173 982 3211 quae
1021 3173 1102 3199 non
1134 3170 1260 3212 potest
1288 3163 1337 3201 de
1394 3164 1613 3201 secundum
1642 3163 1938 3214 proportionem
1967 3177 2061 3202 suae
2089 3163 2321 3215 quantitatis.
2356 3164 2470 3203 Unde

264 3223 304 3248 se
323 3223 482 3249 movere
507 3221 683 3262 tempore
709 3213 871 3251 infinito.
901 3215 978 3252 Sed
998 3227 1142 3265 corpus
1160 3216 1268 3266 quod
1287 3217 1336 3255 de
1353 3236 1376 3256 55
1393 3217 1579 3267 sequitur,
1609 3217 1639 3255 si
1668 3225 1814 3263 movet,
1843 3217 1953 3267 quod
1981 3223 2139 3256 moveat
2166 3217 2206 3256 in
2234 3216 2400 3256 instanti.

264 3275 304 3301 se
332 3265 512 3314 possibile
541 3274 597 3303 est
625 3266 776 3304 moveri
790 3275 841 3305 *et
869 3279 950 3305 non
983 3268 1146 3317 moveri,
1175 3281 1336 3308 movere
1448 3271 1678 3309 Secundum
1707 3272 1783 3308 hoc
1810 3282 1915 3320 ergo,
1944 3271 2103 3309 remotis
2130 3270 2334 3322 praedictis
2362 3270 2470 3309 obie-

265 3325 300 3353 et
328 3329 407 3355 non
442 3330 612 3367 movere,
643 3320 841 3370 acquirere
879 3329 1004 3371 potest
1041 3322 1336 3372 perpetuitatem
1392 3324 1595 3372 ctionibus,
1624 3323 1799 3375 procedit
1827 3323 2105 3363 demonstratio
2137 3324 2359 3362 Aristotelis.
2378 3322 2411 3377 †

2368 3481 2378 3500 ι
2386 3482 2399 3500 2
2419 3475 2469 3500 etsi

319 3475 331 3492 2
353 3468 474 3503 mutetur]
494 3475 638 3496 mutaretur
650 3471 715 3497 ZPc.
804 3470 818 3496 3
838 3472 1114 3507 incorruptibilitatem]
1134 3472 1328 3507 incorruptibile
1342 3474 1443 3500 prc.
2345 3509 2359 3535 3
2380 3510 2404 3536 di

2324 3518 2342 3543 4
2406 3518 2468 3537 cen-

264 3503 287 3527 Α
305 3504 389 3535 solun
409 3505 439 3529 si.
526 3505 558 3530 16
577 3507 732 3532 Aristoteles
746 3510 811 3540 post
830 3508 897 3532 dicat
916 3508 1047 3534 axYZPc.
1132 3516 1165 3543 ²9
1185 3508 1270 3535 differt
1283 3510 1381 3541 Erum
1402 3510 1524 3536 differret.

265 3537 328 3562 dum
348 3538 397 3572 estl
417 3539 527 3565 dicimus
546 3541 615 3567 GPc.

319 3580 348 3598 u
371 3574 478 3609 moveri}
499 3577 530 3600 ad
550 3577 648 3602 moveri
668 3577 696 3602 P.
790 3578 822 3611 34
841 3578 924 3604 Aliter
945 3579 1041 3612 Incu'pit
1064 3580 1173 3606 tertium
1186 3581 1221 3615 sr
1260 3584 1378 3606 mentum
1398 3582 1424 3607 ἰη
1439 3583 1470 3607 Α.

263 3610 354 3650 ceteri.
444 3610 477 3642 45
498 3611 522 3635 in
543 3619 594 3636 non
613 3617 732 3645 tempore
751 3614 773 3638 Α
792 3614 876 3645 solun
895 3622 948 3639 non
967 3615 993 3640 in
1016 3621 1142 3648 tempore.
1221 3588 1267 3642 ⁶33
1287 3624 1413 3650 corporea
1431 3618 1454 3642 Α
1473 3618 1560 3650 κάκη
1580 3617 1606 3643 in
1619 3623 1738 3651 corpore.

264 3651 324 3676 quia
344 3645 380 3669 sic
399 3645 445 3676 sG,
465 3647 525 3678 quia
543 3652 567 3671 et
590 3648 627 3672 nic
646 3648 729 3673 sEPd.
824 3649 854 3683 57
874 3651 1022 3676 Aristotelia
1042 3651 1118 3677 Hm’s
1137 3651 1211 3677 tertii
1223 3652 1386 3686 fragmenti.

1530 3481 1540 3500 ι
1549 3482 1559 3500 ι
1582 3475 1723 3500 Sciendum
1735 3473 1832 3507 Incipit
1842 3474 1988 3500 secundum
2002 3475 2193 3508 fragmentum
2207 3474 2234 3500 In
2247 3475 2279 3501 Α.

1612 3509 1643 3536 32
1664 3517 1711 3544 per
1723 3510 1843 3536 accident
1858 3509 1934 3535 th's
1952 3509 2064 3536 secundi
2076 3510 2239 3545 fragmenti.

1564 3581 1600 3614 43
1621 3581 1770 3607 immediate
1788 3581 1839 3615 pN,
1863 3580 2012 3606 immediate
2031 3588 2128 3615 eorpus
2146 3581 2175 3613 Ζ,
2200 3589 2295 3616 corpus
2318 3582 2468 3607 immediate

1828 3616 1862 3642 Et
1880 3615 1927 3651 nic]
1949 3616 2021 3650 quod
2041 3621 2067 3642 et
2085 3617 2122 3643 uic
2137 3617 2224 3649 «mc,
2244 3623 2270 3643 et
2288 3617 2361 3651 quod
2379 3618 2416 3643 tic
2435 3617 2467 3650 D,

2503 811 2513 820 ·
2520 809 2556 833 Cf.
2564 816 2642 838 supra,
2648 811 2721 834 Hane

2503 839 2589 859 autem.

2497 3109 2610 3159 λέπρα,
2630 3110 2662 3133 Β
2680 3108 2719 3133 ad

2520 3291 2712 3349 &araim

2497 3345 2532 3370 ¹8.
