2768 4134
21 1410 30 1420 ·
41 1409 99 1435 Cap.
110 1414 188 1436 praem
206 1409 235 1430 cf.

21 1442 91 1464 supra
104 1441 127 1457 n.
138 1441 153 1457 ι.

274 300 349 337 366
691 296 878 333 SUMMA
908 295 1130 332 CONTRA
1159 294 1435 340 GENTILES,
1463 294 1558 330 LIB.
1581 294 1622 339 11,
1653 293 1764 330 CAP.
1786 294 1899 340 XLII,
1919 295 2048 332 XLIII.

270 378 511 418 consequentia.
537 376 621 413 Quia
638 377 669 405 in
687 375 838 405 omnibus
855 374 958 404 causis
982 373 1149 413 agentibus
1174 373 1336 408 ordinatis,

270 424 324 453 ubi
340 424 443 462 agitur
457 427 589 461 propter
608 419 718 455 finem,
734 418 815 450 fines
839 418 1054 449 secundarum
1079 426 1247 448 causarum
1264 422 1339 448 sunt

269 474 400 506 propter
423 465 521 496 finem
546 474 660 494 causae
684 464 815 504 primae.
841 463 928 493 Finis
952 468 1059 493 autem
1085 471 1199 492 causae
1215 462 1337 502 primae

269 517 315 541 est
339 511 470 541 ultimus
493 509 565 539 finis
588 510 621 539 in
645 509 741 538 rebus
764 508 910 538 causatis.

326 565 353 585 2.
378 554 441 584 Sed
464 553 590 584 videtur
613 554 671 583 ista
694 553 775 583 ratio
799 552 1004 592 propositum
1035 561 1102 581 non
1130 550 1335 581 concludere.

268 600 418 630 Dicentes
446 599 533 628 enim
560 607 667 628 rerum
692 597 932 628 distinctionem
960 596 1130 636 provenire
1158 596 1197 625 ab
1226 595 1339 626 ordine

268 653 435 674 causarum
452 643 627 682 agentium,
643 652 711 673 non
728 642 839 672 dicunt
863 641 953 682 quod
970 640 1132 671 distinctio
1149 640 1188 670 sit
1207 646 1340 680 propter

267 690 410 719 actiones
433 687 648 718 secundarum
679 696 849 717 causarum
880 692 1034 726 tanquam
1066 690 1198 725 propter
1221 684 1337 715 finem:

266 732 321 762 sed
339 732 429 772 quod
449 738 496 763 est
519 733 558 762 ab
583 731 764 762 actionibus
788 731 930 771 ipsarum
953 736 1108 769 tanquam
1125 739 1142 759 a
1160 739 1254 760 causa
1272 729 1338 760 effi-

266 778 370 808 ciente
394 787 454 807 suo
478 776 590 807 modo.
610 777 705 806 Ratio
730 781 838 806 autem
855 774 1021 805 concludit
1037 773 1127 813 quod
1143 783 1211 804 non
1228 779 1274 805 est
1290 774 1337 805 di—

266 823 394 852 stinctio
411 828 544 862 propter
559 821 702 851 actiones
718 826 871 860 tanquam
889 825 1020 859 propter
1036 817 1147 855 finem,
1164 818 1220 849 sed
1236 820 1338 859 magis

265 877 282 897 e
299 876 468 897 converso.
493 865 593 904 Quod
617 865 656 895 ad
680 865 885 905 propositum
901 873 967 894 non
986 872 1054 893 esse
1071 869 1180 903 aperte
1201 870 1336 895 constat.

320 911 548 952 Respondetur
572 910 662 950 quod
693 911 750 940 ista
781 910 860 939 ratio
891 908 1038 948 procedit
1064 917 1132 938 non
1156 908 1337 940 secundum

265 956 412 987 ordinem
436 955 560 987 essendi
584 956 616 985 in
642 964 685 990 re,
703 954 757 984 sed
782 953 962 984 secundum
986 952 1135 983 ordinem
1159 953 1285 984 essendi
1304 954 1336 984 in

264 1002 443 1032 intentione
467 1000 598 1040 agentis.
624 999 691 1029 Stat
714 999 800 1029 enim
825 998 915 1038 quod
939 997 1061 1038 aliquid
1076 998 1116 1028 sit
1131 998 1220 1038 prius
1236 998 1337 1028 altero

265 1045 444 1076 secundum
469 1054 536 1075 esse
561 1044 654 1079 reale,
673 1049 703 1073 et
727 1049 834 1073 tamen
859 1042 898 1072 sit
922 1042 1082 1082 posterius
1106 1042 1139 1072 in
1155 1042 1337 1074 intentione

265 1090 401 1130 agentis:
427 1090 518 1125 sicut,
537 1098 611 1119 cum
628 1088 745 1118 sanitas
761 1093 909 1118 causatur
925 1097 964 1118 ex
987 1086 1159 1124 medicina,
1176 1087 1337 1119 medicina

264 1134 426 1175 praecedit
449 1134 616 1164 sanitatem
640 1133 673 1163 in
697 1142 741 1168 re,
766 1132 798 1162 in
825 1132 1007 1163 intentione
1037 1138 1146 1162 autem
1177 1133 1338 1172 posterius

264 1186 320 1215 est,
338 1179 413 1218 quia
429 1187 496 1208 non
513 1177 709 1208 desideratur
731 1176 892 1207 medicina
907 1177 968 1208 nisi
985 1182 1119 1218 propter
1141 1176 1337 1208 desiderium

263 1224 413 1253 sanitatis.
439 1223 529 1253 Licet
553 1232 629 1262 ergo
654 1221 798 1252 dicerent
814 1222 863 1252 isti
881 1231 938 1262 per
954 1222 1098 1253 actiones
1122 1221 1337 1253 secundarum

264 1277 431 1298 causarum
457 1266 603 1297 ordinem
628 1272 659 1297 et
682 1266 923 1297 distinctionem
946 1275 1055 1297 rerum
1079 1267 1212 1303 causari,
1239 1276 1337 1307 opor-

263 1314 349 1343 tebat
364 1318 473 1342 tamen
490 1321 546 1342 eos
559 1311 665 1341 dicere
681 1311 750 1351 ipsa
765 1312 890 1351 agentia
907 1312 1014 1352 primo
1031 1311 1177 1352 proprias
1194 1312 1337 1343 actiones

263 1357 439 1393 intendere,
465 1362 496 1387 et
519 1356 760 1387 distinctionem
791 1357 961 1396 provenire
990 1365 1028 1387 ex
1053 1358 1278 1396 consequenti,
1302 1363 1338 1388 ut

262 1403 295 1432 in
320 1403 423 1443 prima
447 1401 570 1431 ratione
586 1402 603 1417 ⁴*
631 1401 832 1440 arguebatur.
864 1401 905 1432 Et
935 1401 980 1431 sic
1010 1402 1205 1442 sequebatur
1229 1411 1337 1432 rerum

263 1447 503 1477 distinctionem
514 1446 684 1486 provenire
698 1446 773 1486 quia
788 1446 877 1486 ipsae
893 1446 1036 1476 actiones
1052 1455 1222 1477 causarum
1238 1456 1256 1477 a
1272 1448 1338 1478 suis

263 1492 431 1532 agentibus
454 1490 666 1521 intenduntur
689 1490 796 1530 primo
821 1496 852 1520 et
875 1499 933 1531 per
956 1500 1000 1527 se,
1026 1500 1064 1521 ex
1089 1491 1206 1532 quibus
1229 1500 1337 1522 rerum

263 1536 425 1567 distinctio
449 1536 644 1576 sequebatur
659 1540 714 1565 aut
730 1541 855 1575 praeter
877 1536 1093 1566 intentionem
1118 1535 1266 1573 omnino,
1282 1543 1338 1568 aut

262 1586 386 1621 praeter
409 1581 546 1621 primam
569 1580 795 1610 intentionem.
820 1580 910 1611 Sicut
933 1580 959 1610 si
983 1580 1163 1611 diceremus
1195 1580 1337 1621 aliquem

262 1626 368 1666 primo
385 1631 417 1655 et
432 1634 490 1665 per
505 1634 538 1655 se
554 1624 636 1655 velle
660 1624 865 1661 medicinam,
886 1631 927 1661 et,
952 1624 978 1655 si
1000 1625 1118 1655 sanitas
1141 1624 1337 1657 medicinam

263 1675 527 1709 consequeretur,
552 1669 733 1700 diceremus
762 1670 866 1709 ipsam
899 1670 1067 1700 sanitatem
1098 1675 1153 1700 aut
1175 1679 1243 1700 non
1268 1680 1337 1702 esse

261 1715 429 1751 intentam,
454 1720 509 1744 aut
532 1713 723 1745 secundario
747 1714 903 1744 intentam
928 1723 997 1744 esse
1021 1721 1153 1755 propter
1172 1715 1242 1746 eius
1258 1725 1337 1746 con-

263 1759 484 1790 comitantiam
508 1759 548 1789 ad
571 1758 782 1789 medicinam:
815 1764 845 1789 et
873 1759 919 1788 sic
949 1758 1024 1789 ideo
1055 1760 1171 1790 sanitas
1195 1761 1338 1791 eveniret

263 1805 338 1844 quia
361 1803 521 1834 medicina
545 1808 674 1843 sumpta
697 1809 790 1839 esset,
814 1813 882 1834 non
899 1808 1007 1834 autem
1025 1810 1108 1834 esset
1123 1810 1252 1844 sumpta
1268 1814 1336 1836 me-

262 1849 367 1879 dicina
391 1853 427 1878 ut
450 1848 566 1878 sanitas
590 1848 741 1878 eveniret.

318 1893 442 1923 Dicitur
466 1902 542 1932 ergo
566 1892 606 1922 ad
631 1893 765 1923 dubium
790 1892 881 1932 quod
905 1893 955 1922 isti
979 1893 1023 1922 sic
1049 1893 1220 1932 opinantes
1250 1892 1335 1923 dice-

261 1938 337 1967 bant
361 1937 510 1976 explicite
534 1936 666 1977 quidem
690 1937 839 1967 ordinem
863 1942 894 1967 et
918 1937 1159 1968 distinctionem
1183 1938 1215 1967 in
1241 1938 1335 1968 rebus

260 1991 317 2021 per
341 1981 484 2011 actiones
508 1981 726 2012 secundorum
751 1981 916 2021 agentium
941 1980 1085 2012 effective
1110 1981 1261 2022 produci:
1279 1982 1335 2013 sed

259 2026 414 2066 implicite
432 2026 527 2056 etiam
544 2025 693 2056 dicebant
708 2027 793 2065 ipsas
809 2025 953 2055 actiones
969 2035 1038 2056 esse
1055 2026 1161 2066 primo
1185 2026 1334 2063 intentas,

259 2077 290 2100 et
314 2070 554 2100 distinctionem
570 2079 677 2101 rerum
695 2079 763 2100 esse
779 2075 913 2110 propter
928 2070 1071 2101 actiones
1087 2075 1243 2111 tanquam
1259 2081 1334 2111 pro-

258 2121 328 2155 pter
352 2114 461 2145 finem.
486 2115 526 2144 Et
550 2120 662 2145 contra
685 2115 749 2145 hoc
772 2114 920 2154 procedit
943 2115 1024 2145 ratio
1048 2115 1155 2146 Sancti
1173 2115 1333 2146 Thomae.

315 2159 366 2190 III.
394 2159 527 2196 Quinto,
552 2160 695 2199 arguitur
718 2165 830 2190 contra
855 2158 1103 2191 fundamentum
1127 2165 1159 2191 et
1174 2161 1334 2191 rationem

257 2204 438 2244 praedictae
454 2204 642 2244 positionis:
660 2213 736 2235 cum
752 2204 875 2234 scilicet
892 2204 1045 2245 inquiunt
1060 2204 1136 2236 ideo
1152 2214 1220 2236 non
1237 2215 1333 2246 posse

258 2259 275 2279 a
299 2249 401 2289 prima
425 2259 520 2280 causa
544 2249 636 2290 plura
667 2255 698 2279 et
731 2249 854 2280 diversa
885 2250 1007 2280 causari
1036 2249 1232 2287 immediate,
1257 2251 1333 2291 quia

258 2300 304 2324 est
328 2293 573 2333 simplicissima.

313 2338 563 2369 Distinctionem
588 2345 619 2369 et
643 2338 790 2369 ordinem
815 2339 956 2369 universi
980 2344 1111 2379 oportet
1135 2348 1203 2370 esse
1226 2339 1259 2370 in
1284 2340 1333 2370 in-

257 2382 387 2414 tellectu
412 2393 526 2414 causae
550 2383 682 2424 primae.
708 2383 795 2423 Ergo
820 2389 950 2424 oportet
973 2383 1017 2414 ibi
1042 2393 1110 2414 esse
1141 2383 1261 2415 formas
1285 2383 1333 2414 di-

257 2428 459 2458 stinctorum.
484 2427 570 2468 Ergo
587 2438 605 2458 a
621 2428 725 2469 prima
741 2437 837 2458 causa
860 2434 1015 2469 poterunt
1038 2428 1224 2460 immediate
1241 2428 1332 2469 plura

258 2473 390 2503 causari.
415 2491 439 2495 —
463 2472 620 2503 Probatur
652 2472 856 2504 antecedens.
887 2473 974 2511 Quia
1004 2472 1168 2504 distinctio
1192 2474 1332 2514 partium

257 2518 397 2548 universi
414 2523 445 2548 et
461 2517 542 2548 ordo
559 2527 669 2548 earum
686 2523 734 2548 est
749 2518 900 2558 proprius
917 2517 1050 2549 effectus
1067 2527 1182 2549 causae
1198 2519 1331 2559 primae,

257 2563 349 2602 quasi
371 2562 484 2592 ultima
500 2561 604 2593 forma
621 2568 652 2593 et
672 2563 834 2603 optimum
859 2563 891 2593 in
915 2563 1078 2594 universo.
1104 2562 1140 2594 In
1164 2563 1332 2604 agentibus

256 2612 363 2637 autem
389 2616 445 2647 per
468 2607 666 2638 intellectum
692 2606 795 2638 forma
819 2606 951 2638 effectus
975 2608 1157 2648 praeexistit
1181 2609 1213 2638 in
1238 2608 1331 2639 intel-

1397 373 1483 403 lectu
1500 372 1632 412 agentis.
1646 390 1667 394 —
1685 372 1774 402 Patet
1790 377 1899 403 autem
1915 373 2020 413 prima
2035 377 2276 415 consequentia.
2289 394 2310 399 —-
2323 377 2472 409 secunda

1398 426 1475 447 vero
1491 417 1646 457 probatur
1663 425 1700 446 ex
1721 416 1786 447 hoc
1809 418 1991 458 supposito,
2008 418 2100 458 quod
2115 427 2154 449 ex
2170 417 2282 451 formis
2298 430 2382 461 quae
2396 428 2472 454 sunt

1397 462 1430 491 in
1454 461 1631 498 intellectu,
1648 461 1846 501 proveniunt
1861 471 1910 492 res
1926 468 2014 492 extra
2037 462 2188 500 animam,
2204 464 2237 494 in
2253 464 2292 494 iis
2308 464 2391 506 quae
2413 476 2472 507 per

1396 505 1598 536 intellectum
1621 511 1770 546 aguntur.
2215 505 2217 508 '

1452 550 1695 581 Advertendum
1720 549 1809 591 quod
1832 551 1892 581 ista
1914 551 1996 582 ratio
2012 561 2081 582 non
2097 552 2254 592 supponit
2270 552 2360 593 quod
2376 553 2472 585 habet

1395 596 1533 635 probare
1557 604 1633 626 cum
1656 595 1790 625 assumit
1812 604 1921 626 rerum
1945 596 2185 627 distinctionem
2209 604 2278 628 esse
2302 598 2472 638 proprium

1396 638 1548 670 effectum
1569 640 1646 671 Dei:
1673 640 1748 680 quia
1764 648 1832 669 non
1849 642 1982 672 assumit
1997 640 2079 672 illud
2094 647 2250 682 tanquam
2266 651 2472 680 concessum,

1395 684 1451 715 sed
1474 691 1630 725 tanquam
1653 685 1828 725 probatum
1852 686 1884 716 in
1909 685 2122 726 praecedentiv
2137 687 2272 717 ratione.

1450 727 1695 760 Attendendum
1719 730 1816 760 etiam
1833 729 1923 769 quod
1938 730 2018 761 haec
2033 731 2114 762 ratio
2131 731 2288 772 supponit
2303 741 2342 762 ex
2358 731 2473 763 formis

1395 782 1478 813 quae
1502 779 1577 804 sunt
1599 774 1633 807 in
1656 774 1823 805 intellectu
1847 775 2018 815 provenire
2038 784 2088 806 res
2103 775 2144 806 ad
2160 782 2247 807 extra
2267 776 2470 807 immediate:

1395 819 1471 858 quia
1494 819 1558 849 hoc
1582 819 1709 849 videtur
1733 829 1802 850 esse
1826 818 1866 849 de
1890 820 2015 851 ratione
2038 821 2161 860 agentis
2183 830 2242 861 per
2257 821 2469 852 intellectum.

1395 862 1485 894 Sicut
1501 864 1588 894 enim
1605 873 1702 904 agens
1719 873 1776 904 per
1791 870 1939 894 naturam
1954 869 2063 905 potest
2082 865 2269 896 immediate
2289 866 2472 906 producere

1394 908 1454 938 sibi
1477 908 1581 939 simile
1605 914 1765 949 quantum
1788 908 1829 940 ad
1852 908 1992 940 formam
2015 909 2205 946 naturalem,
2229 910 2273 941 ita
2295 920 2394 951 agens
2412 921 2472 952 per

1393 952 1595 984 intellectum
1611 954 1671 984 sibi
1687 953 1791 984 simile
1804 959 1963 994 quantum
1979 953 2020 984 ad
2036 953 2175 985 formam
2186 961 2470 996 praeconceptam.

1450 997 1504 1028 lV.
1518 997 1628 1029 Sexto.
1642 998 1731 1029 Deus
1748 1004 1795 1029 est
1810 1008 1908 1039 agens
1923 1008 1981 1039 per
2002 999 2215 1036 intellectum,
2232 1005 2264 1030 et
2278 1009 2348 1031 non
2363 1006 2472 1041 potest

1393 1042 1426 1072 in
1443 1052 1500 1073 sua
1517 1043 1645 1073 actione
1661 1042 1810 1074 deficere.
1836 1042 1922 1083 Ergo
1947 1042 2099 1083 producit
2122 1053 2219 1074 suum
2244 1043 2397 1075 effectum
2412 1054 2472 1086 per

1394 1087 1457 1118 hoc
1474 1087 1565 1127 quod
1581 1088 1688 1128 ipsum
1706 1087 1858 1119 effectum
1874 1088 2023 1129 intelligit
2046 1094 2078 1119 et
2100 1088 2248 1120 intendit.
2260 1086 2352 1130 'Ergo
2368 1089 2472 1121 multa

1393 1131 1499 1162 statim
1523 1138 1631 1172 potest
1646 1141 1754 1163 creare
1777 1133 1899 1173 absque
1922 1132 2044 1164 medio.
2059 1151 2083 1156 -
2098 1133 2256 1164 Probatur
2271 1134 2375 1174 prima
2390 1144 2471 1165 con-

1393 1177 1572 1217 sequentia.
1597 1177 1683 1215 Quia
1706 1178 1790 1208 actio
1815 1178 1938 1218 agentis
1967 1187 2026 1218 per
2057 1178 2259 1209 intellectum
2281 1180 2472 1212 terminatur

1393 1221 1434 1252 ad
1457 1220 1597 1252 formam
1620 1231 1720 1262 quam
1743 1222 1902 1263 intelligit,
1917 1232 1987 1253 non
2003 1222 2044 1254 ad
2059 1223 2155 1254 aliam
2171 1223 2232 1254 nisi
2248 1232 2306 1264 per
2321 1224 2472 1256 accidens

1394 1271 1425 1296 et
1448 1275 1466 1296 a
1490 1275 1583 1299 casu:
1608 1265 1699 1308 quod
1722 1276 1790 1297 non
1822 1273 1930 1307 potest
1959 1267 2105 1298 accidere
2135 1268 2192 1299 ubi
2224 1269 2308 1299 actio
2333 1268 2472 1301 deficere

1393 1320 1461 1341 non
1478 1316 1595 1351 potest.
1611 1329 1631 1334 -
1647 1311 1796 1342 Secunda
1813 1312 1909 1342 etiarn
1925 1317 2023 1353 patet.
2040 1311 2127 1350 Quia
2143 1322 2208 1354 qua
2223 1313 2349 1345 ratione
2365 1323 2470 1355 unum

1394 1355 1546 1387 effectum
1557 1356 1715 1396 intelligit,
1729 1361 1836 1397 potest
1852 1362 1884 1387 et
1899 1356 2020 1387 multos
2036 1356 2117 1387 alios
2133 1356 2266 1389 effectus
2281 1358 2470 1400 intelligere.

1450 1401 1602 1442 Septimo.
1627 1400 1729 1439 Quod
1751 1411 1856 1432 unum
1880 1401 1989 1432 solum
2012 1411 2051 1432 ex
2075 1411 2145 1433 uno
2167 1401 2318 1439 fiat‚-non
2341 1409 2472 1445 oportet

1393 1446 1454 1476 nisi
1478 1445 1610 1486 quando
1634 1455 1732 1486 agens
1763 1445 1804 1477 ad
1830 1455 1935 1477 unum
1965 1445 2119 1478 effectum
2142 1446 2382 1480 determinatur.
2406 1448 2471 1481 Sed

1393 1491 1493 1521 virtus
1517 1490 1625 1522 divina
1647 1500 1716 1522 non
1740 1490 1972 1522 determinatur
1994 1491 2035 1522 ad
2058 1501 2173 1529 unum,
2197 1497 2234 1523 ut
2257 1502 2295 1523 ex
2323 1494 2472 1535 superio-

1393 1536 1480 1567 ribus
1511 1541 1615 1576 patet:
1648 1541 1680 1566 et
1709 1536 1773 1566 hoc
1804 1536 1880 1577 quia
1911 1542 1958 1568 est
1988 1537 2129 1567 maxime
2158 1537 2294 1578 simplex
2302 1548 2311 1574 ;
2345 1544 2470 1580 quanto

1393 1586 1502 1611 autem
1516 1581 1615 1611 virtus
1631 1586 1678 1611 est
1693 1581 1795 1621 magis
1811 1581 1901 1611 unita
1917 1581 2053 1621 (scilicet
2069 1580 2366 1623 perfecfionalster),
2378 1588 2470 1615 tanto

1393 1631 1440 1656 est
1464 1625 1571 1666 magis
1595 1625 1723 1666 infinita
1746 1625 1829 1656 idest
1851 1626 1953 1666 magis
1976 1625 2134 1657 illimitata
2158 1631 2190 1657 et
2211 1626 2470 1665 indeterminata,

1393 1676 1425 1700 et
1448 1670 1488 1700 ad
1511 1670 1604 1710 plura
1627 1679 1661 1700 se
1684 1676 1792 1710 potest
1814 1670 1996 1701 extendere.
2026 1671 2113 1711 Ergo
2144 1680 2182 1702 ex
2214 1670 2298 1709 Deo,
2321 1666 2407 1713 quia*
2421 1678 2470 1704 est

1394 1724 1478 1746 unus
1495 1721 1526 1745 et
1541 1715 1679 1745 omnino
1695 1715 1842 1755 simplex,
1859 1724 1927 1746 non
1944 1721 1991 1746 est
2007 1725 2139 1747 necesse
2163 1721 2199 1746 ut
2223 1725 2326 1748 unum
2341 1722 2469 1750 tantum

1393 1760 1571 1800 proveniat.
1596 1759 1712 1796 Immo,
1736 1760 1813 1800 quia
1836 1765 1884 1790 est
1907 1761 2044 1791 omnino
2069 1760 2216 1801 simplex,
2232 1761 2272 1792 ab
2295 1771 2337 1793 eo
2361 1768 2471 1803 potest

1392 1803 1568 1835 multitudo
1593 1805 1775 1845 provenire.

1451 1848 1585 1879 Octavo.
1611 1849 1714 1879 Multa
1738 1849 1824 1879 entia
1846 1855 1922 1880 sunt
1945 1859 2029 1890 quae
2052 1849 2230 1890 procedere
2245 1860 2314 1882 non
2329 1857 2470 1893 possunt

1391 1893 1424 1923 in
1441 1902 1510 1924 esse
1526 1893 1586 1924 nisi
1603 1902 1660 1933 per
1676 1894 1891 1924 creationem:
1916 1899 1952 1924 ut
1976 1900 2051 1925 sunt
2074 1894 2314 1935 intelligentiae,
2329 1905 2469 1938 corpora

1392 1938 1550 1974 caelestia,
1575 1944 1607 1968 et
1630 1939 1762 1969 materia
1785 1938 1899 1978 prima.
1923 1938 1988 1970 Sed
2011 1938 2100 1970 solus
2116 1938 2206 1970 Deus
2221 1945 2330 1980 potest
2349 1949 2468 1973 creare.

1391 1982 1478 2022 Ergo
1503 1988 1563 2012 etc.
1593 1998 1614 2004 -
1645 1982 1735 2013 Patet
1773 1983 1886 2013 maior.
1918 1982 2006 2021 Quia
2034 1983 2090 2014 illa
2117 1989 2193 2014 sunt
2219 1984 2470 2025 ingenerabilh:

1391 2036 1467 2057 cum
1487 2036 1555 2057 non
1579 2026 1642 2057 sint
1665 2027 1849 2069 composita
1872 2037 1911 2059 ex
1933 2028 2067 2059 materia
2082 2034 2115 2058 et
2131 2027 2235 2060 forma
2252 2031 2470 2062 contrarietati

1391 2071 1543 2102 subiecta.

1446 2116 1484 2146 V.
1498 2115 1721 2147 Confirmatur
1739 2117 1819 2147 Gen.
1836 2127 1858 2154 ι,
1881 2117 1921 2148 In
1941 2117 2106 2158 principio
2131 2123 2208 2156 etc.;
2226 2124 2258 2149 et
2276 2119 2335 2150 Iob
2350 2129 2468 2158 xxxvn,

1394 2161 1442 2191 Tu
1457 2161 1610 2202 forsitan
1636 2166 1697 2192 etc.

1446 2205 1636 2237 Excluditur
1651 2211 1759 2237 autem
1777 2215 1815 2237 ex
1831 2206 1870 2237 iis
1886 2216 1974 2237 error
1989 2207 2177 2239 Avicennae
2195 2207 2331 2240 dicentis
2347 2208 2469 2247 Deum,

1388 2250 1623 2291 intelligentem
1646 2260 1690 2288 se,
1707 2250 1897 2292 produxisse
1918 2260 2017 2282 unam
2041 2252 2286 2294 intelligentiam
2309 2254 2466 2294 primam3

1388 2295 1422 2325 in
1447 2304 1511 2336 qua
1535 2305 1612 2326 cum
1635 2296 1675 2326 sit
1698 2296 1845 2336 potentia
1861 2302 1892 2327 et
1908 2302 2009 2333 actus,
2025 2296 2236 2338 intelligendo
2259 2297 2369 2330 Deum
2389 2308 2469 2340 pto—

1389 2339 1478 2371 ducit
1501 2340 1745 2381 intelligentiam
1769 2339 1958 2378 secundam;
1984 2341 2048 2378 illa,
2069 2341 2281 2383 intelligendo
2300 2352 2335 2374 se
2351 2352 2468 2375 secun-

1389 2384 1468 2415 dum
1492 2384 1625 2426 quidem
1651 2385 1742 2426 quod
1771 2390 1818 2417 est
1847 2386 1881 2416 in
1912 2391 1996 2423 actu,
2020 2386 2172 2427 producit
2202 2387 2343 2419 animam
2367 2388 2466 2426 caeli3

1387 2429 1569 2461 secundum
1586 2439 1664 2461 vero
1681 2429 1772 2471 quod
1789 2435 1836 2462 est
1851 2431 1885 2462 in
1906 2431 2062 2472 potentia,
2079 2430 2232 2472 producit
2255 2433 2466 2465 substantiam

1387 2474 1475 2505 orbis
1497 2475 1612 2515 primi;
1637 2482 1669 2506 et
1692 2476 1737 2506 sic
1761 2475 1916 2516 deinceps
1939 2475 2161 2516 procedendo.

1443 2519 1635 2550 Excluditur
1665 2521 1762 2551 etiam
1793 2530 1882 2551 error
1911 2521 2122 2562 antiquorum
2145 2521 2394 2560 haereticorum,
2416 2521 2466 2554 di-

1388 2564 1532 2595 centium
1556 2564 1663 2595 Deum
1688 2574 1756 2596 non
1781 2574 1904 2596 creasse
1927 2565 2100 2603 mundum,
2117 2565 2173 2597 sed
2194 2566 2336 2608 angelos.
2361 2566 2468 2599 Cuius

1388 2609 1503 2639 erroris
1527 2608 1644 2640 dicitur
1667 2610 1775 2650 primo
1801 2608 1898 2641 fuisse
1922 2609 2036 2641 Simon
2061 2610 2176 2652 Magus
2199 2612 2359 2643 inventor.

1089 2705 1628 2748 —w1ffl—

451 2864 984 2920 CAPITULUM
1023 2864 1813 2942 QUADRAGESIMUM
1850 2866 2265 2924 TERTIUM

1120 2983 1241 3024 Autog.
1267 2984 1418 3014 Ambros.
1456 2992 1496 3014 tr
1529 2985 1592 3015 b5.

951 3082 1126 3135 QUOD
1162 3083 1378 3126 RERUM
1413 3084 1762 3126 DISTINCTIO

555 3144 683 3185 NON
719 3145 835 3186 EST
870 3145 986 3186 PER
1021 3146 1303 3199 ALIQUEM
1337 3147 1420 3187 DE
1455 3146 1762 3188 SECUNDIS
1797 3146 2150 3189 AGENTIBUS

606 3207 1013 3249 INDUCENTEM
1047 3208 1107 3248 IN
1143 3208 1473 3250 MATERIAM
1507 3209 1815 3252 DIVERSAS
1849 3209 2103 3252 FORMAS

334 3333 518 3370 msytmr
561 3330 691 3358 autem
728 3321 888 3371 quidam
927 3321 1106 3359 moderni
1144 3323 1324 3360 haeretici

262 3406 268 3424 ·.
334 3359 430 3428 ’ὲΣὲ’
460 3374 526 3424 qui
563 3374 695 3412 dicunt
730 3376 859 3412 Deum
897 3375 1077 3413 omnium
1114 3375 1323 3413 visibilium

267 3431 275 3440 '
298 3426 374 3483 (ἷξε)
398 3432 437 3470 ⁷2³
460 3440 608 3465 creasse
637 3429 851 3475 materiam,
872 3429 939 3466 sed
968 3441 1037 3479 per
1065 3428 1235 3479 aliquem
1255 3442 1322 3467 an-

1434 3324 1527 3361 Non
1556 3323 1662 3361 enim
1691 3323 1867 3361 caelestia
1895 3335 2076 3373 corpora,
2105 3322 2146 3360 in
2174 3320 2318 3371 quibus
2351 3322 2458 3359 nulla

1380 3377 1628 3415 contrarietas
1657 3377 1862 3424 invenitur,
1883 3389 1930 3414 ex
1949 3376 2078 3426 aliqua
2104 3374 2264 3413 materia
2292 3383 2458 3424 possunt

1379 3443 1462 3468 esse
1491 3431 1670 3468 formata:
1701 3442 1820 3468 omne
1855 3430 1961 3468 enim
1996 3429 2103 3479 quod
2139 3428 2182 3466 fit
2216 3440 2261 3466 ex
2295 3427 2456 3467 materia

309 3477 368 3506 ’ψ
397 3478 431 3511 ὦ
459 3483 588 3529 gelum
609 3482 769 3520 diversis
788 3482 922 3520 formis
945 3483 1062 3520 fuisse
1091 3482 1320 3521 distinctam.
1378 3483 1658 3534 praeexistenti,
1688 3492 1840 3535 oportet
1859 3496 1906 3522 ex
1925 3481 2117 3521 contrario
2146 3481 2242 3519 fieri.
2273 3481 2453 3532 Impossi—

254 3530 374 3568 Cuius
403 3534 596 3582 opinionis
626 3535 763 3574 falsitas
791 3536 991 3574 manifeste
1019 3545 1189 3586 apparet.

305 3661 318 3684 4
341 3653 448 3678 diversis
468 3655 567 3690 formis]
588 3665 634 3690 per
653 3658 769 3683 diversas
790 3659 888 3684 formas
906 3667 965 3685 cum
986 3661 1026 3692 ρΑ
1046 3667 1146 3686 omnes.

308 3688 320 3712 5
342 3697 371 3713 ex
391 3689 485 3723 aliqua]
505 3691 590 3724 aliqua
611 3693 708 3719 αὓΧΥ.

1348 3537 1453 3580 5bile
1482 3546 1537 3575 est
1566 3537 1679 3587 igitur
1714 3537 1821 3587 quod
1857 3549 1903 3574 ex
1940 3535 2070 3586 aliqua
2103 3535 2263 3574 materia
2295 3534 2403 3585 prius
2431 3547 2454 3573 a

2763 2977 2768 3048 ἐ

2763 3062 2768 3106 l

2764 3111 2768 3152 ἒ
