2768 4134
29 1445 83 1493 ges.
93 1445 166 1472 Categ
180 1462 185 1469 ,
193 1450 244 1471 vm,

29 2152 38 2160 ·
55 2150 112 2178 Cap.
128 2156 159 2171 ιι.

34 2520 43 2528 ·
53 2517 85 2538 VI
93 2517 127 2539 Ph
145 2523 212 2543 s.,1v‚
225 2524 244 2542 ις

34 2552 54 2567 s.
64 2544 107 2567 Th.
135 2551 169 2572 .5.

38 2849 47 2858 ⁸
58 2847 116 2875 Cap.
131 2854 185 2869 xmx
195 2854 245 2876 sqq.

276 377 413 414 tentiae
451 383 488 411 et
525 381 641 418 actus,
681 372 719 408 id
758 371 865 420 quod
894 378 998 407 tenet
1036 372 1167 407 locum
1196 369 1346 420 primae

274 429 477 479 potentiae,
508 427 587 463 sive
617 424 732 474 primi
759 424 929 469 subiecti,
956 432 1010 460 est
1035 423 1344 473 incorruptibile:

275 483 379 520 unde
409 481 523 518 etiam
544 479 582 516 in
609 477 829 515 substantiis
849 477 1162 527 corruptibilibus
1187 476 1347 514 materia

274 536 399 586 prima
419 542 474 572 est
502 531 810 581 incorruptibilis.
835 531 911 568 Sed
940 531 978 567 in
999 530 1220 567 substantiis
1239 530 1346 567 intel-

274 587 497 627 lectualibus
521 586 559 623 id
580 585 688 635 quod
708 593 811 622 tenet
831 587 963 623 locum
982 584 1131 634 primae
1151 583 1346 633 potentiae
1370 600 1378 619 ς

273 651 309 680 et
337 640 508 686 subiecti,
538 648 593 676 est
622 639 704 689 ipsa
733 651 868 676 earum
902 638 1112 676 substantia
1140 639 1345 687 completa.

272 696 387 745 Igitur
406 693 618 732 substantia
637 693 720 743 ipsa
740 700 796 730 est
815 692 1124 742 incorruptibilis,
1146 692 1253 729 Nihil
1279 705 1347 729 au-

272 758 350 788 tem
381 757 435 786 est
463 747 710 797 corruptibile
731 746 803 783 nisi
831 759 902 796 per
930 747 1006 783 hoc
1035 745 1142 795 quod
1163 758 1233 782 sua
1257 746 1346 783 sub-

272 803 409 840 stantia
446 800 720 851 corrumpitur.
750 800 866 849 Igitur
901 812 1039 836 omnes
1075 799 1346 837 intellectuales

272 865 432 894 naturae
461 863 550 893 sunt
579 854 899 903 incorruptibiles

325 909 516 959 Amplius.
548 909 678 946 Omne
717 907 823 957 quod
863 906 1127 956 corrumpitur
1162 908 1225 944 vel
1262 919 1346 944 cor-

272 963 468 1014 rumpitur
495 975 565 1012 per
593 975 643 1007 se,
673 963 735 998 vel
764 960 1028 1009 corrumpitur
1055 972 1126 1010 per
1154 960 1343 997 accidens.

273 1016 517 1056 Substantiae
537 1024 667 1053 autern
697 1015 969 1052 intellectuales
988 1026 1069 1051 non
1094 1022 1258 1064 possunt
1277 1026 1347 1064 per

273 1084 312 1109 se
342 1069 551 1119 corrumpi.
583 1069 723 1107 Omnis
752 1068 857 1105 enim
886 1067 1084 1118 corruptio
1115 1076 1171 1105 est
1199 1081 1220 1105 a
1254 1080 1345 1106 con-

271 1125 398 1162 trario.
429 1126 557 1172 Agens
586 1122 706 1168 enim,
736 1134 827 1159 cum
866 1130 951 1170 agat
987 1122 1207 1159 secundum
1237 1122 1346 1171 quod
1363 1139 1385 1159 15

272 1186 328 1215 est
342 1191 411 1215 ens
430 1185 528 1223 actu,
549 1188 704 1225 semper
723 1175 874 1224 agendo
895 1175 1000 1213 ducit
1014 1176 1063 1213 ad
1084 1175 1243 1226 aliquod
1263 1188 1346 1213 esse

271 1239 370 1269 actu.
400 1231 524 1276 Unde,
554 1230 585 1267 si
614 1242 683 1279 per
712 1229 940 1267 huiusmodi
968 1242 1051 1266 esse
1084 1238 1172 1267 actu
1201 1229 1346 1279 aliquid

271 1292 545 1335 corrumpatur
572 1283 753 1321 desinens
791 1296 874 1320 esse
913 1291 1012 1329 actu,
1052 1291 1205 1333 oportet
1237 1283 1346 1333 quod

272 1341 348 1377 hoc
368 1338 563 1387 contingat
591 1350 661 1388 per
679 1337 990 1375 contrarietatem
1011 1350 1151 1374 eorum
1181 1338 1228 1374 ad
1250 1337 1347 1374 invi-

272 1406 376 1430 cem:
407 1405 500 1430 nam
529 1393 722 1429 contraria
749 1397 833 1428 sunt
866 1404 962 1441 quae
990 1398 1117 1428 mutuo
1145 1404 1185 1428 se
1223 1391 1389 1442 expel-20

272 1449 351 1485 lunt
364 1447 395 1483 ⁹¹⁶.
427 1447 475 1483 Et
502 1453 661 1495 propter
689 1446 765 1483 hoc
794 1453 946 1495 oportet
975 1458 1094 1482 omne
1127 1446 1235 1495 quod
1264 1457 1348 1483 cor-

273 1500 466 1550 rumpitur
503 1511 573 1549 per
609 1511 667 1545 se,
706 1500 765 1536 vel
809 1499 953 1536 habere
995 1499 1248 1546 contrarium,
1286 1499 1350 1536 vel

273 1567 355 1592 esse
385 1567 431 1591 ex
460 1553 659 1591 contrariis
688 1552 964 1603 compositum.
990 1553 1187 1590 Neutrum
1217 1560 1348 1590 autem

273 1610 417 1646 horum
433 1606 654 1644 substantiis
674 1606 993 1644 intellectualibus
1014 1607 1207 1644 convenit.
1226 1606 1349 1644 Cuius

274 1663 428 1711 signum
457 1669 523 1707 est,
545 1660 637 1710 quia
665 1660 705 1697 in
734 1660 926 1698 intellectu
947 1673 992 1698 ea
1022 1661 1137 1698 etiam
1166 1673 1267 1710 quae
1292 1673 1349 1697 se·
1365 1679 1388 1699 ις

273 1716 450 1753 cundum
479 1727 592 1752 suam
612 1722 791 1751 naturam
818 1722 908 1751 sunt
936 1714 1138 1765 contraria,
1168 1714 1350 1751 desinunt

274 1781 357 1807 esse
386 1768 593 1806 contraria:
629 1768 763 1804 album
791 1767 894 1804 enim
926 1776 962 1805 et
991 1768 1144 1816 nigrum
1174 1767 1213 1805 in
1242 1767 1349 1804 intel-

274 1824 374 1860 lectu
394 1834 474 1859 non
496 1830 585 1859 sunt
613 1821 818 1867 contraria3
848 1834 930 1859 non
950 1822 1055 1859 enim
1081 1835 1120 1859 se
1141 1823 1348 1871 expellunt,

274 1876 397 1914 immo
436 1875 557 1924 magis
595 1887 634 1912 se
674 1883 979 1924 consequuntur,
1009 1888 1079 1925 per
1113 1875 1348 1912 intellectum

274 1930 380 1967 enim
408 1929 525 1966 unius
555 1940 693 1965 eorum
723 1928 941 1977 intelligitur
960 1928 1076 1966 aliud.
1104 1928 1348 1966 Substantiae
1366 1946 1390 1966 ³0

273 1983 387 2032 igitur
423 1982 695 2019 intellectuales
729 1994 810 2019 non
848 1990 937 2019 sunt
974 1981 1242 2032 corruptibiles
1279 1994 1350 2031 per

273 2049 325 2074 se.
346 2059 371 2063 —
393 2036 574 2073 Similiter
611 2043 743 2072 autem
781 2047 910 2085 neque
949 2048 1019 2085 per
1055 2035 1245 2073 accidens.
1286 2035 1348 2073 Sic

273 2090 378 2128 enim
417 2096 725 2139 corrumpuntur
763 2088 975 2127 accidentia
1013 2097 1049 2127 et
1085 2089 1233 2127 formae
1267 2101 1349 2126 non

273 2143 534 2181 subsistentes.
566 2143 776 2181 Ostensum
807 2151 939 2180 autem
969 2151 1025 2180 est
1053 2156 1171 2193 supra
1191 2142 1212 2165 *
1241 2142 1348 2193 quod

273 2197 508 2235 substantiae
537 2197 808 2234 intellectuales
838 2204 927 2234 sunt
955 2196 1215 2234 subsistentes.
1251 2197 1350 2235 Sunt
1366 2214 1388 2234 ις

274 2251 387 2301 igitur
415 2251 578 2288 omnino
609 2250 929 2300 incorruptibiles.

329 2305 481 2342 Adhuc.
505 2303 713 2354 Corruptio
729 2312 785 2341 est
804 2304 966 2342 mutatio
987 2304 1194 2354 quaedam.
1217 2304 1349 2352 Quam

212 2378 216 2383 ·
240 2370 245 2388 ³
276 2366 428 2408 oportet
447 2370 529 2395 esse
550 2357 762 2395 terminum
782 2365 925 2404 motUS,
947 2365 988 2395 ut
1009 2357 1047 2395 in
1071 2359 1242 2407 Physicis
1255 2357 1275 2379 ²¹⁶
1295 2365 1350 2395 est

275 2412 497 2462 probatum.
530 2411 641 2449 Unde
671 2418 822 2461 oportet
849 2412 956 2461 quod
986 2423 1105 2448 omne
1130 2412 1238 2461 quod
1267 2424 1350 2450 cor-

277 2465 471 2515 rumpitur
494 2473 710 2502 moveatur.
734 2465 945 2503 Ostensum
978 2472 1034 2502 est
1061 2472 1193 2503 autem
1213 2465 1252 2502 in
1272 2466 1351 2503 Na-
1366 2482 1393 2502 40

275 2519 463 2557 turalibus
477 2519 497 2540 ‘¹‘
518 2519 625 2569 quod
646 2531 764 2556 omne
785 2519 890 2568 quod
914 2526 1097 2556 movetur
1115 2527 1171 2556 est
1195 2531 1349 2569 corpus.

277 2574 441 2623 Oportet
461 2572 573 2622 igitur
593 2585 711 2610 omne
736 2573 845 2622 quod
865 2572 1128 2622 corrumpitur
1157 2585 1239 2610 esse
1268 2585 1351 2610 cor-

275 2639 360 2677 pus,
391 2627 421 2664 si
440 2639 511 2676 per
530 2639 570 2664 se
591 2634 882 2676 corrumpatur:
904 2627 966 2663 vel
992 2626 1165 2676 aliquam
1183 2626 1351 2664 formam

275 2693 345 2718 seu
373 2680 554 2718 virtutem
592 2680 766 2730 corporis
795 2693 817 2717 a
845 2692 1009 2730 corpore
1047 2680 1350 2730 dependentem,

275 2734 306 2772 si
335 2741 608 2784 corrumpatur
635 2746 706 2784 per
734 2733 923 2771 accidens.
948 2734 1190 2771 Substantiae
1220 2741 1352 2772 autem
1366 2751 1391 2771 ις

275 2788 548 2826 intellectuales
586 2800 666 2825 non
701 2796 790 2825 sunt
823 2800 999 2838 corpora,
1035 2800 1163 2838 neque
1192 2787 1352 2826 virtutes

276 2855 345 2879 seu
364 2842 512 2879 formae
532 2854 555 2879 a
574 2853 738 2891 corpore
758 2841 1023 2891 dependentes
1037 2841 1069 2878 ²⁸.
1095 2842 1198 2890 Ergo
1223 2854 1351 2892 neque

274 2908 345 2946 per
373 2909 413 2933 se
442 2907 570 2945 neque
600 2907 670 2945 per
697 2895 876 2932 accidens
904 2904 1224 2945 corrumpuntur.
1254 2897 1353 2934 Sunt

276 2949 388 2999 igitur
416 2949 581 2987 omnino
612 2949 932 2998 incorruptibiles.

330 3005 436 3040 Item.
473 3003 604 3041 Omne
643 3002 752 3052 quod
781 3002 1055 3052 corrumpitur,
1090 3003 1354 3053 corrumpitur
1369 3023 1394 3043 50

276 3069 347 3106 per
374 3058 451 3094 hoc
489 3056 597 3106 quod
636 3056 782 3106 aliquid
820 3056 978 3106 patitur:
1018 3069 1109 3093 nam
1149 3064 1185 3093 et
1222 3057 1352 3107 ipsum

278 3109 477 3160 corrumpi
507 3117 563 3147 est
591 3110 794 3159 quoddam
827 3109 918 3160 pati.
950 3110 1067 3147 Nulla
1102 3117 1234 3147 autem
1263 3111 1353 3148 sub-

277 3164 413 3201 stantia
441 3163 704 3201 intellectualis
723 3171 848 3213 potest
867 3163 945 3213 pati
965 3163 1027 3200 tali
1052 3163 1232 3212 passione
1252 3176 1353 3214 quae

278 3218 393 3255 ducat
413 3218 462 3255 ad
482 3217 786 3267 corruptionem.
809 3217 915 3254 Nam
934 3217 1013 3267 pati
1034 3217 1204 3266 recipere
1224 3218 1353 3267 ’quod-

280 3271 371 3308 dam
401 3278 466 3308 est.
490 3271 611 3318 Quod
635 3278 767 3308 autem
788 3270 970 3320 recipitur
999 3270 1036 3307 in
1067 3270 1278 3309 substantia
1298 3271 1354 3308 in·
1370 3290 1392 3310 ss

279 3324 490 3371 tellectuali,
520 3332 671 3374 oportet
691 3324 798 3374 quod
819 3324 1025 3374 recipiatur
1053 3323 1092 3361 in
1118 3337 1163 3362 ea
1182 3337 1252 3374 per
1271 3337 1353 3362 mo-

280 3378 377 3415 dum
402 3377 531 3428 ipsius,
562 3377 702 3416 scilicet
731 3377 1020 3427 intelligibiliter.
1043 3378 1163 3424 Quod
1183 3390 1276 3415 vero
1304 3378 1357 3416 sic

337 3493 349 3517 3
370 3493 588 3528 corruptibilibus]
609 3494 847 3526 incorruptibilibus
868 3502 894 3519 α.

282 3528 359 3561 ducit]
380 3529 477 3554 inducit
495 3530 535 3561 pA
554 3533 580 3554 et
599 3530 627 3554 Z.

283 3564 386 3588 dentem
405 3572 468 3589 casu
489 3566 519 3590 Α.

721 3537 752 3562 ι7
773 3537 833 3554 esse
852 3530 875 3554 Α
893 3536 957 3554 casu
978 3530 1025 3557 bis,
1045 3532 1072 3554 et
1092 3529 1166 3555 BFX.

613 3565 645 3597 54
665 3565 749 3598 ducat]
778 3565 847 3590 ducit
867 3573 894 3590 α.

986 3492 999 3518 5
1021 3494 1120 3526 primae
1139 3493 1182 3518 he’c
1200 3493 1270 3525 DW;
1295 3498 1359 3526 post
1383 3495 1523 3526 potentiae.

1260 3528 1291 3553 25
1312 3531 1373 3562 quia
1392 3530 1499 3560 GNYZ;
1524 3530 1604 3563 quod.

986 3565 1018 3590 55
1039 3565 1064 3590 in
1083 3565 1228 3590 substantia
1247 3566 1269 3589 Α
1288 3566 1373 3595 solum
1394 3574 1408 3590 a
1427 3566 1580 3591 substantia.

793 294 982 330 SUMMA
1011 293 1234 329 CONTRA
1263 292 1538 337 GENTILES,
1568 293 1662 329 LIB.
1684 293 1725 338 II,
1757 293 1867 330 CAP.
1889 294 1970 330 LV.

1405 370 1445 407 in
1474 370 1686 407 substantia
1706 370 1950 407 intellectuali
1975 371 2166 420 recipitur,
2189 381 2245 410 est
2272 374 2478 423 perficiens

1405 423 1659 461 substantiam
1697 423 2004 470 intellectualem,
2044 432 2081 461 et
2112 437 2194 462 non
2220 424 2478 478 'corrumpens

1404 490 1507 514 eam:
1539 476 1770 525 intelligibile
1797 477 1904 514 enirn
1930 485 1986 515 est
2013 478 2196 528 perfectio
2226 478 2476 529 intelligentis.

1405 530 1625 569 Substantia
1654 529 1767 580 igitur
1794 530 2006 580 intelligens
2030 539 2087 569 est
2113 532 2424 583 incorruptibilis.

1457 586 1670 622 Praeterea.
1693 584 1800 622 Sicut
1819 585 1997 623 sensibile
2021 593 2078 623 est
2106 586 2303 624 obiectum
2332 599 2478 635 sensus,

1403 638 1454 675 ita
1491 638 1722 686 intelligibile
1761 646 1817 675 est
1845 638 2043 677 obiectum
2071 639 2295 678 intellectus.
2333 641 2480 679 Sensus

1403 700 1535 729 autem
1563 692 1722 742 propria
1750 692 1999 742 corruptione
2019 705 2102 731 non
2123 694 2389 744 corrumpitur
2407 695 2479 732 nisi

1402 754 1562 796 propter
1590 745 1856 783 excellentiam
1894 747 1954 784 sui
1992 747 2148 785 obiecti:
2188 748 2286 786 sicut
2318 748 2424 786 visus
2457 762 2480 787 a

1403 800 1515 837 valde
1544 799 1706 849 fulgidis,
1729 808 1766 836 et
1794 799 1950 838 auditus
1977 813 2001 838 a
2028 801 2191 839 fortibus
2219 802 2335 849 sonis,
2361 810 2398 840 et
2426 802 2479 840 sic

1364 871 1387 885 m
1402 854 1451 891 de
1480 853 1574 891 aliis.
1605 853 1703 891 Dico
1737 861 1868 891 autem
1899 856 2060 904 propria
2093 858 2367 906 corruptione:¹
2387 856 2480 906 quia

1403 919 1539 944 sensus
1567 907 1832 957 corrumpitur
1860 907 1978 945 etiam
2011 920 2082 957 per
2113 908 2292 947 accidens
2321 918 2481 960 propter

1402 961 1694 1011 corruptionem
1728 961 1900 998 subiecti.
1937 961 2017 1009 Qui
2050 969 2181 999 tamen
2214 963 2358 1001 modus
2396 976 2479 1001 cor—

1402 1015 1592 1065 ruptionis
1629 1027 1710 1052 non
1748 1023 1874 1064 potest
1911 1014 2084 1053 accidere
2122 1015 2343 1054 intellectui:
2387 1029 2480 1055 cum

1402 1081 1484 1106 non
1522 1069 1567 1106 sit
1605 1077 1713 1106 actus
1746 1068 1920 1119 corporis
1958 1069 2074 1106 ullius
2111 1069 2222 1119 quasi
2259 1083 2282 1107 a
2316 1082 2480 1120 corpore

1402 1123 1646 1172 dependens,
1686 1130 1728 1160 ut
1756 1135 1874 1172 supra
1893 1122 1913 1144 ³¹⁶
1950 1130 2152 1161 ostensum
2181 1131 2247 1161 est.
2277 1125 2386 1161 Patet
2413 1137 2480 1162 au·
2508 1133 2517 1142 ·

1402 1184 1482 1213 tem
1502 1176 1610 1226 quod
1639 1188 1711 1213 nec
1739 1175 2004 1226 corrumpitur
2030 1189 2101 1227 per
2128 1177 2392 1215 excellentiam
2420 1177 2481 1215 sui

1403 1229 1558 1267 obiecti:
1581 1230 1672 1280 quia
1693 1232 1756 1280 qm·
1783 1230 1953 1281 intelligit
1981 1231 2089 1269 valde
2116 1231 2375 1282 intelligibilia,
2404 1244 2479 1269 non

1403 1286 1526 1321 minus
1546 1284 1716 1334 intelligit
1735 1286 1858 1321 minus
1877 1284 2134 1335 intelligibilia,
2149 1285 2216 1322 sed
2233 1287 2357 1336 magis
2369 1284 2401 1322 ’ἢ
2421 1286 2481 1323 In-

1402 1339 1574 1374 tellectus
1603 1337 1717 1386 igitur
1744 1339 1851 1375 nullo
1881 1338 2003 1375 modo
2028 1346 2084 1375 est
2112 1338 2380 1388 corruptibilis.

1459 1391 1650 1441 Amplius.
1681 1391 1918 1440 Intelligibile
1947 1399 2003 1429 est
2029 1391 2188 1442 propria
2215 1392 2397 1442 perfectio
2425 1392 2481 1430 in-

1404 1446 1594 1482 tellectus:
1625 1445 1731 1482 unde
1765 1446 1967 1483 intellectus
1999 1448 2037 1482 in
2067 1452 2152 1483 actu
2186 1452 2220 1483 et
2252 1447 2483 1497 intelligibile

1405 1501 1442 1536 in
1479 1505 1563 1537 actu
1597 1505 1683 1536 sunt
1711 1512 1827 1536 unum
1848 1499 1879 1535 *.
1915 1499 2037 1547 Quod
2068 1499 2183 1549 igitur
2209 1500 2393 1537 convenit
2425 1500 2482 1538 in-

1404 1552 1585 1602 telligibili
1614 1553 1850 1602 inquantum
1871 1560 1927 1590 est
1953 1552 2197 1602 intelligibile,
2219 1561 2371 1604 oportet
2390 1565 2483 1591 con-

1404 1607 1538 1644 venire
1581 1606 1788 1644 intellectui
1830 1606 2064 1656 inquantum
2102 1607 2346 1645 huiusmodi:
2391 1608 2484 1658 quia

1405 1659 1588 1711 perfectio
1625 1668 1662 1697 et
1693 1660 1928 1709 perfectibile
1957 1668 2048 1698 sunt
2081 1661 2199 1698 unius
2226 1661 2388 1709 generis.
2422 1663 2482 1699 In-

1405 1713 1596 1763 telligibile
1625 1721 1769 1760 autem,
1797 1714 2033 1764 inquantum
2062 1722 2118 1751 est
2145 1713 2390 1764 intelligibile,
2427 1722 2484 1752 est

1406 1766 1670 1806 necessarium
1708 1775 1744 1804 et
1782 1766 2087 1818 incorruptibile:
2127 1767 2344 1805 necessaria
2376 1767 2483 1806 enim

1405 1821 1571 1871 perfecte
1591 1829 1680 1858 sunt
1699 1821 1893 1859 intellectu
1912 1821 2203 1870 cognoscibilia;
2224 1821 2484 1871 contingentia

1405 1887 1510 1921 vero,
1532 1875 1767 1924 inquantum
1788 1874 2027 1922 huiusmodi,
2049 1887 2130 1912 non
2149 1874 2222 1913 nisi
2241 1874 2481 1922 deficientem

1405 1929 1570 1965 habetur
1605 1927 1711 1964 enim
1740 1927 1789 1965 de
1818 1927 1872 1964 eis
1901 1940 1982 1965 non
2018 1927 2194 1975 scientia,
2233 1928 2302 1966 sed
2337 1930 2484 1979 opinio5

1404 1982 1510 2020 unde
1530 1989 1567 2018 et
1586 1980 1897 2031 corruptibilium
1917 1981 2130 2020 intellectus
2149 1981 2349 2020 scientiam
2367 1975 2485 2022 habet

1405 2034 1625 2073 secundum
1653 2034 1762 2085 quod
1791 2042 1880 2072 sunt
1900 2034 2217 2086 incorruptibilia,
2246 2031 2483 2086 inquantum

1405 2088 1547 2127 scilicet
1584 2097 1674 2126 sunt
1712 2088 1956 2127 universalia.
1988 2089 2153 2140 Oportet
2190 2087 2304 2139 igitur
2340 2090 2483 2128 intelle—

1405 2151 1512 2182 ctum
1541 2155 1624 2180 esse
1654 2141 2000 2193 incorruptibilem.

1460 2196 1613 2234 Adhuc.
1658 2196 1984 2246 Unumquodque
2026 2195 2226 2246 perficitur
2262 2197 2483 2237 secundum

1406 2251 1573 2288 modum
1593 2262 1687 2288 suae
1717 2250 1964 2288 substantiae.
1986 2250 2045 2288 Ex
2069 2250 2191 2288 modo
2221 2250 2335 2300 igitur
2361 2250 2483 2302 perfe-

1406 2303 1542 2342 ctionis
1571 2303 1733 2342 alicuius
1752 2303 1808 2342 rei
1835 2311 1962 2354 potest
1989 2303 2111 2354 accipi
2139 2304 2284 2342 modus
2307 2304 2483 2343 substan·

1406 2358 1480 2396 tiae
1508 2357 1641 2408 ipsius,
1671 2359 1887 2396 Intellectus
1915 2365 2049 2396 autem
2077 2369 2159 2396 non
2186 2357 2385 2409 perficitur
2411 2370 2484 2408 per

1407 2420 1579 2458 motum,
1609 2412 1677 2449 sed
1697 2424 1768 2462 per
1795 2413 1872 2450 hoc
1891 2411 1999 2462 quod
2020 2419 2076 2449 est
2104 2419 2208 2450 extra
2231 2419 2385 2450 motum
2405 2411 2482 2450 exi-

1408 2473 1525 2502 stens:
1565 2465 1793 2516 perficimur
1825 2465 1931 2503 enim
1959 2465 2180 2504 seeundum
2213 2465 2483 2504 intellectivam

1407 2518 1581 2557 animam
1610 2518 1766 2556 scientia
1795 2527 1832 2556 et
1860 2519 2077 2571 prudentia,
2112 2519 2252 2557 sedatis
2286 2526 2482 2569 permuta-

1408 2572 1579 2610 tionibus
1608 2580 1644 2610 et
1682 2572 1950 2622 corporalibus
1979 2581 2016 2610 et
2053 2572 2207 2611 animae
2235 2572 2482 2622 passionum3

1408 2634 1450 2664 ut
1478 2634 1582 2676 patet
1606 2638 1676 2676 per
1704 2626 2004 2676 Philosophum,
2034 2625 2074 2664 in
2093 2627 2159 2664 V11
2184 2627 2435 2676 Physicorum
2449 2625 2481 2664 *.

1408 2680 1554 2718 Modus
1569 2680 1682 2728 igitur
1696 2680 1930 2718 substantiae
1946 2679 2186 2729 intelligentis
2205 2688 2262 2718 est
2276 2679 2384 2730 quod
2399 2692 2482 2718 esse

1408 2746 1525 2772 suum
1547 2733 1592 2771 sit
1621 2746 1738 2784 supra
1766 2741 1933 2781 motum,
1954 2742 1990 2772 et
2012 2746 2083 2784 per
2102 2746 2352 2784 consequens
2366 2745 2484 2784 supra

1407 2795 1574 2838 tempus.
1609 2788 1705 2825 Esse
1734 2795 1866 2826 autem
1893 2786 2099 2826 cuiuslibet
2136 2787 2191 2826 rei
2227 2785 2485 2838 corruptibilis

1408 2841 1580 2879 subiacet
1608 2841 1734 2879 motui
1762 2849 1799 2878 et
1826 2841 2005 2892 tempori.
2026 2841 2269 2892 Impossibile
2289 2849 2345 2879 est
2373 2840 2486 2891 igitur

1409 2895 1663 2933 substantiam
1692 2894 1966 2945 intelligentem
1995 2907 2078 2933 esse
2107 2894 2411 2946 corruptibilem.

1462 2950 1676 2988 Praeterea.
1707 2949 1948 2999 Impossibile
1969 2957 2025 2987 est
2053 2950 2226 2988 naturale
2248 2947 2486 2987 desiderium

1408 3015 1491 3040 esse
1521 3003 1652 3041 inane:
1676 3009 1813 3041 natura
1839 3005 1940 3041 enim
1970 3003 2062 3041 nihil
2077 3003 2179 3052 facit
2186 3003 2340 3052 frustra
2353 3001 2386 3040 *.
2408 3000 2486 3040 Sed
2513 3001 2522 3011 '

1409 3056 1570 3106 quilibet
1598 3056 1811 3106 intelligens
1835 3056 2058 3095 naturaliter
2076 3056 2269 3094 desiderat
2297 3067 2380 3094 esse
2399 3066 2485 3106 per-

1408 3118 1590 3160 petuum:
1620 3122 1702 3148 non
1731 3112 1861 3148 solum
1889 3118 1932 3149 ut
1959 3117 2211 3161 perpetuetur
2238 3122 2321 3148 esse
2349 3119 2485 3147 secun-

1410 3164 1507 3202 dum
1536 3163 1718 3214 speciem,
1747 3164 1816 3202 sed
1845 3164 1961 3202 etiam
1990 3163 2252 3202 individuum.
2283 3161 2404 3210 Quod
2432 3160 2485 3198 sic

1410 3226 1523 3267 patet.
1556 3217 1751 3255 Naturalis
1780 3217 1885 3256 enim
1915 3217 2108 3269 appetitus
2135 3215 2372 3268 quibusdam
2401 3213 2485 3264 qui-

1410 3271 1501 3309 dem
1531 3271 1628 3309 inest
1657 3285 1703 3310 ex
1733 3271 2061 3323 apprehensione:
2097 3270 2194 3309 sicut
2226 3270 2342 3319 lupus
2376 3276 2485 3306 natu-

1411 3324 1538 3363 raliter
1556 3325 1748 3363 desiderat
1768 3325 2005 3364 occisionem
2025 3322 2253 3363 animalium
2276 3334 2323 3359 ex
2343 3321 2486 3371 quibus

1412 3379 1592 3429 pascitur,
1631 3386 1667 3417 et
1707 3379 1830 3416 homo
1867 3377 2088 3416 naturaliter
2115 3375 2306 3414 desiderat
2334 3375 2485 3413 felicita-

1617 3501 1648 3519 ια
1669 3493 1845 3527 corrumpitur
1868 3501 1911 3518 om
1931 3491 2059 3518 GNWPc.
2157 3490 2188 3516 16
2208 3499 2255 3516 ens
2283 3492 2304 3516 Α
2323 3491 2408 3522 solun
2434 3498 2487 3516 om.

1698 3529 1731 3562 34
1751 3535 1837 3554 autem
1857 3528 1899 3554 hic
1917 3529 1938 3553 Α
1957 3527 2043 3558 ,νάπη
2060 3530 2125 3559 post
2143 3531 2191 3552 est.
2282 3534 2319 3559 44
2338 3527 2487 3560 dependen-

1674 3565 1706 3590 56
1725 3566 1751 3590 in
1771 3573 1801 3590 ea
1826 3563 1985 3592 DNWYzm
2005 3563 2031 3588 in
2050 3570 2091 3588 eo.
2183 3562 2215 3595 57
2235 3563 2272 3588 sic
2291 3562 2318 3588 in
2337 3563 2360 3587 Α
2380 3562 2487 3587 videtur

282 3599 373 3628 deleri,
392 3600 439 3624 sed
458 3601 505 3626 ltoc
523 3601 599 3626 casui
618 3601 786 3633 imponimus,
805 3601 868 3633 quia
887 3601 945 3626 sine
964 3601 1009 3626 illo
1029 3601 1108 3626 verbo
1126 3608 1219 3626 sensus
1238 3601 1430 3626 deterioratur.

336 3634 352 3658 8
372 3635 484 3668 propter]
505 3644 551 3668 per
570 3637 675 3661 EGbl’c.
770 3635 802 3661 18
822 3637 907 3661 minus
927 3637 974 3661 alt.
994 3635 1061 3670 loco]
1082 3637 1179 3661 mimus
1199 3637 1221 3661 Α
1239 3643 1311 3662 casu.

284 3706 426 3737 quodlibet.
519 3706 550 3731 53
571 3707 741 3740 individuum]
762 3709 907 3733 secundum
927 3708 1088 3733 individuum
1109 3707 1223 3733 NYZPc.

1402 3645 1437 3669 40
1458 3635 1616 3670 perficimur]
1636 3634 1786 3667 perficimus
1804 3641 1868 3660 casu
1885 3634 1915 3664 Α.
1930 3632 2062 3667 perficitur
2076 3633 2120 3660 Pe.

283 3670 386 3694 sionum
406 3671 507 3695 CFWX
526 3675 552 3696 et
570 3672 627 3696 sine
646 3677 671 3696 et
691 3672 726 3702 N;
747 3678 772 3697 et
791 3673 892 3697 animae
912 3674 1041 3705 passionis
1062 3672 1090 3703 B,
1104 3677 1128 3697 et
1143 3679 1195 3696 non
1215 3672 1344 3705 passionis
1364 3673 1396 3700 Η.
1411 3678 1436 3698 et
1449 3673 1551 3698 animae
1565 3671 1731 3705 passionibus
1746 3669 1833 3696 EGYb
1848 3673 1875 3695 et
1886 3670 1944 3695 sine
1957 3674 1983 3694 et
1995 3669 2085 3696 szc.

1316 3707 1348 3740 54
1367 3707 1483 3742 quidem]
1504 3708 1611 3741 quidam
1631 3708 1653 3732 Α
1671 3714 1744 3732 casu.

2209 3641 2242 3666 4²
2264 3638 2290 3659 et
2307 3633 2408 3659 animae
2427 3641 2487 3667 pas—

2177 3669 2206 3695 5ι
2229 3669 2338 3703 quilibet
2356 3668 2486 3698 EGNXZ;

1837 3704 1870 3731 56
1889 3713 1919 3730 ex
1939 3704 2045 3739 quibus]
2067 3706 2099 3730 de
2119 3704 2215 3738 quibus
2237 3705 2358 3731 nDWPc.

2532 1284 2565 1306 nl

2507 1286 2517 1295 ·
2583 1284 2618 1308 de.
2698 1289 2723 1312 a,

2509 1317 2540 1336 ιν,
2551 1317 2574 1340 5;
2590 1317 2610 1333 ι.
2619 1311 2666 1334 Th.
2674 1311 2692 1334 1.
2701 1317 2724 1340 7.

2509 1505 2724 1561 ’ΠΙ-δὲαἹι-ὴοῐιΐὲν,

2509 2625 2645 2675 aen-⁶2¹¹·
2706 2631 2726 2648 ⁸·
