2768 4134
31 572 40 581 ·
56 569 112 591 Loe.
128 569 167 590 cit.

32 745 41 755 ”
56 744 114 772 cap.
125 750 177 765 xm.

30 2175 43 2185 ⁶
57 2173 93 2196 et.
109 2179 133 2196 ιι.
143 2179 174 2196 ιν.

814 263 1000 300 SUMMA
1032 263 1254 302 CONTRA
1282 266 1558 316 GENTILES,
1588 270 1699 307 CAP.
1720 271 1804 317 XX,
1825 272 1923 309 XXI.

274 342 397 383 aliquid
419 348 570 374 movetur
593 342 632 373 ab
655 342 731 378 alio,
754 340 880 372 reducit
902 350 970 371 non
1000 340 1041 371 ad
1070 343 1293 373 attractionem
1316 350 1347 374 et

274 387 512 428 expulsionem,
535 386 592 418 sed
614 386 656 418 ad
677 390 817 417 tractum
839 390 872 416 et
893 385 1037 425 pulsum,
1061 385 1153 425 quod
1177 392 1224 416 est
1245 396 1348 426 genus

274 432 473 472 expulsionis
497 437 529 463 et
550 430 766 472 impulsionis.
789 447 812 452 -
835 429 904 460 Nec
928 430 1025 460 etiam
1040 428 1167 460 videtur
1182 439 1295 461 verum
1315 431 1348 461 in

273 477 463 507 attractione
479 475 571 518 quod
586 474 708 506 mobile
723 473 899 514 aliquando
922 474 1150 514 propinquius,
1174 474 1348 514 aliquando

273 521 431 552 remotius
451 521 492 551 sit
507 530 526 551 a
546 524 714 558 movente:
732 518 865 549 trahens
880 518 965 548 enim
987 527 1153 559 nunquam
1175 523 1349 558 separatur

273 565 316 596 ab
338 574 376 596 eo
400 564 490 606 quod
510 564 663 599 trahitur,
688 569 725 594 ut
747 562 865 593 dicitur
884 562 941 592 VII
958 562 1174 603 Pirysicorum
1186 563 1213 592 ⁹.

328 609 532 650 Responderi
555 613 673 649 potest,
697 612 857 648 quantum
878 607 959 638 mihi
974 607 1014 638 ad
1030 616 1181 648 praesens
1197 608 1348 643 occurrit,

273 654 365 695 quod
395 655 455 685 ista
484 654 566 684 ratio
595 653 753 693 supponit
779 652 922 692 primum
949 661 1086 683 movens
1112 661 1208 683 suum
1235 652 1348 682 locum

272 708 342 730 non
364 703 490 729 mutare
512 697 554 728 ad
573 702 702 728 motum
724 697 793 727 eius
814 696 905 737 quod
926 697 965 727 ab
988 698 1061 738 ipso
1082 702 1247 728 movetur:
1272 706 1348 727 curn

272 748 440 774 ostensum
463 742 504 773 sit
525 742 635 782 ipsum
659 751 728 772 esse
751 741 919 772 immobile
932 742 958 772 ’ἢ
983 740 1122 772 Constat
1144 746 1254 772 autem
1280 750 1348 771 non

271 795 404 818 movere
426 785 490 817 tale
519 795 656 817 movens
687 785 775 817 aliud
802 795 922 826 corpus
949 786 1011 816 nisi
1037 795 1096 826 per
1122 785 1348 826 expulsionem

272 837 328 862 aut
348 831 583 867 attractionem,
600 830 678 862 dum
695 830 787 871 quod
809 836 962 862 movetur
976 835 1032 861 aut
1046 829 1123 861 facit
1138 840 1156 860 a
1172 839 1206 860 se
1221 829 1348 866 distare,

271 882 328 907 aut
342 875 419 907 facit
434 875 554 907 distans
570 875 610 907 ad
625 885 660 906 se
683 876 957 916 appropinquare,
973 880 1029 906 aut
1044 874 1225 906 secundum
1241 880 1348 905 totum

271 926 328 953 aut
342 920 524 952 secundum
536 926 672 962 partem.
686 921 834 961 Utroque
846 926 956 951 autem
971 919 1074 950 modo
1086 919 1246 959 contingit
1258 919 1349 960 quod

270 971 423 997 movetur
445 965 621 1006 aliquando
643 965 863 1006 propinquius
891 965 1038 996 moventi
1069 973 1149 1001 esse,
1172 963 1348 1005 aliquando

271 1011 440 1041 remotius.

328 1054 416 1086 Cum
440 1061 550 1087 autem
573 1055 718 1090 instatur,
743 1054 820 1095 quia
842 1053 971 1084 trahens
994 1063 1164 1094 nunquam
1184 1058 1350 1094 separatur

271 1109 290 1130 a
312 1105 430 1131 tracto:
454 1118 477 1123 -
499 1099 617 1130 dicitur
639 1099 746 1139 primo
771 1097 872 1139 quod,
896 1098 1068 1139 supposito
1099 1098 1190 1139 quod
1220 1098 1349 1129 trahens

270 1153 340 1175 non
372 1149 552 1180 moveatur,
581 1143 699 1174 falsum
731 1148 779 1174 est
810 1142 901 1183 quod
933 1152 1104 1184 nunquam
1136 1149 1301 1184 separetur
1330 1153 1349 1174 a

270 1194 385 1226 tracto,
408 1190 512 1220 immo
536 1189 784 1228 coniunguntur
803 1193 930 1218 tantum
953 1188 987 1218 in
1010 1187 1086 1225 fine,
1107 1193 1144 1219 ut
1161 1194 1249 1228 patet
1272 1197 1349 1219 cum

269 1243 405 1274 magnes
419 1233 547 1264 attrahit
562 1231 698 1264 ferrum:
715 1241 783 1263 non
800 1232 888 1263 enim
903 1232 968 1263 alio
984 1233 1086 1264 modo
1101 1233 1226 1264 trahere
1241 1238 1350 1273 potest

271 1287 393 1320 corpus
415 1277 509 1319 quod·
530 1286 599 1319 non
622 1282 774 1308 movetur
803 1286 902 1318 quam
930 1286 1063 1317 magnes
1087 1276 1207 1309 ferrum
1235 1278 1349 1314 trahat,

270 1322 478 1365 scilicetper
486 1317 745 1363 impressionem
769 1321 905 1352 alicuius
935 1321 1059 1353 formae
1089 1328 1222 1363 propter
1250 1331 1349 1363 quam

232 1369 239 1371 “
268 1365 409 1399 finctum
431 1371 584 1398 movetur
606 1366 647 1397 ad
670 1366 808 1397 trahens.
832 1365 934 1404 Quod
957 1371 1066 1398 autem
1089 1367 1196 1407 inquit
1226 1367 1350 1398 Aristo-

270 1412 361 1448 teles,
374 1411 467 1453 quod
478 1411 611 1442 trahens
627 1420 793 1452 nunquam
808 1416 984 1451 separatur
995 1421 1016 1441 a
1032 1416 1148 1448 tracto,
1162 1412 1351 1453 intelligitur

271 1456 313 1488 de
329 1466 370 1488 eo
385 1455 477 1497 quod
491 1456 587 1487 trahit
610 1465 668 1496 per
690 1461 820 1487 motum
843 1455 982 1486 localem
1002 1461 1140 1494 tantum,
1155 1466 1224 1487 non
1240 1462 1350 1488 autem

271 1511 330 1543 per
351 1501 600 1542 impressionem
623 1500 760 1531 alicuius
784 1499 918 1530 formae.
952 1500 1047 1531 Unde
1078 1501 1142 1531 alio
1172 1501 1274 1532 modo
1298 1502 1350 1532 hic

271 1546 429 1587 accipitur
451 1546 577 1582 tractio,
601 1550 634 1575 et
657 1545 721 1575 alio
744 1544 846 1575 modo
867 1544 925 1575 Vll
942 1545 1169 1586 Physicorum.

327 1590 455 1623 Dicitur
469 1588 615 1622 secundo
632 1589 734 1630 quod,
750 1589 826 1620 licet
848 1589 977 1620 trahens
1000 1599 1171 1631 nunquam
1186 1595 1352 1631 separetur

267 1644 292 1667 a
313 1640 417 1667 tracto
439 1635 588 1671 omnino,
613 1634 694 1674 quin
718 1634 840 1665 scilicet
862 1634 893 1664 ei
916 1633 1008 1674 quod
1037 1635 1172 1666 trahitur
1201 1635 1242 1666 sit
1271 1644 1351 1666 con-

271 1680 422 1712 iunctum
437 1685 494 1711 aut
508 1678 690 1711 secundum
713 1683 821 1710 totum
837 1677 929 1719 quod
949 1679 1084 1710 trahitur
1098 1684 1155 1710 aut
1169 1679 1350 1711 secundum

271 1730 408 1766 partem,
431 1733 501 1756 non
524 1729 655 1765 oportet
683 1729 792 1754 tamen
823 1732 951 1764 semper
979 1724 1089 1764 ipsum
1116 1724 1272 1764 coniungi
1302 1733 1351 1755 se-

273 1769 420 1801 cundum
441 1774 560 1806 totum,
583 1767 641 1799 sed
663 1767 782 1799 sufficit
804 1773 841 1799 ut
863 1768 1045 1799 secundum
1067 1773 1192 1809 partem
1213 1769 1351 1800 coniun-

271 1819 375 1855 gatur.
407 1814 450 1846 Et
479 1814 526 1845 sic
554 1813 713 1844 accideret
744 1813 770 1843 si
799 1822 936 1844 movens
966 1813 1181 1844 extrinsecum
1205 1814 1351 1854 corporis

273 1859 417 1890 caelestis
440 1865 524 1890 esset
547 1867 667 1899 corpus
690 1858 828 1888 existens
847 1858 882 1888 in
902 1857 1116 1888 determinato
1132 1859 1206 1894 situ,
1222 1864 1302 1899 puta
1317 1858 1350 1889 in

272 1904 408 1935 oriente.
424 1903 521 1940 Nam,
534 1901 728 1945 expellendo
744 1911 763 1932 a
778 1911 812 1933 se
828 1911 928 1933 unam
944 1907 1079 1943 partem,
1097 1903 1150 1933 cui
1165 1902 1351 1934 immediate

269 1948 493 1990 coniungitur,
517 1957 576 1989 per
605 1947 881 1988 hemisphaerium
909 1947 1068 1988 superius,
1092 1947 1230 1978 traheret
1253 1947 1294 1978 ad
1316 1957 1351 1978 se

273 1993 369 2024 aliam
385 1999 520 2034 partem,
538 2001 623 2034 quae
638 1992 678 2023 ab
695 1991 865 2023 occidente
880 1997 1032 2022 movetur
1050 1991 1090 2022 ad
1106 1992 1276 2028 orientem,
1293 2000 1351 2033 per

271 2037 549 2080 hemisphaerium
571 2036 719 2073 inferius3
744 2041 776 2067 et
798 2037 844 2068 sic
867 2037 1119 2076 coniungeretur
1139 2037 1169 2067 ei
1184 2036 1274 2076 quod
1289 2042 1351 2067 tra-

273 2083 370 2119 hitur,
393 2092 463 2114 non
486 2081 668 2114 secundum
690 2086 815 2122 partem
839 2090 923 2122 quae
938 2081 1082 2117 trahitur,
1099 2080 1156 2111 sed
1170 2080 1351 2112 secundum

272 2132 399 2169 partem
423 2137 508 2168 quae
531 2126 711 2168 expellitur.

328 2171 414 2203 XIX.
433 2172 564 2210 Quarta
581 2172 668 2203 ratio
680 2171 707 2201 ³.
732 2170 820 2201 Finis
837 2170 933 2211 primi
948 2174 1059 2200 motus
1074 2179 1142 2201 non
1158 2175 1267 2211 potest
1281 2179 1351 2201 esse

273 2222 394 2259 corpus
418 2222 474 2248 aut
494 2217 597 2248 virtus
626 2217 661 2247 in
691 2224 840 2255 corpore.
870 2214 935 2246 Sed
965 2214 1055 2245 Deus
1085 2219 1133 2245 est
1159 2214 1232 2246 finis
1255 2215 1352 2255 primi

272 2265 394 2292 motus.
418 2261 506 2303 Ergo
529 2270 639 2302 neque
662 2265 710 2291 est
733 2269 852 2300 corpus
875 2269 984 2300 neque
998 2259 1099 2290 virtus
1113 2259 1148 2289 in
1164 2268 1313 2301 corpore.
1329 2277 1353 2282 —

274 2305 380 2338 Maior
393 2307 560 2348 probatur.
577 2305 664 2344 Quia
678 2304 779 2336 finem
794 2310 905 2336 motus
918 2304 1068 2344 perpetui
1079 2310 1210 2344 oportet
1225 2313 1354 2344 semper

272 2359 344 2383 esse
368 2356 401 2382 et
427 2351 581 2382 omnibus
610 2349 718 2381 modis
741 2350 775 2380 in
799 2354 888 2380 actu:
912 2358 954 2380 eo
978 2347 1070 2389 quod
1092 2354 1202 2380 motus
1225 2349 1282 2390 qui
1305 2354 1353 2379 est

272 2395 315 2427 ad
335 2395 438 2427 finem
461 2401 634 2427 exeuntem
657 2394 698 2426 de
721 2395 867 2435 potentia
889 2394 923 2424 in
947 2398 1067 2430 actum,
1082 2402 1152 2424 non
1175 2394 1215 2425 sit
1236 2402 1352 2434 perpe-

272 2445 364 2477 tuus:
377 2449 454 2472 cum
467 2445 570 2472 cesset
579 2439 712 2481 quando
725 2439 766 2470 ad
777 2443 886 2470 actum
895 2443 1089 2479 perventum
1097 2437 1204 2469 fuerit.
1215 2438 1352 2470 Nullum

273 2490 383 2516 autem
407 2494 527 2526 corpus
550 2490 606 2516 aut
628 2485 729 2516 virtus
752 2485 786 2515 in
810 2493 948 2525 corpore
972 2488 1020 2514 est
1046 2483 1250 2514 huiusmodi:
1275 2492 1352 2514 cum

273 2535 444 2562 moveatur
467 2535 524 2561 aut
545 2539 604 2570 per
625 2538 660 2560 se
684 2534 740 2560 aut
762 2538 821 2570 per
844 2527 1004 2559 accidens.
1020 2545 1043 2551 —
1059 2528 1168 2559 Minor
1182 2537 1260 2559 vero
1276 2537 1352 2568 pro-

273 2574 378 2610 batur.
401 2574 489 2614 Quia
510 2573 584 2605 finis
607 2574 705 2615 primi
727 2579 838 2605 motus
861 2578 910 2604 est
931 2573 1075 2613 primum
1097 2582 1244 2608 movens,
1261 2572 1353 2613 quod

272 2625 386 2651 movet
407 2620 492 2650 sicut
515 2618 742 2650 desideratum.
766 2637 790 2641 —
812 2618 874 2649 Ista
897 2619 978 2649 ratio
1003 2618 1101 2648 etiam
1122 2627 1160 2648 ex
1176 2617 1249 2647 vm
1265 2617 1352 2658 Pluy-

33 2667 45 2683 ⁴
58 2666 248 2693 cacan-:m
273 2664 418 2696 sicerum
433 2665 451 2681 ⁴*
474 2664 571 2695 habet
594 2663 853 2699 fundamentum,
875 2663 931 2694 ubi
955 2662 1136 2693 ostenditur
1152 2663 1303 2693 virtutem
1318 2662 1352 2692 in

31 2693 51 2716 l.
61 2699 94 2722 ¹3·

275 2717 414 2750 corpore
437 2709 562 2739 moveri
585 2713 642 2739 aut
664 2717 723 2749 per
745 2717 780 2739 se
804 2713 859 2738 aut
882 2717 941 2748 per
963 2706 1123 2738 accidens.

2414 274 2463 311 63

1458 355 1487 376 2.
1511 346 1575 377 Sed
1598 348 1681 378 circa
1703 349 1786 379 hanc
1809 351 1967 381 rationem
1981 353 2122 383 occurrit
2137 351 2288 384 dubium:
2307 354 2383 394 quia
2398 363 2464 385 non

1400 388 1526 419 videtur
1549 390 1726 422 differentia
1747 393 1829 423 inter
1852 393 1950 425 finem
1974 397 2031 436 qui
2053 396 2093 427 de
2123 398 2267 438 potentia
2295 399 2330 429 in
2357 403 2464 431 actum

1402 433 1475 468 exit,
1500 438 1540 483 et.
1554 433 1653 464 finem
1677 436 1733 475 qui
1757 442 1804 466 est
1833 447 1960 478 semper
1990 441 2025 470 in
2053 446 2136 477 actu,
2166 448 2315 483 respectu
2345 448 2464 474 motus.

1402 476 1459 506 Est
1489 485 1576 507 enim
1605 479 1822 510 universaliter
1854 491 1966 512 verum
1996 485 2095 523 quod,
2124 486 2232 516 habito
2260 486 2335 524 fine,
2365 493 2466 518 cessat

1402 524 1525 550 motus:
1550 521 1657 551 habita
1687 523 1774 552 enim
1804 525 1935 556 sanitate
1965 535 2047 566 quae
2078 528 2223 560 educitur
2250 530 2290 561 de
2321 532 2465 572 potentia

1401 564 1435 593 in
1459 569 1578 600 actum,
1603 571 1703 596 cessat
1726 568 1862 604 sanati03
1888 575 1919 599 et
1941 570 2049 600 habito
2072 572 2147 603 loco
2170 573 2331 611 deorsum,
2348 576 2403 615 qui
2419 582 2466 606 est

1401 606 1474 637 finis
1498 614 1572 639 actu
1596 610 1820 648 praeexistens,
1845 619 1945 643 cessat
1974 621 2083 645 motus
2112 618 2213 656 gravis
2240 618 2400 650 deorsum.
2425 620 2465 650 Et

1402 652 1447 681 sic
1471 659 1633 692 sequetur,
1658 654 1684 683 si
1707 660 1755 684 est
1777 655 1892 694 aliquis
1915 656 1986 688 finis
2009 660 2104 698 primi
2126 667 2244 697 motus.
2266 663 2354 702 quod
2374 664 2464 694 nullo

1402 696 1504 727 m'odo
1528 698 1647 737 poterit
1671 707 1739 728 esse
1762 706 1948 739 perpetuus.

1458 741 1686 781 Respondetur
1715 742 1806 783 quod
1833 743 1886 774 illa
1914 747 2106 786 propositio,
2131 748 2252 778 Habito
2269 751 2343 790 fine
2365 758 2467 781 cessat

1403 790 1519 819 motus,
1544 795 1612 816 non
1637 792 1683 817 est
1707 796 1780 818 vera
1803 786 1843 816 de
1869 790 1963 828 ‚omni
1993 790 2068 826 fine,
2092 797 2128 821 ut
2155 792 2289 823 habetur
2312 794 2353 823 IV
2369 795 2464 830 Seni„

1401 828 1433 859 d.
1450 839 1555 865 xnvm,
1573 840 1604 870 q.
1618 841 1650 866 11,
1668 841 1695 861 a.
1712 841 1740 867 2,
1759 832 1798 862 ad
1814 833 2026 873 penultimam
2042 836 2199 866 rationem
2214 837 2247 866 in
2263 839 2465 877 oppositum:

1402 873 1459 904 sed
1482 874 1579 905 habet
1598 876 1764 907 veritatem
1786 882 1914 908 tanturn
1938 877 1977 908 de
2001 878 2064 909 fine
2089 880 2145 919 qui
2167 881 2311 920 sequitur
2326 888 2466 918 motum:

1401 918 1472 948 talis
1496 919 1583 948 enim
1607 926 1814 960 comparatur
1837 921 1876 952 ad
1900 928 2027 953 motum
2051 923 2132 954 sicut
2148 926 2303 955 terminus
2319 925 2358 956 ad
2374 927 2467 957 viam.

1402 962 1452 994 De
1475 962 1540 994 fine
1564 969 1673 994 autem
1697 966 1754 1004 qui
1777 967 2015 997 concomitatur
2037 973 2174 1004 motum,
2191 979 2259 999 non
2279 970 2374 1000 habet
2389 971 2468 1001 veri-

1401 1012 1511 1038 tatem.
1532 1007 1621 1038 Finis
1636 1014 1745 1039 autem
1762 1016 1871 1041 motus
1887 1011 2030 1041 caelestis
2047 1017 2093 1042 est
2108 1013 2292 1044 assimilatio
2309 1013 2348 1044 ad
2364 1014 2469 1045 Deum

1401 1052 1436 1082 in
1452 1052 1646 1088 causalitate,
1659 1058 1814 1093 tanquam
1826 1054 1975 1085 videlicet
1990 1055 2062 1086 finis
2077 1057 2279 1088 intrinsecus:
2296 1057 2368 1088 finis
2384 1059 2469 1090 enim

1403 1097 1610 1133 extrinsecus,
1627 1096 1667 1127 de
1683 1106 1752 1138 quo
1767 1098 1801 1128 in
1816 1099 1876 1130 hac
1891 1100 2014 1130 ratione
2031 1106 2078 1130 est
2093 1110 2209 1137 sermo,
2226 1108 2273 1132 est
2287 1103 2356 1142 ipse
2371 1102 2468 1134 Deus.

1402 1141 1493 1172 Haec
1517 1147 1627 1172 autem
1647 1143 1832 1173 assimilatio
1849 1144 1890 1174 ad
1905 1144 2012 1175 Deum
2028 1147 2264 1176 concomitatur
2278 1146 2385 1187 ipsum
2400 1157 2470 1178 mo—

1402 1191 1484 1217 tum.
1508 1186 1585 1217 Ideo
1609 1196 1677 1217 non
1700 1193 1802 1218 cessat
1823 1194 1934 1219 motus
1957 1189 2033 1219 caeli
2057 1190 2166 1220 habito
2186 1191 2246 1221 isto
2267 1190 2345 1221 fine:
2370 1192 2470 1223 immo

1403 1236 1563 1272 perpetuo
1587 1236 1737 1262 movetur
1768 1233 1892 1264 caelum
1923 1239 2054 1274 propter
2082 1235 2169 1265 hunc
2199 1234 2298 1266 finem
2326 1236 2470 1267 habitum

1402 1275 1693 1306 manutenendum.
1718 1275 1936 1308 Conservatur
1959 1284 2067 1309 autem
2091 1284 2199 1310 motus
2215 1279 2384 1310 uniformis
2399 1290 2471 1321 per-

1403 1325 1522 1361 petuus
1537 1325 1670 1361 propter
1685 1320 1943 1353 immobilitatem
1966 1323 2066 1363 ipsius
2082 1323 2152 1354 Dei.
2177 1323 2224 1354 Ex
2240 1333 2307 1364 quo
2323 1326 2471 1365 provenit

1404 1364 1495 1406 quod
1511 1365 1638 1396 caelum
1654 1374 1713 1405 per
1727 1375 1825 1396 suum
1840 1372 1968 1398 motum
1984 1367 2179 1398 uniformem
2195 1378 2322 1408 semper
2336 1368 2380 1399 illi
2396 1370 2471 1400 assi·-

1404 1410 1535 1441 miletur
1557 1410 1591 1440 in
1615 1410 1790 1440 causando.

1459 1454 1529 1486 XX.
1554 1454 1640 1494 Quia
1656 1460 1765 1486 autem
1781 1455 1921 1486 rationes
1937 1465 2033 1495 supra
2053 1456 2176 1496 positae
2196 1456 2378 1496 procedunt
2396 1467 2471 1498 sup—

1404 1499 1510 1540 posita
1522 1505 1631 1530 motus
1647 1500 1842 1535 aeternitate,
1856 1501 1949 1531 cuius
1965 1501 2154 1540 oppositum
2166 1500 2244 1531 fides
2256 1506 2352 1538 tenet,
2363 1507 2472 1542 posset

1404 1543 1521 1584 aliquis
1537 1543 1667 1574 credere
1681 1544 1767 1584 ipsas
1783 1546 1922 1576 rationes
1945 1544 2125 1576 inefficaces
2140 1554 2218 1575 esse.
2243 1545 2318 1576 Ideo
2339 1545 2472 1577 Sanctus

1404 1588 1552 1620 Thomas
1563 1587 1704 1620 ostendit
1716 1598 1769 1620 eas
1781 1595 1914 1630 propter
1929 1590 1993 1620 hoc
2006 1598 2098 1621 suam
2109 1589 2283 1620 efficaciam
2299 1599 2366 1620 non
2382 1591 2472 1621 amit-

1404 1638 1482 1664 tere.
1500 1633 1568 1664 Etsi
1583 1634 1672 1664 enim
1687 1632 1767 1664 fides
1783 1640 1891 1665 teneat
1906 1639 2034 1665 motum
2050 1634 2129 1665 caeli
2146 1633 2319 1674 aliquando
2335 1640 2473 1665 cessatu-

1404 1687 1488 1714 rum,
1511 1687 1580 1708 non
1603 1683 1712 1718 tamen
1736 1679 1830 1719 ponit
1853 1678 1999 1710 futurum
2022 1679 2086 1709 hoc
2109 1684 2164 1709 aut
2186 1684 2318 1719 propter
2338 1680 2473 1710 motoris

1404 1722 1640 1763 impotentiam,
1660 1727 1716 1753 aut
1731 1728 1864 1764 propter
1878 1723 2009 1754 mobilis
2024 1723 2276 1764 corruptionem,
2294 1724 2369 1763 quia
2387 1729 2474 1754 utro-

1405 1777 1470 1808 que
1485 1767 1588 1798 modo
1603 1767 1762 1798 accideret
1784 1774 1894 1799 motus
1917 1768 1971 1799 ille
1986 1777 2045 1809 per
2059 1768 2214 1808 temporis
2235 1767 2473 1798 diuturnitatem

1404 1811 1591 1848 lentescere,
1615 1817 1653 1843 ut
1674 1811 1708 1843 in
1732 1813 1798 1842 istis
1821 1812 2026 1844 inferioribus
2049 1818 2195 1853 apparet:
2219 1812 2275 1842 sed
2298 1822 2336 1843 ex
2359 1813 2473 1843 volun-

1404 1862 1469 1888 tate
1492 1857 1554 1887 Dei
1575 1857 1684 1897 ipsum
1708 1862 1907 1888 cessaturum
1923 1857 2032 1888 credit.
2050 1856 2126 1888 Ideo
2142 1857 2320 1887 Aristotelis
2335 1858 2473 1887 rationes

1404 1901 1581 1932 fundantur
1595 1910 1693 1942 super
1708 1902 1853 1942 possibili
1875 1903 1910 1933 in
1932 1907 2054 1933 natura.
2080 1901 2157 1940 Quo
2181 1902 2299 1942 posito,
2323 1900 2473 1932 efficacis-

1404 1947 1505 1977 simae
1527 1951 1618 1977 sunt:
1642 1945 1717 1977 licet
1739 1955 1800 1977 nos
1824 1947 2014 1988 oppositum
2039 1955 2107 1977 esse
2129 1946 2170 1976 de
2191 1945 2275 1976 facto
2297 1950 2471 1976 teneamus.

1461 1990 1683 2021 Confirmatur
1705 1996 1871 2031 postremo
1890 1991 2058 2023 conclusio
2079 1990 2192 2022 Sacrae
2216 1990 2394 2030 scripturae
2417 1999 2473 2021 au-

1405 2035 1618 2066 ctoritatibus:
1635 2035 1758 2066 scilicet
1773 2035 1867 2066 Ioan.
1878 2046 1918 2072 ιν,
1932 2036 2073 2076 Spiritus
2087 2040 2136 2066 est
2153 2035 2255 2071 Deus-5
2270 2035 2347 2065 item
2364 2034 2376 2065 1
2392 2035 2471 2065 Tim.

1404 2080 1474 2117 ult.,
1491 2080 1576 2121 Regi
1590 2081 1798 2110 saeculorum
1814 2086 1889 2116 etc.;
1914 2081 1992 2112 item
2008 2081 2102 2111 Rom.
2116 2090 2135 2116 ι,
2156 2079 2334 2110 Invisibilia
2357 2084 2416 2110 etc.

1460 2125 1545 2157 ΧΧΙ.
1569 2124 1739 2163 Quantum
1762 2124 1803 2155 ad
1826 2125 1957 2156 tertium
1969 2126 1996 2162 *,
2012 2125 2127 2165 triplex
2143 2133 2288 2155 errorum
2303 2133 2404 2164 genus
2420 2133 2472 2154 ex-

1405 2168 1559 2200 cluditur:
1584 2169 1706 2200 scilicet
1721 2169 1943 2210 physicorum,
1967 2170 2025 2210 qui
2045 2178 2170 2205 omnes,
2194 2173 2328 2209 excepto
2347 2168 2471 2198 Anaxa-

1405 2223 1493 2254 gora,
1513 2218 1694 2254 posuerunt
1720 2213 1828 2244 Deum
1851 2223 1920 2244 esse
1943 2223 2076 2255 corpus;
2099 2213 2267 2254 gentilium
2282 2213 2472 2253 ponentium

1405 2259 1566 2289 elementa
1585 2257 1700 2289 mundi
1723 2263 1755 2288 et
1777 2267 1893 2289 eorum
1914 2258 2046 2289 virtutes
2067 2267 2136 2289 esse
2161 2257 2254 2294 deos;
2282 2257 2473 2288 Iudaeorum

1406 2309 1504 2344 atque
1531 2303 1670 2334 aliorum
1701 2303 1948 2339 haereticorum,
1971 2302 2120 2334 videlicet
2143 2302 2330 2333 Tertulliani
2358 2307 2390 2332 et
2411 2301 2473 2332 Va-

1406 2347 1578 2379 dianorum
1589 2347 1656 2379 sive
1668 2347 2078 2388 Anthropomorphitarum
2097 2352 2128 2378 et
2147 2347 2283 2377 aliorum
2299 2346 2355 2386 qui
2367 2346 2473 2376 Deum

1405 2392 1628 2433 corporalibus
1643 2392 1846 2423 lineamentis
1857 2391 2051 2432 figurabant;
2067 2401 2196 2422 necnon
2213 2391 2474 2421 Manichaeorum

1405 2437 1601 2478 ponentium
1613 2437 1721 2467 Deum
1733 2446 1802 2467 esse
1814 2436 1977 2477 quandam
1989 2436 2147 2467 infinitam
2159 2436 2240 2466 lucis
2255 2435 2473 2466 substantiam.

1405 2482 1559 2520 Quorum
1571 2482 1721 2512 omnium
1733 2490 1878 2512 errorum
1891 2481 2020 2512 occasio
2033 2480 2094 2511 fuit
2105 2480 2194 2521 quod
2206 2479 2246 2511 de
2258 2479 2371 2510 divinis
2387 2479 2474 2519 cogi—

1404 2531 1509 2557 tantes
1525 2525 1565 2557 ad
1580 2526 1857 2566 imaginationem,
1870 2535 1928 2566 per
1939 2534 2039 2566 quarn
2053 2535 2121 2556 non
2134 2530 2240 2565 potest
2254 2525 2315 2554 nisi
2331 2524 2474 2564 corporis

1405 2570 1584 2602 similitudo
1600 2571 1683 2611 capi,
1699 2570 1914 2601 recurrebant.
1930 2588 1952 2593 —
1967 2569 2157 2601 Notandum
2180 2568 2269 2609 quod
2292 2569 2473 2608 Anthropo-

1405 2615 1569 2656 morphita
1591 2615 1789 2646 vocabulum
1811 2623 1963 2655 graecum
1979 2620 2036 2650 est,
2053 2614 2271 2654 compositum
2286 2613 2325 2643 ab
2341 2613 2473 2643 anthro-

1400 2670 1474 2701 μσς,
1484 2659 1575 2701 quod
1586 2660 1748 2690 hominem
1759 2658 1927 2700 significat,
1935 2663 1967 2690 et
1978 2659 2120 2699 morphe,
2129 2657 2218 2698 quod
2230 2662 2277 2687 est
2280 2657 2409 2698 figura.
2420 2656 2473 2687 Sic

1406 2706 1494 2736 enim
1510 2705 1556 2735 illi
1572 2703 1648 2735 dicti
1663 2710 1740 2735 sunt
1751 2704 1828 2746 quia
1840 2704 1948 2734 Deum
1963 2703 2104 2734 humana
2118 2701 2219 2742 figura
2243 2701 2472 2732 describebant.

1143 2828 1146 2832 ,
1353 2819 1407 2862 ψ.

704 2970 1190 3027 CAPITULUM
1225 2969 1698 3027 VIGESIMUM
1732 2966 2056 3024 PRIMUM

868 3098 1045 3152 QUOD
1078 3098 1244 3140 DEUS
1280 3055 1394 3140 EST
1428 3097 1552 3139 SUA
1587 3095 1886 3138 ESSENTIA

416 3276 421 3283 ,
466 3252 512 3276 x
538 3237 760 3290 praemissis
779 3245 911 3275 autem
930 3237 1065 3274 haberi
1091 3243 1218 3287 potest
1244 3237 1353 3286 quod

391 3333 397 3335 ,
502 3293 610 3331 Deus
645 3299 702 3329 est
736 3303 807 3329 sua
841 3290 1020 3338 essentia,
1051 3289 1246 3340 quidditas
1283 3303 1353 3328 seu

301 3370 321 3389 ν,
360 3342 465 3387 ῐ,’·.·ἕ
503 3354 652 3384 natura.

440 3400 454 3407 ''
557 3401 600 3437 In
628 3398 740 3436 omni
758 3397 864 3435 enim
891 3409 940 3434 eo
959 3397 1069 3446 quod
1097 3409 1179 3434 non
1206 3405 1264 3434 est
1282 3409 1353 3434 sua

1410 3236 1583 3283 essentia,
1600 3235 1631 3272 si
1650 3234 1745 3272 nihil
1764 3234 1803 3270 in
1822 3233 1951 3282 aliquo
1966 3238 2063 3268 esset
2081 3236 2230 3279 praeter
2247 3227 2329 3264 eius
2343 3237 2469 3286 essen-

1407 3289 1513 3336 tiam,
1542 3297 1669 3326 totum
1697 3287 1806 3337 quod
1834 3298 1893 3323 res
1921 3292 1976 3322 est
2004 3290 2101 3320 esset
2124 3281 2206 3319 eius
2229 3287 2404 3339 essentia:
2433 3287 2471 3339 et

1407 3342 1462 3380 sie
1498 3343 1630 3392 ipsum
1663 3348 1760 3378 esset
1792 3352 1862 3376 sua
1894 3336 2066 3375 essentia.
2103 3334 2142 3372 Si
2180 3333 2291 3382 igitur
2326 3332 2471 3382 aliquid

1407 3409 1489 3434 non
1519 3403 1616 3433 esset
1642 3407 1712 3431 sua
1735 3391 1908 3439 essentia,
1929 3396 2077 3439 oportet
2095 3386 2238 3436 aliquid
2256 3385 2296 3423 in
2317 3398 2364 3423 eo
2387 3397 2470 3422 esse

279 3453 444 3490 essentia
463 3453 544 3490 sive
559 3452 765 3502 quidditas,
782 3458 934 3501 oportet
953 3450 1124 3499 aliquam
1143 3462 1226 3487 esse
1245 3462 1352 3488 com-
1375 3470 1384 3491 ς
1407 3457 1559 3500 praeter
1586 3448 1669 3485 eius
1697 3445 1911 3483 essentiam.
1941 3444 1989 3480 Et
2016 3441 2070 3479 sic
2095 3447 2244 3489 oportet
2262 3439 2302 3476 in
2321 3450 2368 3475 eo
2388 3450 2470 3475 esse

279 3506 526 3556 positionem.
574 3506 678 3543 Cum
711 3505 817 3542 enim
854 3504 894 3541 in
930 3515 1175 3554 unoquoque
1208 3503 1255 3540 sit
1282 3516 1353 3540 sua

334 3622 351 3646 b
363 3621 377 3646 3
396 3622 468 3647 Si...
487 3621 600 3647 essentia
618 3621 680 3646 hom
698 3628 783 3653 supra
801 3620 952 3653 marginem
971 3619 1004 3644 G.

281 3661 415 3689 oporteret
433 3657 480 3682 sG.
580 3655 596 3680 6
617 3655 739 3689 essentia]
759 3663 820 3680 esse
839 3655 924 3680 ach.

1089 3618 1186 3652 aliquid
1204 3626 1258 3644 non
1277 3618 1355 3652 esset]
1375 3618 1473 3652 aliquid
1493 3625 1544 3642 non
1564 3616 1598 3641 sit
1617 3615 1705 3645 EWY,
1725 3621 1784 3638 esse
1803 3611 1909 3637 alicuius
1929 3617 1981 3634 non
1999 3608 2034 3633 sit
2053 3607 2104 3641 (est
2121 3606 2152 3642 Z)
2172 3606 2240 3632 NZb.

1409 3501 1744 3552 compositionem.
1761 3498 1872 3536 Unde
1887 3496 2000 3533 etiam
2016 3492 2177 3531 essentia
2191 3493 2230 3529 in
2248 3491 2472 3542 compositis

2323 3614 2341 3638 4
2359 3604 2471 3639 oportet]

2500 2123 2508 2130 '
2523 2121 2559 2142 ef.
2573 2121 2622 2143 init.
2638 2120 2710 2142 Com-

2499 2151 2570 2170 ment.
