2768 4134
830 278 1018 316 SUMMA
1048 281 1269 320 CONTRA
1297 284 1573 334 GENTILES,
1602 287 1712 324 CAP.
1733 288 1920 326 LXXXII.

277 357 368 399 quod
383 357 424 388 ad
440 357 630 388 utrumlibet
644 367 713 388 esse
729 362 838 397 potest
852 358 948 388 alicui
963 360 1071 390 virtuti
1087 360 1257 401 dupliciter
1269 372 1347 393 con-

277 403 401 433 venire:
425 411 495 433 uno
517 401 630 437 modo,
647 411 686 432 ex
709 406 799 442 parte
822 402 887 438 sui3
911 402 974 433 alio
991 404 1104 440 modo,
1120 415 1158 435 ex
1173 412 1263 446 parte
1279 408 1348 437 eius

276 447 317 478 ad
336 446 427 488 quod
446 447 578 478 dicitur..
592 446 646 477 Ex
660 446 815 487 partesui
833 452 880 476 est
895 447 1027 487 quando
1042 449 1191 480 nondum
1207 457 1254 481 est
1269 460 1348 482 con—

275 497 387 523 secuta
416 501 509 522 suam
537 490 784 531 perfectionem
806 499 866 530 per
888 499 987 530 quam
1009 492 1050 522 ad
1072 502 1175 524 unum
1199 494 1348 525 determi-

275 541 381 567 netur.
412 536 461 567 Ex
491 541 583 576 parte
605 544 682 566 vero
711 535 782 565 eius
811 534 851 565 ad
881 535 972 575 quod
995 536 1122 573 dicitur,
1146 544 1192 568 est
1216 540 1347 579 quando

275 580 419 622 perfecta
444 580 591 620 operatio
615 578 741 610 virtutis
769 588 788 609 a
817 585 934 610 neutro
966 579 1137 621 dependet,
1161 583 1218 613 sed
1239 590 1348 614 tamen

275 630 452 666 utrumque
473 633 546 655 esse
566 628 690 664 potest:
714 623 799 653 sicut
825 623 941 664 aliquis
969 624 1100 655 diversis
1130 627 1348 659 instrumentis

275 670 323 701 uti
338 674 447 710 potest
462 668 639 708 aequaliter
654 667 694 698 ad
709 666 796 698 idem
813 677 898 708 opus
921 668 1166 708 perficiendum.
1190 671 1349 703 Differunt

275 719 385 745 autern
400 713 459 744 *isti
472 712 573 743 >modi
595 713 671 752 quia
699 712 824 752 primus
851 713 886 743 in
916 712 1196 753 imperfectionem
1224 717 1348 747 virtutis

274 757 444 795 redundat,
468 763 501 788 et
523 756 665 787 ostendit
686 756 958 797 potentialitatem
980 758 1014 788 in
1037 758 1120 798 ipsa:
1146 765 1182 789 ut
1205 766 1292 800 patet
1314 762 1348 791 in

274 802 440 835 intellectu
463 801 650 837 dubitantis,
674 802 732 842 qui
753 801 904 832 nondum
927 809 1093 833 assecutus
1116 809 1163 833 est
1193 805 1350 845 principia

274 847 395 888 quibus
417 845 458 877 ad
480 846 617 877 alterum
648 846 879 887 oppositorum
909 845 1149 878 determinetur.
1181 848 1349 880 Secundus

273 897 387 923 um
401 890 522 922 modus
544 890 586 921 ad
607 889 890 931 imperfectionem
905 891 1031 922 virtutis
1045 901 1112 922 non
1130 893 1276 931 pertinet,
1293 893 1349 924 sed

273 936 377 977 magia
398 935 440 966 ad
463 936 533 966 eius
557 935 990 975 eminentiam,.inquantum
1005 936 1194 967 utrumlibet
1217 940 1349 977 opposi-

274 986 385 1012 torum
408 979 544 1012 excedit.

330 1024 533 1059 Conceditur
554 1024 652 1064 igitur
675 1023 766 1065 quod
788 1023 939 1054 voluntas
962 1024 1070 1055 divina
1093 1024 1134 1055 ad
1163 1027 1350 1058 utrumlibet

274 1069 419 1102 estrsed
441 1075 562 1105 tamen,
585 1068 663 1110 quia
685 1067 729 1099 ad
751 1068 939 1099 utrumlibet
961 1071 1114 1100 convenit
1136 1071 1196 1100 sibi
1219 1080 1286 1101 non
1311 1081 1349 1102 ex

274 1120 364 1156 parte
386 1114 447 1150 sui,
471 1113 530 1144 sed
551 1122 593 1144 ex
613 1118 704 1154 parte
727 1112 864 1143 aliorum
881 1123 900 1143 a
914 1121 960 1149 se,
975 1122 1044 1144 non
1068 1115 1212 1155 sequitur
1228 1125 1297 1146 esse
1315 1117 1348 1146 in

273 1160 354 1201 ipso·
371 1159 514 1199 alixium
537 1157 818 1198 potentialitatem‚

305 1203 428 1235 vGirca
444 1203 540 1234 istam
556 1202 817 1242 rffiponsionem‘,
833 1200 963 1232 adverte
979 1202 1070 1242 quod
1086 1203 1286 1235 voluntatem
1302 1204 1348 1235 di-

274 1249 383 1280 vinam
406 1257 476 1279 esse
499 1246 540 1278 ad
562 1246 751 1277 utrumlibet
780 1251 931 1286 respectu
960 1246 1099 1278 aliorum
1122 1258 1140 1278 a
1163 1249 1246 1285 Deo,
1269 1249 1349 1280 nihil

160 1297 226 1339 „gf
272 1292 363 1325 ditia
376 1298 426 1324 est
448 1300 554 1337 quan),v
561 1291 676 1332 ipsam
697 1290 880 1322 secundum
895 1300 930 1322 se
944 1301 1014 1322 non
1029 1293 1130 1332 magis
1146 1293 1349 1324 determinari

160 1335 165 1343 '
193 1350 234 1365 ,ru
266 1336 548 1370 nrbssaaoe‘eorum
572 1345 671 1376 quam
694 1334 736 1366 ad
758 1345 828 1366 non
851 1345 934 1367 esse:
955 1342 1001 1372 ut,
1017 1337 1100 1367 sicut
1115 1338 1184 1368 vult
1199 1338 1253 1369 illa
1268 1348 1347 1375 esse,

272 1381 488 1415 inabsolute
511 1381 614 1421 possit
636 1379 719 1411 velle
749 1380 804 1411 illa
832 1389 901 1411 non
931 1389 1010 1417 esse,
1034 1387 1090 1412 aut
1115 1392 1184 1412 non
1208 1383 1289 1414 velle
1312 1389 1348 1414 ut

272 1425 443 1460 eneam,
454 1430 566 1456 autern
587 1423 801 1456 indifferentia
815 1434 884 1456 non
901 1426 1046 1466 sequitur
1061 1435 1099 1456 ex
1115 1427 1348 1467 potentialitate

272 1469 568 1512 amputatione
583 1469 720 1506 virtutis,
737 1475 773 1500 ut
786 1470 821 1500 in
836 1470 941 1500 causis
959 1479 1027 1500 non
1051 1471 1243 1502 habentibus
1257 1481 1347 1503 com·

273 1515 476 1557 plementum
501 1513 625 1545 formae
641 1523 699 1554 per
715 1523 813 1554 quam
838 1520 1015 1555 operentur
1030 1516 1202 1556 contingit:
1226 1516 1282 1547 sed
1298 1526 1348 1547 se-

321 1560 329 1567 '
352 1594 360 1600 ⁶
399 1558 722 1600 iterindependentia
744 1557 818 1590 finis
839 1569 860 1590 a
882 1560 977 1590 rebus
1001 1569 1084 1600 quae
1104 1560 1293 1591 ordinantur
1309 1561 1348 1592 ad

369 1606 373 1610 ‘
390 1603 496 1644 nQuia
518 1603 618 1640 enim,
641 1604 710 1635 sive
730 1603 806 1634 illae
829 1613 879 1635 res
902 1604 967 1635 sint
984 1605 1050 1635 sive
1066 1614 1135 1635 non
1150 1605 1224 1641 sint,
1240 1605 1348 1637 divina

270 1656 382 1682 m
396 1648 543 1685 »bonitate
567 1657 669 1689 quam
698 1648 930 1688 perfectissime
958 1648 1028 1679 vult
1056 1648 1165 1680 divina
1186 1650 1347 1686 voluntas,

269 1693 384 1727 &bini
399 1693 506 1734 seipsa
526 1692 686 1734 perfectu
708 1692 784 1724 ideo
808 1693 959 1724 voluntas
982 1693 1101 1730 divina,
1118 1700 1276 1734 quantum
1301 1701 1348 1726 est

270 1747 375 1775 ἰω
382 1739 523 1777 existet„
538 1737 772 1778 perfectissima
786 1743 819 1768 et
832 1737 1066 1778 perfectissime
1080 1739 1194 1769 volens
1205 1738 1347 1770 divinam

270 1784 462 1820 mmm,
485 1787 595 1824 potest
616 1782 701 1814 velle
723 1791 792 1813 esse
815 1783 862 1813 rei
884 1787 1020 1818 creatae,
1040 1788 1072 1813 et
1094 1783 1179 1814 velle
1193 1793 1261 1814 non
1277 1793 1347 1815 esse

269 1829 382 1871 ipsius,
395 1837 438 1860 ac
451 1837 522 1859 non
537 1827 620 1858 velle
635 1827 722 1858 illius
738 1836 818 1858 esse.
842 1827 884 1858 Et
906 1827 962 1863 sic,
986 1833 1120 1868 propter
1137 1829 1347 1860 eminentiam

268 1871 584 1910 tumr'indifferens
606 1877 655 1902 est
677 1870 718 1902 ad
740 1871 853 1902 multa.

270 1918 305 1949 ΞΛ,
326 1916 440 1951 naid
453 1915 632 1948 secundum
644 1916 661 1933 '
684 1915 860 1956 respondet
875 1915 967 1956 quod
981 1925 1050 1946 non
1069 1916 1116 1947 sic
1134 1916 1284 1947 voluntas
1298 1917 1346 1948 di-

269 1963 345 1995 vim
367 1962 492 2002 absque
516 1960 708 1991 necessitate
735 1960 872 1991 alterum
900 1960 1128 2000 oppositorum
1152 1961 1347 2002 praeaccipit

268 2006 366 2049 «prasi
386 2004 610 2037 consideretur
630 2005 665 2035 in
689 2005 837 2044 potentia
857 2003 899 2034 ad
921 2009 1108 2044 utrumque,
1125 2010 1163 2035 ut
1175 2006 1283 2045 primo
1307 2007 1347 2036 sit

270 2051 386 2083 aetem
394 2049 544 2091 potentia
555 2054 732 2089 utrumque
747 2053 780 2079 et
795 2047 1010 2088 postmodum
1020 2049 1135 2080 volens
1146 2055 1230 2085 actu,
1242 2051 1345 2081 immo

270 2098 400 2136 suuper
423 2100 471 2125 est
493 2094 608 2125 volens
630 2099 705 2124 actu
729 2092 887 2134 quicquid
902 2093 981 2129 vult,
998 2102 1075 2124 cum
1089 2094 1179 2124 nulla
1193 2094 1234 2124 sit
1249 2095 1282 2125 in
1299 2095 1346 2125 di-

270 2141 346 2172 vina
359 2139 538 2170 <voluntate
562 2138 795 2178 potentialitas:
819 2137 876 2168 sed
900 2138 976 2178 quia
998 2138 1138 2168 volitum
1159 2148 1228 2169 non
1250 2139 1347 2170 habet

269 2184 490 2216 necessarium
500 2182 654 2214 ¹ordinem
670 2182 711 2214 ad
726 2182 868 2213 divinam
883 2182 1072 2218 bonitatem,
1089 2191 1174 2222 quae
1190 2188 1238 2213 est
1256 2184 1347 2214 obie-

271 2235 364 2261 ctum
373 2228 551 2269 >proprium
566 2227 742 2258 voluntatis
757 2226 898 2263 divinae;
916 2227 1000 2258 sicut
1014 2236 1082 2257 non
1098 2229 1277 2258 necessaria
1291 2227 1346 2258 sed

272 2273 440 2315 ‘possibilia
468 2271 679 2303 enuntiabilia
706 2271 844 2302 dicimus
874 2281 950 2302 cum
980 2281 1048 2302 non
1079 2277 1128 2302 est
1149 2273 1347 2303 necessarius

271 2317 356 2351 ordo
378 2316 555 2358 praedicati
583 2315 624 2346 ad
652 2316 846 2347 subiectum.
879 2315 983 2351 Unde,
1006 2325 1084 2346 cum
1107 2315 1233 2351 dicitur,
1256 2316 1347 2347 Deus

270 2362 428 2395 nublroc
448 2366 629 2395 causatum,
654 2365 702 2391 est
724 2360 921 2391 enuntiabile
945 2369 1015 2391 non
1036 2361 1264 2398 necessarium,
1291 2361 1347 2392 sed

269 2407 441 2449 patibile:
464 2415 533 2437 non
555 2411 655 2446 prout
678 2405 830 2445 possibile
859 2404 976 2436 dicitur
1001 2405 1179 2435 secundum
1201 2405 1346 2446 aliquam

268 2451 468 2494 ροιωήαηυ
490 2449 548 2481 sed
569 2455 669 2490 prout
692 2449 808 2480 dicitur
830 2449 984 2490 possibile
1006 2449 1094 2490 quod
1123 2459 1188 2480 non
1219 2459 1348 2481 necesse

273 2501 322 2528 eat
336 2505 406 2527 esse
419 2505 481 2526 nec
493 2499 542 2526 est
565 2494 760 2535 impossibile
781 2503 846 2524 non
867 2503 945 2530 esse,
963 2500 999 2524 ut
1013 2494 1232 2534 Philosophus
1254 2494 1348 2525 tradit

273 2542 303 2572 V
318 2539 584 2581 Metaplgrsicau
605 2539 688 2570 sicut
711 2539 909 2578 triangulum
932 2539 1050 2569 habere
1077 2537 1144 2569 duo
1170 2539 1269 2569 latera
1296 2549 1347 2570 ae-

273 2585 382 2626 qualia
405 2590 453 2615 est
475 2583 673 2615 enuntiabile
696 2582 860 2623 possibile.

330 2629 378 2660 Ex
393 2629 461 2660 istis
476 2627 615 2660 Sanctus
629 2627 774 2658 Thomas
797 2637 915 2667 negare
937 2626 1075 2658 intendit
1094 2627 1271 2667 sequelam,
1287 2628 1347 2658 sci-

274 2674 350 2706 licet
372 2671 465 2714 quod
484 2677 642 2712 sequetur
663 2671 866 2702 voluntatem
882 2671 944 2702 Dei
959 2681 1030 2702 esse
1045 2671 1240 2702 variabilem.
1263 2671 1347 2702 Nam

275 2718 466 2750 vaiabilitas
497 2722 529 2747 et
560 2717 699 2747 mutatio
730 2716 877 2755 sequitur
905 2716 1026 2746 realem
1051 2716 1248 2756 potentiam:
1278 2724 1347 2746 non

274 2769 386 2795 autem
406 2761 558 2801 logicam,
583 2760 688 2800 qualis
710 2765 758 2790 est
780 2760 813 2790 in
838 2761 1019 2800 proposito.

331 2806 552 2839 Confirmatur
579 2805 676 2836 etiam
704 2804 894 2835 auctoritate
924 2804 936 2834 1
958 2804 1040 2845 Reg.
1062 2813 1113 2839 xv,
1138 2804 1192 2833 ubi
1217 2803 1346 2834 dicitur:

276 2851 512 2892 Triumphator
535 2850 568 2880 in
593 2848 699 2880 Israel
715 2848 930 2888 poenitudine
953 2858 1018 2878 non
1034 2848 1202 2887 flectetur.

333 2906 365 2928 2.
380 2896 430 2927 Ex
445 2896 505 2926 ista
518 2893 732 2934 responsione
747 2893 858 2923 haberi
877 2897 984 2932 potest
1007 2892 1098 2932 quod
1121 2891 1211 2922 aliter
1233 2891 1348 2922 dicitur

274 2941 426 2972 voluntas
455 2944 565 2970 nostra
592 2937 632 2968 ad
663 2937 861 2972 utrumlibet,
886 2942 918 2967 et
945 2936 1035 2967 aliter
1058 2936 1207 2966 voluntas
1230 2935 1347 2967 divina.

272 2986 361 3017 'Nam
376 2984 525 3016 voluntas
541 2987 651 3014 nostra
668 2986 818 3021 respectu
841 2980 1025 3020 aliquorum
1049 2980 1090 3011 ad
1112 2981 1300 3011 utrumlibet
1315 2990 1348 3010 se

273 3031 373 3062 habet
392 3035 424 3060 et
448 3028 524 3068 quia
546 3026 588 3058 ad
610 3026 663 3057 illa
684 3025 897 3056 necessariam
916 3024 1139 3056 habitudinem
1154 3034 1223 3055 non
1238 3025 1347 3060 habet;

271 3081 309 3107 -et
332 3075 408 3115 quia
431 3079 479 3104 est
502 3073 536 3103 in
559 3071 704 3112 potentia
723 3069 763 3100 ad
782 3068 961 3100 volendum
979 3074 1155 3108 utrumque
1179 3070 1349 3109 opposito-

276 3124 361 3155 rum,
390 3116 565 3158 aliquando
595 3121 748 3147 neutrum
779 3114 909 3145 illorum
940 3118 1015 3144 actu
1043 3113 1167 3144 volens.
1190 3113 1350 3143 Voluntas

272 3170 387 3196 ,aunem
406 3162 515 3195 divina
529 3160 571 3191 ad
585 3159 774 3191 utrumlibet
788 3168 822 3189 se
838 3159 934 3189 habet
955 3158 1079 3188 ratione
1102 3158 1198 3197 primi
1212 3162 1349 3193 tantum,

276 3210 357 3250 ,quia
367 3207 518 3239 videlicet
533 3204 574 3236 ad
585 3205 684 3235 volita
698 3203 911 3234 necessariam
926 3201 1148 3237 habitudinem
1159 3211 1227 3232 non
1239 3202 1349 3232 habet:

279 3263 348 3284 non
363 3258 473 3283 autem
489 3251 613 3281 ratione
628 3247 772 3283 secundi,
789 3248 866 3287 quia
880 3256 1051 3286 nunquam
1067 3251 1153 3276 caret
1171 3251 1247 3276 actu
1266 3246 1350 3276 circa

280 3307 384 3329 unum
408 3296 647 3337 oppositorum,
664 3299 700 3323 ut
716 3293 758 3323 ob
782 3293 846 3322 hoc
869 3291 971 3331 possit
993 3290 1057 3321 dici
1073 3300 1141 3320 esse
1157 3291 1189 3320 in
1206 3291 1351 3330 potentia

280 3342 320 3373 ad
343 3341 532 3373 utrumlibet
560 3338 799 3379 oppositorum.
828 3336 922 3367 Unde
945 3335 1095 3365 voluntas
1117 3340 1226 3365 nostra
1250 3340 1281 3364 et
1304 3339 1351 3364 est

277 3386 424 3427 potentia
454 3385 498 3415 ad
529 3382 715 3414 utrumlibet
744 3391 778 3412 se
806 3381 935 3416 habens,
959 3385 991 3410 et
1014 3385 1061 3409 est
1085 3379 1116 3408 in
1136 3379 1284 3419 potentia
1308 3378 1352 3408 ad

281 3431 477 3462 utrumlibet.
494 3428 653 3459 Voluntas
678 3432 785 3457 autem
810 3425 915 3455 divina
931 3430 978 3454 est
994 3423 1126 3463 quidem
1140 3423 1289 3463 potentia
1307 3423 1352 3452 ad

281 3475 469 3507 utrumlibet
494 3484 530 3504 se
561 3473 691 3507 habens,
716 3471 792 3511 quia
821 3469 860 3500 ad
890 3470 1047 3499 rationem
1076 3467 1263 3497 huiusmodi
1291 3476 1351 3506 po·

281 3521 399 3551 tentiae
415 3518 533 3550 sufficit
548 3527 616 3548 non
631 3516 809 3547 necessaria
824 3513 979 3544 habitudo
996 3512 1035 3542 ad
1051 3518 1226 3551 utrumque
1246 3521 1351 3551 oppo-

282 3565 433 3595 sitorum:
458 3562 515 3593 sed
537 3571 605 3592 non
630 3566 677 3591 est
701 3561 733 3590 in
753 3559 900 3600 potentia
925 3557 968 3588 ad
992 3556 1177 3587 utrumlibet
1204 3561 1351 3595 respectu

279 3614 500 3643 causatorum,
517 3612 553 3637 ut
568 3607 621 3636 hic
637 3605 764 3639 dicitur,
782 3604 858 3644 quia
881 3602 921 3633 ad
944 3600 1129 3632 huiusmodi
1155 3609 1223 3630 esse
1242 3601 1275 3629 in
1292 3609 1351 3639 po-

277 3654 381 3684 tentia
411 3652 584 3692 requiritur
608 3656 643 3680 ut
667 3659 734 3680 non
758 3649 797 3679 sit
820 3653 894 3678 actu
917 3652 1064 3686 respectu
1089 3645 1222 3675 alicuius
1246 3653 1351 3684 oppo-

2393 303 2468 340 229

1402 365 1552 402 sitorum;
1569 366 1659 406 quod
1674 366 1801 398 divinae
1816 368 1973 398 voluntati
1989 378 2056 399 non
2068 371 2231 406 convenit,
2243 375 2326 411 quae
2341 380 2469 411 semper

1402 415 1449 439 est
1471 410 1504 439 in
1528 416 1602 440 actu
1626 410 1666 441 ad
1690 421 1792 442 unum
1816 413 2044 452 oppositorum
2059 413 2278 445 determinata.
2294 432 2318 438 -
2332 415 2374 446 Et
2387 416 2467 446 haec

1401 458 1476 483 sunt
1497 453 1590 485 valde
1611 455 1764 490 notanda,
1788 457 1864 496 quia
1887 456 1927 487 ad
1949 457 2050 488 multa
2072 458 2266 490 deserviunt.

1457 497 1509 527 111.
1528 498 1579 528 Ad
1593 504 1745 539 quartum
1757 501 1774 516 ⁵
1788 500 1964 540 respondet
1985 502 2072 541 prius
2091 511 2189 542 quam
2212 502 2256 533 ad
2278 504 2408 534 tertium
2420 505 2465 541 ‘¹5

1401 547 1533 581 propter
1551 542 1800 583 dependentium
1822 545 1994 575 solutionis
2010 546 2078 576 eius
2093 546 2134 576 ad
2149 547 2395 587 praecedentem
2413 558 2466 579 so·

1400 584 1569 616 lutionem.
1594 587 1698 627 Negat
1723 594 1833 618 autem
1859 591 2141 629 consequentiam:
2168 600 2275 631 neque
2302 593 2390 623 enim
2415 602 2465 623 se·

1401 630 1511 668 quitur
1521 637 1562 661 -ut
1575 631 1656 662 nihil
1671 632 1761 662 Deus
1777 633 1866 668 velit;
1890 642 1997 673 neque
2020 635 2111 674 quod
2130 635 2169 665 ab
2189 635 2298 675 aliquo
2318 637 2465 669 exteriori

1401 673 1641 706 determinetur.
1653 676 1737 707 Na‘m
1752 676 1868 708 dicitur
1882 678 1988 717 prim'o
2006 678 2108 718 quod,
2123 688 2200 709 cum
2214 680 2339 711 bonum
2354 682 2466 721 cogni·

1401 722 1472 748 tum
1483 719 1695 756 voluntatem,
1708 721 1791 751 sicut
1806 721 1875 752 eius
1890 723 2058 762 pmprium
2075 723 2248 760 obiectum,
2261 724 2465 762 determinet;

1402 767 1433 791 et
1455 763 1636 794 intellectus
1659 764 1786 795 divinus
1808 774 1877 795 non
1898 766 1940 796 sit
1963 772 2130 797 extraneus
2151 768 2190 797 ab
2206 769 2274 798 eius
2289 769 2464 805 voluntate,

1401 815 1478 836 cum
1501 813 1675 848 utrumque
1699 810 1739 839 sit
1759 819 1818 840 sua
1839 811 1990 840 essentia:
2014 812 2040 841 si
2060 810 2168 842 divina
2182 812 2330 843 voluntas
2346 822 2404 853 per
2416 815 2465 844 in·

1401 850 1547 882 tellectus
1571 853 1792 892 cognitionem
1815 853 2056 891 determinetur,
2071 865 2139 886 non
2163 856 2221 886 erit
2244 856 2465 888 determinatio

1402 903 1460 933 per
1482 895 1614 936 aliquod
1637 903 1824 928 extraneum
1847 897 1940 928 facta.

1457 939 1582 970 Dicitur
1603 941 1746 972 secundo
1770 942 1871 982 quod,
1895 951 1972 973 cum
2001 943 2180 974 intellectus
2204 943 2329 974 divinus
2353 954 2466 985 appre-

1402 983 1520 1014 hendat
1536 985 1596 1014 alia
1612 986 1697 1015 bona
1713 992 1749 1016 ut
1764 986 1987 1018 similitudines
2003 987 2128 1018 divinae
2145 988 2297 1018 bonitatis
2310 994 2342 1019 et
2359 997 2466 1019 essen-

1401 1028 1474 1063 tiae,
1497 1038 1564 1059 non
1588 1035 1696 1060 autem
1720 1036 1756 1061 ut
1779 1032 1847 1061 eius
1870 1032 2038 1071 principia,
2061 1037 2216 1071 tanquam
2237 1032 2386 1066 videlicet
2403 1034 2466 1064 sint

1402 1081 1516 1103 causae
1539 1073 1664 1104 divinae
1692 1074 1852 1111 bonitatis,
1876 1081 1912 1106 ut
1933 1075 2095 1106 medicina
2122 1077 2262 1107 sanitatis
2285 1083 2332 1107 est
2355 1087 2464 1115 causa;

1402 1115 1510 1147 divina
1524 1118 1672 1148 voluntas
1688 1119 1720 1149 in
1738 1119 1791 1149 illa
1805 1119 1907 1150 tendit
1926 1126 1962 1150 ut
1981 1130 2058 1151 suae
2079 1121 2214 1151 bonitati
2229 1122 2463 1158 convenientia,

1402 1170 1469 1191 non
1498 1167 1534 1192 ut
1563 1162 1603 1192 ad
1634 1172 1706 1193 eam
1734 1164 2030 1197 necessaria-,Ideo
2057 1174 2127 1195 non
2153 1166 2332 1196 necessario
2355 1167 2389 1197 in
2411 1167 2464 1197 illa

1402 1205 1513 1236 tendit.
1538 1205 1627 1237 Sicut
1650 1208 1744 1237 etiarn
1769 1214 1900 1248 apparet
1922 1208 1955 1238 in
1978 1214 2086 1239 nostra
2109 1210 2284 1240 voluntate.

1458 1250 1511 1280 lv.
1535 1250 1628 1282 Circa
1655 1253 1748 1282 istam
1775 1253 2021 1292 responsionem
2051 1253 2270 1294 multipliciter
2292 1254 2463 1286 dubitatur.

1400 1294 1520 1331 Primo,
1537 1296 1612 1335 quia
1628 1295 1832 1327 determinari
1855 1303 1901 1327 est
1923 1303 2050 1328 tantum
2073 1299 2234 1328 existentis
2257 1299 2290 1328 in
2309 1301 2463 1339 potentia.

1401 1338 1464 1370 Sed
1488 1339 1636 1371 voluntas
1659 1340 1766 1371 divina
1787 1350 1855 1371 non
1879 1347 1926 1372 est
1948 1342 1982 1372 in
2005 1343 2160 1381 potentia,
2175 1348 2213 1373 ut
2227 1342 2349 1374 dietum
2373 1349 2420 1374 est
2435 1345 2463 1374 ⁵.

1401 1384 1487 1423 Ergo
1510 1393 1579 1415 non
1601 1384 1830 1415 determinatur
1852 1386 1891 1416 ab
1914 1386 2035 1426 aliquo.
2310 1422 2312 1424 ³

1455 1428 1607 1459 Secundo
1623 1430 1651 1465 ',
1679 1430 1755 1469 quia
1777 1429 1912 1460 Sanctus
1935 1430 2090 1465 Thomas,
2113 1431 2218 1461 Prima
2239 1431 2330 1462 Parte
2347 1433 2393 1468 ss,
2414 1441 2463 1462 re-

1401 1473 1565 1512 spondens
1580 1473 1621 1504 ad
1635 1474 1699 1504 hoc
1715 1480 1951 1514 argumentum,
1963 1474 2068 1514 inquit
2084 1474 2173 1514 quod
2189 1475 2340 1506 voluntas
2354 1476 2464 1506 divina

1399 1517 1538 1558 seipsam
1560 1517 1762 1548 determinat.
1787 1518 1873 1558 Ergo
1896 1528 1963 1549 non
1985 1519 2025 1548 ab
2044 1519 2209 1549 intellectu
2225 1519 2463 1555 determinatur,

1401 1567 1437 1592 ut
1459 1561 1512 1592 hic
1535 1561 1662 1592 dicitur.

1456 1605 1568 1636 Tettio
1584 1607 1611 1636 “.
1632 1606 1665 1637 Si
1689 1606 1837 1636 voluntas
1852 1606 2091 1642 determinatur,
2107 1607 2166 1637 ista
2181 1607 2403 1638 determinatio
2412 1613 2466 1638 <est

1401 1650 1440 1680 ab
1457 1651 1586 1680 obiecto
1603 1651 1749 1691 cognito:
1770 1656 1808 1681 ut
1827 1649 1952 1681 videtur
1968 1650 2147 1681 concedere
2163 1651 2298 1682 Sanctus
2310 1652 2464 1683 Thomas.

1401 1694 1464 1725 Sed
1483 1695 1610 1726 obiecta
1633 1695 1764 1734 cognita
1781 1694 1822 1726 ad
1841 1704 1924 1735 quae
1943 1694 2182 1730 determinatur,
2199 1701 2275 1726 sunt
2289 1696 2368 1726 aliae
2382 1706 2433 1726 res
2447 1705 2466 1726 a

1401 1739 1484 1770 Deo.
1507 1739 1595 1779 Ergo
1618 1740 1658 1770 ab
1681 1739 1791 1779 aliquo
1815 1739 1993 1770 extrinseco
2009 1739 2248 1770 determinatur.
2263 1757 2286 1762 —
2300 1740 2369 1770 Nec
2384 1740 2467 1770 valet

1401 1783 1507 1815 dicere
1530 1783 1621 1824 quod
1644 1783 1875 1814 determinatur
1901 1793 1919 1814 a
1946 1784 2051 1824 primo
2077 1784 2191 1819 volito,
2216 1783 2306 1824 quod
2329 1789 2376 1814 est
2399 1785 2467 1814 eius

1400 1829 1536 1859 bonitas.
1560 1828 1648 1867 Quia
1665 1834 1815 1868 respectu
1833 1837 1910 1858 suae
1928 1828 2080 1858 bonitatis
2098 1829 2275 1858 necessaria
2291 1833 2338 1858 est
2353 1833 2384 1858 et
2399 1837 2466 1858 non

1400 1879 1473 1914 eget
1491 1872 1738 1904 determinante:
1763 1872 1819 1903 sed
1841 1878 1990 1913 respectu
2013 1873 2150 1903 aliorum
2175 1878 2222 1903 est
2243 1872 2342 1903 libera
2365 1878 2396 1902 et
2418 1873 2467 1903 in-

1399 1917 1486 1957 diget
1498 1917 1741 1948 determinante.
1754 1934 1776 1940 -—
1789 1916 1876 1947 Tum
1892 1917 1988 1947 etiam
2005 1917 2080 1956 quia
2096 1926 2134 1947 ea
2146 1926 2230 1956 quae
2244 1916 2284 1947 ad
2299 1916 2398 1947 finem
2414 1926 2466 1947 or-

1399 1962 1560 1998 dinantur,
1571 1962 1703 1992 trahunt
1717 1961 1758 1992 ad
1773 1970 1807 1992 se
1822 1961 2026 1992 *voluntatem
2041 1960 2220 1991 secundum
2236 1960 2326 2000 quod
2338 1961 2466 2000 cognita

1399 2011 1484 2042 sunt,
1508 2011 1540 2036 et
1563 2006 1608 2036 sic
1631 2006 1736 2046 ipsam
1758 2004 1982 2035 determinant.
2440 2008 2442 2010 ’

1454 2050 1493 2080 V.
1507 2049 1560 2080 Ad
1583 2050 1726 2090 primum
1748 2049 1866 2080 horum
1891 2048 2007 2080 dicitur
2021 2049 2140 2088 primo,
2154 2047 2246 2088 quod
2261 2048 2465 2079 determinari

1398 2104 1467 2125 non
1482 2094 1590 2125 solum
1607 2094 1675 2124 eius
1691 2100 1738 2124 est
1754 2093 1844 2133 quod
1864 2099 1911 2123 est
1932 2094 1964 2123 in
1985 2093 2140 2133 potentia,
2156 2092 2212 2123 sed
2231 2093 2464 2132 cuiuscumque

1399 2138 1578 2170 secundum
1602 2147 1635 2169 se
1658 2137 1895 2168 indeterminati
1919 2143 1950 2168 et
1973 2136 2013 2167 ad
2035 2137 2223 2177 utrumlibet
2245 2146 2278 2167 se
2307 2137 2463 2168 habentis.

1399 2183 1463 2214 Sed
1477 2189 1597 2219 tamen,
1613 2182 1793 2213 secundum
1813 2181 1974 2212 diversum
1996 2180 2134 2212 modum
2155 2180 2464 2212 indeterminationis

1399 2233 1431 2258 et
1458 2237 1491 2258 se
1518 2227 1658 2258 habendi
1688 2227 1728 2257 ad
1756 2226 1955 2262 utrumlibet,
1984 2232 2030 2256 est
2057 2226 2154 2255 etiam
2180 2225 2322 2256 diversus
2347 2225 2465 2256 modus

1400 2271 1684 2303 determinationis·
1715 2271 1801 2302 Nam
1829 2271 1856 2301 si
1887 2269 2009 2310 aliquid
2036 2270 2076 2300 sit
2099 2269 2383 2300 indeterminatum
2408 2279 2466 2309 per

1400 2316 1538 2347 modum
1563 2315 1714 2346 materiae
1738 2320 1770 2346 et
1792 2315 1955 2355 potentiae
1985 2314 2140 2354 passivae,
2163 2318 2197 2344 et
2217 2314 2257 2344 sit
2279 2313 2320 2344 ad
2342 2320 2466 2344 utrum-

1400 2361 1478 2392 libet
1501 2370 1539 2391 ex
1562 2366 1651 2400 parte
1675 2360 1809 2395 virtutis,
1833 2364 1964 2399 oportet
1993 2364 2028 2388 ut
2057 2358 2120 2388 tale
2143 2358 2183 2388 sit
2208 2358 2241 2388 in
2264 2358 2409 2397 potentia
2435 2363 2466 2388 et

1401 2407 1439 2436 ab
1467 2405 1577 2445 aliquo
1608 2404 1787 2435 extrinseco
1818 2409 1931 2443 agente
1962 2402 2201 2433 determinetur.
2232 2401 2266 2432 Si
2292 2407 2401 2432 autem
2427 2402 2467 2432 sit

1400 2450 1685 2481 indeterminatum
1714 2458 1772 2488 per
1798 2447 1935 2478 modum
1963 2448 2084 2487 agentis
2111 2447 2203 2477 liberi
2227 2452 2258 2476 et
2281 2446 2320 2476 ad
2343 2452 2466 2476 utrum-

1401 2495 1479 2526 libet
1497 2504 1532 2524 se
1547 2493 1693 2524 habentis
1708 2502 1747 2524 ex
1762 2499 1851 2532 parte
1866 2493 1936 2522 eius
1950 2491 1991 2522 ad
2006 2490 2098 2531 quod
2112 2490 2237 2526 dicitur,
2253 2500 2321 2520 non
2338 2494 2467 2530 oportet

1401 2539 1463 2570 tale
1493 2547 1562 2569 esse
1590 2538 1624 2567 in
1651 2537 1797 2577 potentia
1821 2546 1883 2566 nec
1909 2536 1949 2566 ab
1976 2536 2086 2575 aliquo
2113 2536 2290 2565 extn'nseco
2317 2534 2466 2565 determi-

1400 2584 1484 2619 nari,
1509 2581 1564 2613 sed
1599 2582 1707 2621 ipsum
1739 2590 1773 2611 se
1805 2581 1930 2610 ratione
1961 2589 2037 2610 suae
2071 2579 2222 2609 libertatis
2255 2578 2465 2609 determinare

1400 2633 1517 2668 potest.
1546 2626 1622 2656 Hoc
1649 2631 1758 2655 autem
1779 2623 1881 2655 modo
1905 2623 2013 2654 divina
2035 2623 2183 2654 voluntas
2206 2627 2255 2652 est
2282 2623 2466 2652 indetermi-

1400 2677 1474 2702 nata
1497 2676 1530 2701 et
1550 2669 1591 2700 ad
1614 2669 1803 2699 utrumlibet
1822 2677 1856 2698 se
1870 2668 2002 2698 habens.
2024 2666 2100 2697 Ideo
2116 2676 2184 2697 non
2200 2670 2329 2705 oportet
2343 2667 2378 2696 in
2391 2667 2464 2706 ipso

1399 2724 1522 2756 ponere
1537 2714 1680 2753 aliquam
1695 2713 1813 2743 realem
1827 2711 2105 2752 potentialitatem‚
2121 2710 2178 2740 sed
2200 2710 2302 2740 solam
2325 2710 2464 2749 logicam

1401 2758 1681 2800 potentialitatem‚
1696 2766 1780 2796 quae
1795 2756 1898 2787 solam
1920 2754 2138 2786 habitudinem
2163 2755 2374 2784 terminorum
2388 2763 2464 2794 pos—

1401 2804 1528 2835 sibilem
1549 2802 1712 2842 importat.

1457 2847 1581 2877 Dicitur
1607 2852 1716 2876 tamen
1745 2843 1890 2875 secundo
1919 2842 2020 2883 quod,
2043 2843 2118 2873 licet
2140 2842 2286 2873 voluntas
2314 2841 2421 2872 divina
2446 2851 2464 2871 a

1400 2892 1492 2923 nullo
1509 2890 1655 2922 effective
1669 2889 1909 2923 determinetur,
1920 2887 2153 2918 ‘determinatur
2167 2892 2275 2917 tamen
2295 2886 2334 2916 ab
2354 2885 2463 2925 aliquo

1402 2935 1588 2970 formaliter,
1611 2934 1733 2965 scilicet
1756 2933 1795 2963 ab
1818 2932 1983 2963 intellectu
2006 2936 2210 2972 proponente
2229 2931 2392 2960 obiectum
2407 2939 2464 2959 vo-

1401 2981 1515 3011 luntati
1539 2979 1779 3010 determinatae.
1803 2976 1867 3008 Sed
1888 2986 1996 3016 neque
2019 2985 2150 3006 necesse
2173 2980 2220 3005 est
2235 2980 2271 3005 ut
2285 2973 2464 3004 secundum

1401 3026 1501 3055 istum
1521 3022 1659 3054 modum
1682 3023 1723 3053 sit
1749 3020 1923 3061 aliquando
1951 3021 1985 3051 in
2011 3020 2169 3060 potentia:
2195 3019 2279 3059 quia,
2303 3018 2385 3048 sicut
2407 3027 2464 3048 vo-

1402 3070 1507 3100 luntas
1530 3067 1637 3098 divina
1661 3072 1708 3097 est
1730 3071 1868 3101 aeterna,
1891 3066 1935 3095 ita
1959 3070 1990 3095 et
2011 3064 2191 3095 intellectus
2218 3072 2288 3093 eam
2316 3061 2464 3092 determi-

1401 3122 1497 3148 nans;
1521 3111 1608 3142 unde
1639 3120 1808 3150 nunquam
1837 3109 1898 3140 fuit
1921 3109 2068 3139 voluntas
2099 3108 2178 3147 quin
2207 3107 2246 3137 ab
2275 3107 2346 3146 ipso
2370 3105 2466 3136 fuerit

1403 3157 1623 3188 determinata.

1459 3200 1536 3231 Ideo
1559 3200 1614 3230 illa
1634 3199 1828 3239 propositio,
1843 3197 2063 3228 Determinari
2086 3200 2133 3226 est
2154 3200 2277 3225 tantum
2300 3194 2465 3224 existentis

1405 3247 1436 3276 in
1456 3245 1614 3285 potentia,
1638 3253 1706 3274 non
1730 3248 1778 3273 est
1800 3241 2019 3273 universaliter
2040 3249 2123 3270 vera.

1462 3299 1490 3319 2.
1515 3289 1579 3319 Sed
1601 3293 1745 3318 remanet
1767 3287 1872 3317 adhuc
1896 3286 2039 3316 dubium.
2064 3284 2154 3314 Licet
2178 3283 2263 3313 enim
2280 3282 2318 3312 ab
2334 3287 2464 3312 aeterno

1404 3339 1493 3364 actus
1516 3333 1643 3363 divinae
1666 3332 1839 3362 voluntatis
1862 3331 1901 3360 sit
1924 3329 2151 3360 determinatus
2173 3332 2304 3367 propter
2331 3326 2465 3356 aeterni-

1403 3384 1501 3408 tatem
1526 3376 1775 3412 determinantis,
1799 3381 1831 3405 et
1853 3375 1896 3405 sic
1925 3373 2031 3404 divina
2058 3372 2205 3402 voluntas
2236 3379 2404 3410 nunquam
2426 3370 2467 3399 sit

1404 3423 1436 3452 in
1461 3422 1619 3462 potentia;
1648 3420 1751 3450 forma
1779 3425 1887 3449 tamen
1917 3417 2086 3457 quaelibet,
2111 3417 2175 3446 sive
2203 3415 2373 3445 intrinseca
2399 3414 2466 3444 sive

1405 3467 1591 3501 extrinseca,
1615 3469 1819 3504 comparatur
1841 3462 1880 3493 ad
1904 3462 1936 3492 id
1959 3462 2049 3491 cuius
2074 3466 2120 3490 est
2142 3459 2246 3489 forma
2273 3459 2356 3488 sicut
2377 3463 2467 3488 actus

1405 3510 1445 3541 ad
1468 3510 1660 3550 potentiam:
1685 3509 1776 3543 sicut,
1800 3508 1826 3537 si
1849 3506 1952 3536 forma
1975 3510 2056 3535 esset
2084 3505 2122 3534 ab
2150 3509 2279 3533 aeterno
2310 3502 2468 3542 producta

1405 3556 1438 3585 in
1462 3555 1603 3589 materia,
1623 3557 1862 3592 compararetur
1884 3549 1923 3580 ad
1946 3550 2048 3589 ipsam
2072 3549 2154 3578 sicut
2176 3553 2265 3578 actus
2289 3546 2329 3577 ad
2351 3552 2467 3586 poten-

1405 3600 1491 3629 tiam.
1516 3599 1602 3638 Ergo
1627 3606 1725 3627 omne
1749 3594 1838 3635 quod
1864 3594 2093 3624 determinatur
2119 3601 2176 3632 per
2202 3590 2324 3631 aliquid
2349 3590 2467 3621 forma-

1404 3643 1484 3679 liter,
1502 3648 1631 3682 oportet
1646 3639 1766 3680 aliquid
1782 3637 2020 3679 potentialitatis
2037 3637 2164 3667 habere.
2178 3635 2263 3666 Cum
2279 3636 2374 3675 igitur
2389 3634 2469 3664 nihil

2493 506 2503 516 ·
2518 505 2554 527 cf.
2569 505 2618 527 init.
2635 505 2706 527 Com-

2493 535 2563 580 greg?
2579 564 2600 580 n.
2613 564 2664 580 vni.

2491 1347 2500 1356 ·
2516 1346 2584 1367 Num.
2596 1352 2612 1368 ι.

2491 1435 2500 1444 “”
2515 1433 2550 1455 Cf.
2566 1439 2589 1455 u.
2601 1439 2632 1455 vl.

2491 1461 2511 1470 ··
2527 1460 2574 1487 Qu.
2586 1466 2633 1485 xix,
2649 1465 2670 1481 a.
2681 1466 2701 1488 3v

2491 1487 2519 1508 ad
2534 1493 2551 1514 5.

2492 1609 2501 1618 ·
2516 1607 2551 1629 Cf.
2568 1613 2591 1629 n.
2602 1612 2648 1629 vn.⁴
