2768 4134
874 260 1063 298 SUMMA
1092 261 1315 299 CONTRA
1344 260 1619 308 GENTILES,
1651 262 1761 299 CAP.
1783 264 1913 301 XXlll.

351 339 491 377 Quarto.
513 341 602 372 Deus
624 350 694 372 non
718 346 765 371 est
786 340 960 371 mutabilis.
990 340 1077 381 Ergo
1105 341 1165 371 sibi
1191 350 1260 371 non
1287 350 1367 371 con-

291 385 381 415 venit
397 385 488 425 quod
511 385 552 416 de
575 395 609 416 se
632 385 736 426 possit
750 385 855 415 inesse
872 390 903 415 et
918 394 987 414 non
1003 385 1118 416 inesse.
1142 385 1229 426 Ergo
1245 386 1279 416 in
1294 386 1367 426 ipso

292 429 421 460 nullum
438 435 486 461 est
501 430 660 468 accidens.
673 447 697 452 -
706 429 798 460 Patet
813 429 917 470 prima
929 430 1173 470 consequentia.-
1183 447 1207 452 -
1219 429 1369 462 Secunda

292 483 370 504 vero
386 475 553 514 probatur.
577 474 664 513 Quia
684 482 783 505 omne
799 472 950 504 accidens
966 473 1006 504 de
1022 483 1056 505 se
1071 480 1185 506 natum
1201 480 1248 506 est
1263 475 1368 505 inesse

294 523 325 548 et
347 528 417 549 non
439 519 555 550 inesse.

350 562 414 594 Sed
437 563 579 594 occurrit
601 561 752 594 dubium:
779 562 855 606 quia
878 562 1049 603 'proprium
1072 562 1221 594 accidens
1236 572 1305 594 non
1321 567 1370 593 est

292 613 407 638 natum
429 608 534 639 inesse
558 612 591 637 et
612 616 682 637 non
705 607 820 638 inesse.

349 651 460 682 Potest
483 651 546 682 dici
570 650 661 692 quod
683 651 743 681 ista
765 652 848 682 ratio
872 661 941 683 non
957 651 1125 683 concludit
1139 652 1270 683 nullum
1285 651 1369 682 acci-

293 695 372 726 dens
389 705 458 726 esse
472 696 507 726 in
523 695 595 726 Deo
612 701 649 726 ut
664 695 814 726 accidens
837 703 950 728 contra
973 697 1184 727 substantiam
1207 695 1369 732 dividitur,

293 739 349 770 sed
372 745 410 771 ut
432 739 638 780 distinguitur
661 746 774 771 contra
790 742 976 781 proprium.
1008 740 1091 772 Illud
1120 746 1229 772 autem
1256 746 1370 771 natum

293 789 342 815 est
363 783 470 815 inesse
493 789 526 815 et
547 793 617 815 non
640 785 756 816 inesse.
771 803 795 808 -—
810 785 901 816 Patet
924 791 1034 817 autem
1055 785 1120 816 hoc
1143 794 1182 816 ex
1201 784 1304 816 modo
1320 785 1370 816 lo-

294 827 417 869 quendi
431 838 508 860 cum
531 829 585 865 ait,
609 828 646 859 Si
668 829 759 860 Deus
781 830 877 861 habet
898 830 1025 871 aliquid
1047 829 1294 860 accidentaliter
1308 829 1370 860 sibi

293 873 498 904 conveniens.
523 872 599 904 Sola
622 874 711 905 enim
734 874 912 905 accidentia
927 884 1011 916 quae
1032 879 1170 916 possunt
1184 874 1306 910 abesse,
1322 873 1371 904 di-

293 923 411 949 cuntur
433 917 673 949 accidentaliter
696 919 885 950 convenire:
910 918 1088 950 accidentia
1111 923 1220 950 autem
1239 919 1371 959 propria

291 971 351 1003 per
365 971 411 994 se.
434 962 512 994 Non
528 968 576 994 est
592 968 702 994 autem
717 963 952 995 inconveniens
967 969 1014 1000 ut,
1029 964 1113 995 inter
1132 963 1250 994 multas
1272 963 1377 999 ratio-⁷

292 1016 361 1044 nes,
378 1006 507 1048 aliquae
522 1008 745 1039 universaliter
760 1008 900 1048 probent
922 1007 1052 1039 nullum
1075 1007 1263 1049 simpliciter
1286 1008 1370 1038 acci·

293 1050 373 1082 dens
403 1051 449 1082 illi
480 1052 667 1089 convenire,
696 1052 824 1093 aliquae
854 1061 932 1083 vero
961 1053 1102 1093 probent
1132 1051 1173 1083 de
1203 1051 1371 1084 accidente

292 1101 420 1127 tantum
443 1106 502 1137 per
525 1096 686 1128 accidens.

348 1140 418 1171 VII.
434 1140 569 1177 Quinto.
586 1141 677 1172 Deus
692 1146 741 1172 est
755 1140 916 1182 quidquid
932 1146 979 1172 est
993 1141 1028 1172 in
1043 1142 1126 1182 ipso.
1143 1141 1232 1182 Ergo
1247 1141 1282 1172 in
1296 1141 1369 1182 ipso

292 1185 422 1216 nullum
446 1190 494 1216 est
516 1185 677 1217 accidens.
693 1203 716 1208 -
731 1185 823 1216 Patet
846 1186 1090 1226 consequentia.
1114 1185 1202 1224 Quia
1227 1195 1278 1216 res
1301 1194 1371 1217 non

293 1234 341 1260 est
355 1238 455 1260 suum
469 1229 633 1261 accidens:
658 1239 735 1261 cum
758 1229 908 1261 accidens
922 1239 993 1261 non
1008 1230 1049 1261 sit
1064 1230 1104 1261 de
1121 1231 1257 1261 essentia
1275 1230 1332 1261 rei.
1347 1248 1372 1252 -

232 1263 235 1265 ’
291 1272 499 1314 Antecedens
522 1283 600 1317 vero
623 1274 789 1315 probatur.
813 1273 983 1315 Quidquid
1007 1279 1055 1306 est
1077 1275 1111 1305 in
1134 1274 1218 1312 Deo,
1237 1275 1371 1306 nobilis-

292 1317 515 1362 mefflo‘·
528 1323 576 1349 est
599 1319 632 1349 in
661 1319 749 1360 ipso:
778 1319 855 1359 quia
886 1319 976 1350 Deus
1005 1325 1052 1350 est
1082 1320 1233 1351 omnium
1263 1329 1370 1356 causa,

249 1364 260 1366 ’
291 1362 558 1404 unumquodque
589 1368 699 1394 autem
729 1363 872 1395 nobilius
902 1364 1064 1395 invenitur
1093 1364 1127 1394 in
1151 1374 1247 1395 causa
1271 1373 1371 1405 quam

48 1897 265 1928 ‘ctu-,buius

49 1930 130 1955 με...

291 1407 327 1438 in
349 1406 478 1439 effectu.
501 1407 567 1439 Sed
589 1407 823 1448 perfectissime
847 1407 970 1449 aliquid
993 1409 1148 1439 convenit
1167 1408 1264 1440 alicui
1281 1408 1372 1450 quod

292 1457 341 1483 est
362 1452 554 1493 ipsummet:
579 1462 620 1483 eo
645 1452 737 1493 quod
761 1462 837 1484 cum
852 1453 909 1484 illo
926 1458 1005 1484 tunc
1020 1452 1195 1494 perfectius
1211 1454 1251 1484 sit
1265 1463 1370 1484 unum

292 1505 394 1538 quam
408 1496 515 1529 forma
531 1506 608 1528 cum
623 1497 768 1534 materia,
785 1503 817 1529 et
833 1507 933 1539 quam
949 1507 1026 1529 cum
1042 1497 1165 1538 aliquid
1180 1497 1271 1529 alteri
1287 1499 1370 1529 acci—

292 1539 463 1573 dentaliter
484 1542 578 1573 inest.
602 1541 690 1583 Ergo
715 1547 776 1573 etc.

349 1595 381 1618 2.
405 1585 502 1617 Circa
527 1586 617 1618 illam
646 1586 918 1628 propositionem,
947 1586 1206 1628 Unumquodque
1230 1587 1371 1618 nobilius

292 1630 460 1662 invenitur
474 1631 508 1662 in
525 1641 625 1662 causa
641 1641 739 1673 quam
756 1632 789 1662 in
806 1631 933 1672 effectu,
950 1630 1124 1662 dubitatur.
1148 1631 1234 1662 Nam
1256 1637 1370 1662 natura

290 1675 375 1716 ignis
403 1684 474 1707 non
503 1676 667 1708 invenitur
692 1676 836 1707 nobilius
858 1676 893 1707 in
916 1676 992 1716 igne
1013 1681 1188 1716 generante
1212 1685 1312 1717 quam
1334 1677 1368 1707 in

290 1720 414 1761 genito,
436 1730 499 1752 nec
519 1726 636 1752 natura
656 1721 802 1752 humana
823 1720 966 1752 nobilior
989 1726 1037 1752 est
1059 1721 1093 1752 in
1116 1721 1252 1752 homine
1270 1730 1368 1762 gene-

290 1770 382 1797 rante
405 1774 505 1807 quam
526 1766 562 1797 in
583 1765 720 1798 homine
741 1765 868 1807 genito:
892 1774 969 1797 cum
991 1765 1117 1806 species
1140 1765 1369 1806 specialissima

291 1809 468 1851 aequaliter
486 1810 669 1842 inveniatur
683 1811 718 1842 in
734 1810 887 1842 omnibus
902 1809 1076 1842 individuis
1091 1810 1172 1848 suis;
1187 1810 1240 1841 vel
1255 1810 1367 1842 saltem

290 1862 361 1886 non
383 1854 424 1886 sit
446 1855 628 1886 necessario
642 1855 786 1887 nobilior
800 1855 835 1886 in
849 1864 919 1886 uno
935 1864 1035 1895 quam
1050 1855 1084 1886 in
1101 1855 1176 1886 alio.
1201 1855 1288 1896 Ergo
1305 1861 1367 1886 etc.

336 1898 564 1940 Respondetur
590 1900 703 1941 primo
719 1901 746 1937 ⁹,
778 1898 970 1940 accipiendo
1003 1899 1267 1940 propositionem
1297 1905 1367 1931 tan-

293 1952 394 1985 quam
408 1944 630 1976 universaliter
645 1954 765 1976 veram.
786 1944 828 1975 Et
843 1943 960 1975 dicitur
975 1945 1094 1985 primo,
1111 1943 1292 1975 secundum
1308 1944 1368 1975 do·

50 1993 62 2004 ·
75 1990 265 2019 mmuh>
293 1988 430 2020 ctrinam
454 1988 564 2020 Sancti
586 1988 737 2020 Th0mae
760 1989 795 2020 in
817 1988 928 2020 multis
950 1988 1032 2020 locis
1043 1989 1071 2025 ³,
1096 1988 1187 2029 quod
1209 1989 1268 2020 ista
1291 1998 1368 2030 pro-

51 2024 76 2048 q-
85 2024 111 2042 tv
146 2051 154 2059 ⁸

51 2071 254 2129 {augmen

49 2050 95 2076 ..3,
110 2033 119 2047 ’
130 2019 268 2085 ζῆἓὲἓζ
293 2033 414 2074 positio
429 2033 527 2065 habet
548 2033 770 2065 universaliter
793 2034 960 2064 veritatem
975 2032 1016 2064 de
1039 2043 1135 2064 causa
1150 2033 1370 2075 principaliter

294 2083 420 2119 agente,
443 2087 513 2109 non
536 2083 646 2109 autem
670 2078 710 2110 de
734 2087 830 2109 causa
852 2078 1098 2109 instrumentali.

349 2122 476 2153 Dicitur
497 2122 654 2160 secundo,
678 2122 769 2164 quod
791 2122 942 2154 nobilitas
965 2122 1034 2153 eius
1050 2122 1141 2163 quod
1157 2123 1253 2154 estin
1274 2132 1370 2154 causa

293 2171 326 2198 et
347 2166 382 2197 in
406 2165 534 2204 effectu,
558 2173 667 2208 potest
690 2173 722 2199 et
745 2167 786 2198 ad
807 2167 912 2208 ipsam
929 2167 1085 2198 essentiae
1102 2173 1133 2198 et
1148 2172 1281 2198 naturae
1296 2177 1370 2208 per-

292 2210 470 2243 fectionem
492 2212 527 2243 in
550 2221 585 2243 se
607 2211 728 2249 referri,
745 2218 777 2243 et
791 2212 832 2243 ad
847 2211 986 2243 modurn
1001 2211 1138 2243 essendi.
1162 2211 1196 2243 Si
1216 2211 1371 2243 referatur

293 2255 335 2288 ad
356 2261 506 2288 naturam
528 2257 562 2287 in
585 2266 630 2294 se,
655 2257 701 2288 sic
723 2266 793 2288 non
817 2262 864 2288 est
887 2265 1019 2288 necesse
1049 2256 1313 2298 unumquodque
1335 2257 1369 2288 in

293 2310 390 2332 causa
411 2301 583 2342 principali
605 2301 748 2332 nobilius
771 2311 840 2332 esse
861 2311 960 2342 quam
976 2301 1010 2332 in
1027 2300 1154 2332 effectu.
1174 2300 1266 2333 Sicut
1282 2302 1370 2332 enim

293 2346 495 2387 arguebatur,
511 2346 545 2377 in
563 2346 602 2376 iis
619 2356 703 2387 quae
719 2351 794 2377 sunt
810 2345 955 2377 eiusdem
971 2346 1091 2387 speciei
1110 2346 1369 2387 specialissimae,

293 2396 407 2422 natura
429 2400 498 2422 non
521 2396 569 2422 est
593 2391 801 2422 essentialiter
829 2390 1004 2432 perfectior
1029 2391 1064 2421 in
1094 2400 1190 2422 causa
1213 2400 1313 2432 quam
1335 2392 1370 2422 in

293 2433 421 2467 effectu.
437 2454 461 2458 -
476 2435 510 2467 Si
528 2435 570 2467 ad
584 2435 723 2467 modum
747 2435 872 2466 essendi
896 2434 1061 2472 referatur,
1078 2435 1249 2476 dupliciter
1272 2436 1370 2467 etiam

292 2485 401 2520 potest
423 2479 573 2521 intelligi:
598 2480 721 2512 scilicet
744 2480 926 2511 secundum
942 2479 1034 2521 quod
1050 2486 1097 2511 est
1112 2481 1146 2511 in
1163 2490 1260 2511 causa
1275 2481 1370 2512 abso-

292 2524 376 2562 lute;
401 2530 434 2556 et
462 2524 643 2556 secundum
674 2524 766 2566 quod
795 2531 843 2556 est
865 2525 900 2556 in
923 2534 1020 2556 causa
1050 2530 1087 2555 ut
1116 2535 1212 2556 causa
1243 2531 1300 2556 est.
1327 2525 1370 2557 Et

293 2568 412 2601 eodem
427 2569 530 2601 modo
547 2579 586 2601 ex
601 2575 692 2611 parte
708 2569 841 2602 effectus
857 2569 1121 2611 distinguendum
1137 2576 1195 2601 est.
1219 2569 1253 2601 Si
1275 2571 1370 2602 abso-

292 2613 362 2645 lute
383 2614 570 2655 accipiatur,
593 2624 663 2646 non
694 2615 792 2646 etiam
820 2624 954 2646 necesse
977 2620 1025 2645 est
1047 2620 1085 2645 ut
1106 2614 1250 2646 nobilius
1272 2615 1312 2646 sit
1334 2615 1369 2646 in

293 2668 391 2690 causa
403 2668 502 2699 quam
514 2659 548 2690 in
561 2659 692 2690 effectu:
705 2665 814 2700 potest
825 2660 912 2691 enim
925 2659 1053 2700 aequali
1063 2659 1232 2691 nobilitate
1243 2659 1370 2691 essendi

293 2712 364 2734 esse
385 2703 420 2734 in
444 2713 540 2735 causa
564 2709 596 2735 et
618 2704 652 2735 in
675 2702 804 2741 effectu,
828 2704 856 2735 si
878 2713 948 2735 esse
971 2714 1087 2735 causae
1103 2710 1135 2735 et
1150 2714 1220 2736 esse
1236 2703 1369 2736 effectus

293 2748 442 2780 absolute
465 2748 720 2780 considerentur.
748 2748 813 2780 Sed
838 2749 865 2780 si
888 2748 1111 2780 consideretur
1132 2749 1256 2790 aliquid
1279 2749 1371 2790 quod

294 2799 342 2824 est
363 2793 398 2824 in
421 2802 518 2824 causa
548 2793 652 2824 activa
673 2793 860 2830 virtualiter,
883 2793 1065 2825 secundum
1089 2793 1180 2835 quod
1210 2794 1245 2825 in
1274 2803 1371 2825 causa

293 2843 351 2875 est,
368 2837 415 2868 sic
429 2838 572 2869 nobilius
586 2838 684 2869 habet
699 2847 770 2869 esse
785 2847 885 2879 quam
899 2838 934 2869 in
955 2837 1073 2870 effectu
1096 2844 1133 2870 ut
1156 2844 1203 2869 est
1226 2837 1369 2870 effectus.

293 2881 331 2914 In
342 2891 439 2913 causa
451 2883 539 2914 enim
551 2888 667 2923 agente
679 2882 776 2914 habet
790 2883 950 2914 rationem
964 2882 1190 2924 producentis;
1203 2883 1237 2914 in
1253 2882 1371 2914 effectu

293 2932 404 2958 autem
425 2927 523 2959 habet
544 2927 706 2958 rationem
727 2927 889 2968 producti.
920 2927 1034 2965 Modo,
1057 2928 1201 2959 nobilius
1225 2934 1272 2959 est
1294 2937 1370 2969 pro-

294 2970 412 3003 ducere
436 2981 536 3013 quam
559 2971 708 3013 produci.
733 2971 811 3003 Ideo
834 2971 978 3004 nobilius
1001 2978 1049 3003 est
1072 2982 1140 3004 esse
1164 2973 1197 3004 in
1222 2982 1318 3004 causa
1333 2978 1371 3004 ut

436 3698 530 3723 Surum
550 3697 660 3723 Coum
680 3698 813 3724 Gru-mss
832 3699 864 3724 D.
883 3699 998 3725 Tuonu
1018 3700 1087 3725 Tou.
1108 3701 1126 3725 1.

2439 268 2486 315 73

1422 349 1518 370 causa
1542 346 1599 376 est,
1625 350 1723 381 quam
1748 352 1815 373 esse
1838 344 1872 373 in
1896 343 2011 376 effectu
2036 351 2071 376 ut
2095 346 2226 378 effectus
2243 352 2300 378 est.
2324 347 2366 378 Et
2381 348 2425 378 sic
2442 348 2490 378 in-

1421 384 1595 424 telligenda
1612 391 1659 415 est
1674 387 1855 426 propositio
1880 387 1987 419 Sancti
2003 389 2161 428 Thoume,
2177 397 2213 422 ut
2228 397 2315 432 patet
2331 391 2370 422 de
2385 392 2488 428 Male,

1423 429 1725 470 q.1v,a.1,ad15.
2078 468 2081 470 ι

1477 473 1573 504 Unde
1595 474 1745 504 instantia
1767 475 1856 505 nulla
1880 482 1936 506 est.
1960 477 2051 508 Licet
2075 479 2160 509 enim
2183 486 2296 511 natura
2317 481 2399 520 ignis
2421 490 2490 511 non

1423 518 1463 548 sit
1478 518 1626 549 absolute
1642 518 1783 549 nobilior
1799 519 1832 549 in
1849 519 1922 559 igne
1935 528 2105 560 generante
2118 533 2215 563 quarn
2231 525 2263 555 in
2279 525 2353 565 igne
2368 525 2489 565 genito,

1422 562 1619 593 nobiliorem
1649 568 1758 594 tamen
1787 563 1925 594 modum
1954 565 2050 596 habet
2072 568 2250 598 secundum
2274 569 2364 609 quod
2387 575 2433 600 est
2456 570 2490 600 in

1422 607 1498 648 igne
1528 613 1702 647 generante
1725 613 1761 638 ut
1783 616 1938 647 generans
1962 615 2018 645 est,
2043 619 2140 649 quam
2163 612 2196 642 in
2220 613 2292 652 igne
2322 614 2430 653 genito
2454 620 2490 644 ut

1423 651 1551 692 genitus
1575 656 1632 682 est.
1657 651 1699 682 Et
1722 651 1866 682 similiter
1890 649 2063 684 dicendum
2087 660 2133 684 est
2161 655 2200 686 de
2229 657 2435 694 humanitate,
2459 664 2491 689 et

1425 695 1465 727 de
1488 695 1557 726 aliis
1581 705 1664 736 quae
1688 696 1828 726 univoce
1852 695 2002 727 dicuntur
2026 697 2065 728 de
2089 708 2184 730 causa
2208 706 2239 730 et
2262 700 2386 732 effectu.

1480 740 1571 771 Haec
1587 745 1696 771 autem
1712 741 1871 781 expositio
1888 742 2027 772 maxime
2042 744 2210 783 proposito
2232 743 2376 776 deservit.
2395 746 2490 784 Quia,

1425 794 1501 815 cum
1524 785 1558 815 in
1582 794 1688 822 causa,
1713 790 1748 816 ut
1772 790 1819 815 est
1843 794 1948 822 causa,
1972 795 2021 816 res
2049 787 2243 818 nobiliorem
2272 788 2408 820 modum
2436 791 2491 820 ha—

1424 829 1508 866 beat,
1524 838 1657 860 necesse
1674 835 1721 860 est
1736 830 1821 874 utin
1838 829 1910 860 Deo
1933 830 2152 862 nobilissimus
2175 832 2292 863 modus
2309 834 2364 873 qui
2380 843 2492 865 causae

1424 879 1461 904 ut
1484 881 1580 904 causa
1604 874 1779 905 convenire
1802 879 1919 915 potest,
1936 875 2120 914 reperiatur.
2145 876 2370 908 Nobilissimus
2385 883 2493 909 autem

1423 918 1544 949 modus
1567 924 1615 949 est
1637 924 1674 949 ut
1698 917 1831 949 effectus
1846 919 1879 949 in
1896 928 1992 949 causa
2007 919 2046 950 sit
2065 920 2133 960 ipsa
2157 930 2270 951 causae
2294 922 2437 958 essentia,
2454 923 2494 953 ad

1424 963 1488 993 hoc
1511 968 1549 994 ut
1571 963 1641 1003 ipsa
1664 973 1760 994 causa
1782 972 1840 1004 per
1863 972 1955 994 suam
1979 965 2148 995 essentiam
2171 971 2252 1005 agat.
2285 965 2361 996 Ideo
2385 967 2495 997 omnia

1423 1007 1458 1038 in
1474 1007 1547 1038 Deo
1562 1007 1632 1048 ipsa
1656 1007 1717 1038 Dei
1742 1007 1879 1038 essentia
1894 1013 1978 1044 sunt,
1996 1014 2027 1038 et
2042 1008 2121 1039 nihil
2137 1009 2170 1039 in
2186 1010 2258 1050 ipso
2274 1009 2422 1041 accidens
2438 1017 2493 1042 est.

1482 1051 1511 1083 3.
1536 1051 1647 1083 Potest
1674 1052 1816 1083 secundo
1849 1052 2038 1092 responderi
2069 1053 2159 1094 quod
2189 1055 2368 1096 propositio
2400 1055 2495 1086 habet

1424 1096 1592 1127 veritatem
1608 1101 1640 1127 et
1655 1102 1816 1137 quantum
1832 1096 1872 1127 ad
1888 1098 2058 1128 essentiam
2075 1103 2106 1128 et
2122 1104 2279 1138 quantum
2299 1099 2338 1129 ad
2358 1099 2494 1130 modum

1425 1140 1552 1172 essendi
1567 1141 1726 1178 absolute,
1749 1140 1806 1172 sed
1827 1142 1861 1172 in
1885 1151 1980 1172 causa
2003 1143 2180 1182 aequivoca
2202 1148 2337 1174 tantum.
2354 1143 2494 1175 Effectus

1425 1186 1513 1216 enim
1537 1186 1571 1216 in
1595 1195 1692 1216 causa
1715 1186 1894 1226 aequivoca
1917 1186 1997 1216 nihil
2021 1186 2107 1217 aliud
2130 1193 2177 1218 est
2193 1197 2291 1228 quam
2306 1189 2375 1228 ipsa
2390 1187 2494 1219 forma

1426 1240 1541 1261 causae
1565 1230 1779 1271 aequivocae;
1804 1236 1835 1261 et
1857 1230 1976 1261 modus
2000 1231 2124 1262 essendi
2140 1232 2240 1272 ipsius
2255 1232 2289 1263 in
2306 1242 2400 1263 causa
2415 1234 2502 1264 nihil.

1426 1280 1473 1306 est
1488 1274 1576 1306 aliud
1592 1284 1692 1316 quam
1707 1274 1826 1306 modus
1842 1274 1967 1306 essendi
1983 1285 2107 1306 causae.
2132 1275 2267 1307 Constat
2283 1282 2389 1308 autem
2406 1277 2495 1318 quod

1425 1318 1530 1350 forma
1554 1326 1586 1350 et
1609 1329 1679 1351 esse
1703 1329 1818 1351 causae
1841 1320 2038 1360 aequivocae
2060 1326 2106 1351 est
2121 1321 2262 1352 nobilior
2277 1331 2374 1362 quam
2391 1321 2495 1353 forma

1425 1369 1457 1395 et
1480 1373 1549 1395 esse
1573 1363 1719 1396 effectus:
1745 1374 1822 1395 cum
1846 1364 2009 1395 contineat
2042 1364 2172 1396 effectus
2201 1365 2432 1406 perfectionem
2463 1373 2495 1397 et

1425 1408 1547 1449 aliquid
1570 1418 1611 1440 eo
1634 1408 1819 1450 perfectius.

1480 1453 1533 1485 Ad
1555 1454 1643 1485 hunc
1667 1454 1764 1485 etiarn
1787 1463 1918 1484 sensum
1934 1453 2071 1484 deservit
2097 1455 2265 1495 proposito
2282 1454 2389 1486 Sancti
2404 1455 2494 1486 Tho-

1423 1507 1507 1529 mae.
1531 1498 1616 1530 Nam
1639 1497 1847 1529 manifestum
1863 1503 1910 1529 est
1926 1498 2034 1529 Deum
2050 1508 2118 1529 esse
2137 1508 2266 1530 causam
2284 1500 2494 1540 aequivocam

1425 1548 1654 1580 creamrarum,
1678 1552 1747 1574 non
1771 1548 1880 1574 autem
1903 1543 2088 1574 univocam.
2232 1575 2234 1578 ,

1479 1587 1562 1618 VIII.
1580 1587 1692 1618 Sexto.
1717 1586 1900 1618 Substantia
1916 1597 1984 1618 non
2001 1587 2162 1629 dependet
2185 1588 2224 1618 ab
2248 1588 2422 1626 accidente,
2439 1589 2495 1620 sed

1423 1632 1507 1663 bene
1531 1641 1550 1663 e
1573 1641 1743 1663 converso.
1775 1632 1862 1673 Ergo
1886 1638 1993 1672 potest
2023 1632 2130 1672 aliqua
2159 1633 2333 1663 substantia
2360 1634 2495 1664 inveniri

1422 1677 1492 1707 sine
1515 1676 1692 1708 accidente.
1717 1676 1819 1715 Quod
1841 1677 1981 1707 maxime
1997 1676 2123 1708 videtur
2145 1677 2268 1718 primae
2290 1678 2493 1715 substantiae,

1423 1731 1508 1762 quae
1532 1721 1621 1753 Deus
1637 1728 1694 1759 est,
1713 1722 1898 1753 convenire.
1919 1739 1942 1743 —
1963 1721 2121 1752 Probatur
2144 1723 2386 1762 consequentia.
2409 1722 2495 1761 Quia

1422 1765 1514 1808 quod
1536 1776 1606 1798 non
1629 1765 1792 1808 dependet
1822 1767 1861 1797 ab
1892 1766 2013 1807 aliquo,
2037 1771 2144 1807 potest
2167 1766 2341 1807 aliquando
2363 1767 2431 1798 sine
2455 1777 2495 1798 eo

1419 1811 1567 1842 inveniri.

1478 1854 1542 1887 Sed
1565 1855 1648 1887 circa
1671 1856 1765 1886 istam
1788 1855 2048 1896 propositionem
2072 1855 2212 1886 occurrit
2235 1855 2380 1887 dubium.
2410 1856 2495 1894 Quia

1422 1900 1599 1931 substantia
1622 1909 1691 1931 non
1715 1899 1877 1940 dependet
1892 1910 1910 1930 a
1926 1909 1984 1931 sua
2007 1900 2138 1941 propria
2160 1901 2321 1941 passione,
2341 1907 2372 1932 et
2387 1906 2495 1932 tamen

1422 1954 1491 1976 non
1514 1950 1623 1986 potest
1645 1945 1714 1975 sine
1738 1945 1807 1985 ipsa
1829 1945 1970 1986 reperiri.
2001 1945 2088 1985 Ergo
2115 1954 2183 1976 non
2214 1955 2313 1976 omne
2343 1945 2433 1986 quod
2455 1947 2494 1976 ab

1422 1989 1486 2020 alio
1509 1999 1578 2020 non
1602 1988 1774 2030 dependet,
1797 1994 1906 2030 potest
1929 1990 2051 2030 absque
2073 1989 2130 2020 illo
2154 1989 2329 2030 aliquando
2354 2000 2432 2021 esse.

1479 2033 1606 2065 Dicitur
1628 2033 1719 2074 quod
1741 2034 1800 2064 ista
1822 2034 2004 2075 propositio
2027 2034 2235 2074 intelligenda
2258 2040 2306 2065 est
2320 2035 2377 2066 ubi
2392 2044 2495 2066 unum

1423 2087 1492 2109 non
1516 2079 1669 2120 sequitur,
1685 2078 1725 2109 ad
1748 2078 1885 2110 alterum
1907 2078 2044 2110 naturali
2068 2079 2210 2120 sequela.
2241 2079 2277 2110 In
2306 2080 2368 2110 illis
2397 2080 2503 2116 enim„

1423 2123 1499 2154 licet
1514 2133 1619 2154 unum
1635 2124 1674 2154 ab
1690 2123 1791 2154 altero
1806 2133 1876 2154 non
1888 2123 2078 2165 dependeat,
2091 2124 2167 2165 quia
2179 2129 2288 2154 tamen
2299 2125 2372 2165 ipso
2386 2125 2494 2165 posito

1423 2167 1610 2199 naturaliter
1640 2168 1775 2199 alterum
1804 2168 1945 2205 resultat,
1969 2168 2044 2199 ideo
2067 2169 2101 2199 in
2125 2178 2159 2199 re
2182 2169 2250 2199 sine
2274 2168 2330 2199 illo
2360 2169 2494 2200 inveniri

1423 2222 1492 2243 non
1515 2218 1633 2253 potest,
1657 2213 1740 2243 sicut
1763 2213 1955 2253 arguebatur
1978 2212 2018 2243 de
2041 2213 2188 2244 subiecto
2212 2218 2244 2243 et
2266 2214 2396 2254 propria
2423 2223 2494 2254 pas-

1424 2258 1529 2288 sione:
1554 2267 1631 2288 nam
1660 2258 1793 2298 propria
1824 2258 1931 2298 passio
1961 2257 2147 2288 naturaliter
2175 2258 2320 2298 sequitur
2348 2263 2493 2289 naturam

1423 2302 1572 2333 subiecti.
1595 2302 1672 2333 Non
1695 2302 1741 2332 sic
1764 2307 1874 2333 autern
1897 2312 1931 2333 se
1953 2302 2073 2333 habent
2095 2303 2270 2333 substantia
2291 2308 2322 2333 et
2337 2302 2493 2339 accidens,

1424 2346 1605 2378 secundum
1622 2356 1833 2378 communem
1849 2347 2008 2378 rationem
2025 2347 2218 2378 substantiae
2235 2353 2266 2378 et
2285 2357 2494 2378 communem

1423 2392 1583 2422 rationem
1606 2391 1794 2422 accidentis:
1819 2401 1895 2422 nam
1925 2401 2034 2432 neque
2065 2392 2239 2422 substantia
2269 2391 2428 2432 dependet
2454 2392 2492 2422 ab

1424 2435 1601 2473 accidente,
1625 2445 1733 2477 neque
1757 2435 1798 2467 ad
1821 2437 2015 2467 substantiae
2044 2437 2203 2467 rationem
2231 2437 2375 2477 sequitur
2402 2442 2494 2467 natu-

1423 2481 1530 2512 raliter
1551 2480 1711 2512 accidens.
1743 2480 1820 2511 Ideo
1852 2486 1959 2521 potest
1988 2481 2094 2521 aliqua
2124 2481 2297 2511 substantia
2321 2482 2388 2512 sine
2412 2482 2493 2511 acci-

1425 2525 1521 2557 dente
1545 2535 1624 2556 esse.

1481 2570 1534 2601 IX.
1559 2570 1695 2607 Ultimo,
1726 2569 1935 2602 confirmatur
1966 2570 2133 2600 conclusio
2164 2570 2352 2600 auctoritate
2381 2570 2493 2610 Augu-

1424 2615 1499 2646 stini
1522 2615 1556 2646 in
1579 2615 1662 2646 libro
1690 2615 1870 2646 Trinitatis.

1481 2658 1678 2690 Confutatur
1702 2665 1810 2690 autem
1835 2669 1873 2690 ex
1896 2660 1959 2690 hoc
1983 2658 2216 2689 Saracenorum
2240 2668 2336 2694 error,
2362 2658 2401 2688 de
2424 2667 2491 2698 quo

1423 2704 1594 2741 Averroes,
1606 2704 1664 2735 XII
1677 2705 1831 2745 Metaph„
1849 2713 1968 2734 comm.
1983 2703 2034 2743 39,
2051 2703 2250 2733 mentionem
2266 2702 2350 2739 facit,
2366 2712 2492 2743 ponen-

1423 2749 1507 2780 tium
1531 2748 1688 2790 quasdam
1703 2749 1899 2780 intentiones
1915 2747 2040 2779 divinae
2057 2747 2210 2778 essentiae
2226 2746 2453 2787 superadditas.
2469 2764 2492 2769 -

1424 2793 1487 2824 Pro
1511 2803 1580 2834 quo
1603 2803 1711 2824 errore
1735 2793 1965 2824 advertendum
1989 2791 2078 2833 quod
2100 2801 2158 2832 per
2181 2792 2372 2822 intentiones
2399 2791 2491 2821 intel-

1424 2838 1494 2879 ligit
1517 2838 1654 2870 Sanctus
1677 2838 1822 2869 Thomas
1836 2838 1982 2880 formas,
2006 2837 2095 2875 Quas
2118 2836 2192 2867 ideo
2214 2845 2275 2867 nos
2297 2836 2491 2866 intentiones

1425 2883 1573 2920 dicimus,
1597 2883 1675 2924 quia
1697 2893 1715 2913 a
1738 2883 1799 2913 Dei
1823 2882 1997 2913 substantia
2027 2881 2095 2912 sola
2122 2881 2300 2912 intentione
2329 2885 2436 2911 nostra
2460 2884 2491 2910 et

1425 2928 1622 2968 cogitatione
1646 2933 1843 2968 separantur.
1868 2926 1931 2958 Sed
1953 2927 2015 2966 ipsi
2039 2925 2186 2957 dicebant
2203 2935 2239 2956 ea
2259 2925 2354 2956 etiam
2369 2924 2491 2955 realiter

1425 2972 1588 3014 distingui,
1613 2978 1645 3003 et
1669 2981 1736 3003 esse
1760 2971 1936 3003 accidentia
1960 2971 2084 3002 divinae
2109 2970 2261 3001 essentiae
2280 2968 2490 3010 superaddita.

2311 3702 2344 3720 10
