2768 4134
45 539 55 549 ·
68 537 127 566 Cap.
134 543 198 559 uix.

771 281 961 318 SUMMA
989 281 1213 320 CONTRA
1241 284 1517 334 GENTILES,
1549 287 1659 324 CAP.
1681 289 1816 334 XXXI,
1838 290 1989 326 XXXII.

284 358 427 400 perfecte
442 364 475 389 et
496 359 674 401 adaequate
697 359 840 391 divinam
864 360 1034 390 essentiam
1057 367 1358 401 repraesentantem,

285 408 318 434 et
338 403 396 434 illo
420 403 583 435 mediante
606 409 770 446 conceptu
792 404 901 435 Deum
929 414 997 435 uno
1026 407 1161 436 nomine
1192 407 1358 446 significet.

285 447 327 479 Et
349 448 395 478 sic
418 457 487 479 non
510 449 697 490 intelligitur
719 449 782 479 hic.
807 447 898 480 Sicut
921 449 1009 479 enim
1039 458 1097 489 per
1126 450 1249 480 nullam
1274 452 1360 481 simi—

284 491 456 524 litudinem
480 498 619 524 creatam
642 493 732 524 Deus
755 492 899 534 perfecte
926 494 1156 534 repraesentari
1184 500 1300 534 potest,
1325 500 1362 525 ut

285 537 320 568 in
343 537 456 568 Tertio
486 538 583 568 huius
613 537 802 568 ostendetur
815 538 843 574 *‚
867 538 912 568 ita
940 547 1002 568 nec
1032 547 1090 578 per
1119 538 1255 568 unicum
1282 548 1361 569 con-

287 586 420 622 ceptum
442 582 624 613 intellectus
647 582 754 613 creati.
779 581 886 618 Unde,
903 587 1206 623 quantumcumque
1227 583 1300 622 quis
1315 584 1362 614 vi-

287 626 361 658 deat
383 625 526 657 divinam
549 627 721 657 essentiam
737 632 774 657 ut
789 627 823 657 in
839 636 873 658 se
889 632 946 663 est,
963 627 1027 657 hoc
1050 626 1152 657 modo
1169 627 1277 657 Deum
1293 637 1361 658 uno

286 671 420 702 nomine
443 671 613 701 nominare
636 680 705 701 non
728 676 848 711 potest:
874 672 950 712 quia
973 672 1037 702 hoc
1061 672 1182 711 absque
1214 680 1362 711 compre-

285 715 444 746 hensione
460 714 528 745 fieri
552 725 619 746 non
644 721 764 756 posset.
780 734 802 738 -
818 716 893 747 Alio
909 715 1023 752 modo,
1039 721 1076 747 ut
1090 715 1202 746 videns
1218 716 1363 747 Verbum

286 759 443 796 divinum,
474 759 579 800 quod,
611 770 715 791 unum
743 761 890 797 existens,
922 760 1064 801 perfecte
1096 761 1205 791 Deum
1236 770 1364 800 reprae-

285 809 400 840 sentat,
423 803 586 835 mediante
609 804 666 835 illo
686 805 795 836 Verbo
819 815 887 836 uno
911 806 1046 836 nomine
1062 805 1171 836 Deum
1194 804 1362 845 significet.

286 848 328 879 Et
343 849 388 879 sic
403 849 592 889 intelligitur
607 849 699 890 quod
717 850 769 880 hic
793 849 924 881 dicitur:
948 851 1013 881 hoc
1030 850 1118 880 enim
1133 850 1256 889 absque
1273 859 1364 880 com-

285 893 503 934 prehensione
527 903 596 924 esse
619 899 736 935 potest.
780 899 783 900 ’

344 946 375 968 2.
398 937 500 968 Aliud
514 938 647 969 dubium
663 944 711 970 est
725 940 810 970 circa
831 939 1007 970 nominum
1023 938 1305 979 multiplicitatem.
1330 939 1363 970 Si

286 982 375 1013 enim
390 983 467 1022 quia
483 983 699 1023 perfectiones
722 989 798 1014 sunt
820 983 974 1019 diversae,
991 988 1122 1024 oportet
1143 984 1278 1014 nomina
1295 993 1364 1014 esse

286 1026 394 1067 plura,
424 1028 570 1068 sequitur
602 1028 694 1069 quod
725 1028 854 1059 nullum
886 1037 1011 1058 nomen
1043 1028 1103 1058 erit
1134 1029 1362 1068 aequivocum.

286 1071 418 1102 Nomen
437 1073 525 1103 enim
547 1073 776 1113 aequivocum,
793 1082 898 1103 unum
913 1073 1062 1109 existens,
1078 1071 1181 1103 multa
1196 1072 1363 1113 significet.

342 1116 573 1157 Respondetur
597 1117 749 1158 negando
777 1118 1056 1158 consequentiam.
1088 1116 1176 1148 Cum
1206 1118 1294 1148 enim
1318 1117 1365 1148 di·

287 1160 392 1191 cimus
415 1171 454 1192 ex
484 1162 666 1202 pluralitate
696 1161 935 1203 perfectionum
964 1162 999 1192 in
1030 1162 1183 1192 creaturis
1213 1162 1306 1202 sequi
1329 1168 1366 1193 ut

286 1205 351 1236 sint
365 1205 459 1246 plura
473 1207 619 1243 nomina,
635 1207 804 1247 loquimur
818 1206 858 1238 de
874 1207 1064 1238 nominibus
1079 1207 1229 1248 propriis,
1247 1207 1365 1247 quibus

2430 303 2479 339 97

1412 374 1477 395 una
1499 375 1549 396 res
1572 371 1699 396 tantum
1722 367 1927 407 significatur.
1952 369 2103 409 Sequitur
2126 371 2224 407 enim,
2243 371 2270 401 si
2285 376 2359 402 sunt
2374 371 2482 411 plures

1412 418 1461 439 res
1474 418 1558 449 quae
1570 409 1708 440 debeant
1719 412 1905 443 nominibus
1921 415 2058 454 propriis
2069 416 2239 451 nominari,
2253 415 2343 456 quod
2354 421 2483 456 oportet

1413 462 1482 482 esse
1505 453 1598 493 plura
1620 454 1694 484 talia
1718 456 1861 486 nomina.
1885 457 1972 487 Huic
1996 464 2104 489 autem
2127 469 2195 489 non
2219 465 2376 500 repugnat
2392 460 2483 501 quod

1414 497 1510 526 etiam
1539 503 1664 536 praeter
1693 500 1827 529 nomina
1857 502 1987 540 propria
2015 503 2077 532 sint
2101 508 2131 533 et
2154 503 2213 533 alia
2236 505 2369 535 nomina
2392 514 2482 535 com-

1414 549 1526 571 munia
1550 542 1740 581 aequivoca.

1471 584 1505 615 Si
1521 586 1618 615 etiam
1636 586 1781 622 instetur,
1799 588 1875 626 quia
1892 588 2100 619 inveniuntur
2117 591 2211 621 multi
2233 592 2380 623 homines
2396 593 2482 624 idem

1414 637 1536 659 nomen
1560 630 1729 669 proprium
1753 631 1916 667 habentes,
1942 638 1973 662 et
1996 634 2040 663 sic
2064 643 2131 664 non
2156 641 2284 674 oportet
2306 647 2412 668 rerum
2435 637 2483 668 di—

1414 673 1603 703 stinctarum
1627 683 1695 704 esse
1720 674 1867 705 distincta
1890 677 2023 707 nomina
2046 679 2188 718 propria:
2210 698 2232 701 —
2256 680 2370 712 dicitur
2394 682 2484 722 quod

1415 716 1612 747 diversarum
1636 727 1743 748 rerum
1767 725 1896 759 oportet
1919 730 1987 750 esse
2012 721 2133 752 diversa
2156 724 2287 754 nomina
2315 726 2341 755 si
2371 726 2483 756 debeat

1414 771 1464 791 res
1488 761 1634 792 distincte
1666 764 1799 803 exprimi
1831 770 1862 794 et
1894 765 1982 795 alteri
2014 765 2159 796 distincte
2190 767 2392 799 manifestari.
2422 771 2484 801 Ubi

1416 806 1525 836 autern
1538 806 1652 837 diversi
1663 807 1813 838 homines
1825 808 1944 839 habent
1955 809 2041 839 idem
2054 820 2174 840 nomen
2186 811 2349 843 identitate
2361 819 2485 844 tantum

1416 851 1516 886 vocis,
1542 861 1599 891 per
1622 851 1712 888 illud,
1737 857 1774 882 ut
1797 853 1852 889 sic,
1877 862 1944 883 non
1968 853 2189 885 manifestatur
2212 865 2295 886 unus
2319 863 2354 887 ut
2377 857 2486 888 distin-

1417 900 1487 925 ctus
1511 896 1550 925 ab
1574 896 1685 926 altero.
1711 896 1799 933 Ideo,
1824 898 1850 927 si
1874 897 1989 928 debeat
2012 898 2100 929 alteri
2116 899 2310 930 manifestari
2326 906 2362 931 ut
2377 901 2486 932 distin-

1417 945 1487 970 ctus
1517 941 1556 970 ab
1588 941 1662 977 alio,
1694 947 1823 981 oportet
1853 948 1978 982 praeter
2009 943 2096 973 illam
2129 954 2246 975 vocem
2279 954 2487 976 communem

1416 985 1561 1015 invenire
1584 985 1679 1015 aliam
1702 995 1818 1017 vocem
1834 987 2069 1027 particularem,
2086 994 2164 1028 puta
2187 989 2283 1019 homo
2307 990 2382 1020 talis
2393 991 2488 1031 figu-

1417 1038 1485 1065 rae,
1511 1035 1566 1060 aut
1579 1030 1676 1071 filius
1701 1031 1786 1066 talis,
1811 1036 1842 1061 et
1865 1031 2062 1063 huiusmodi.
2086 1033 2252 1064 Pluralitas
2280 1043 2356 1074 ergo
2384 1033 2487 1074 perfe-

1418 1074 1565 1104 ctionum
1588 1074 1804 1114 pluralitatem
1823 1076 1995 1106 nominum
2011 1078 2144 1117 requirit
2166 1079 2191 1108 si
2212 1077 2326 1109 debeat
2342 1078 2487 1110 distincte

1418 1117 1589 1158 significari
1620 1124 1651 1150 et
1682 1119 1771 1150 alteri
1800 1120 2006 1158 manifestari,
2030 1121 2070 1152 ad
2094 1132 2192 1162 quem
2215 1132 2311 1154 usum
2340 1124 2488 1155 inventae

1418 1168 1492 1193 sunt
1515 1173 1629 1194 voces:
1655 1164 1729 1194 licet
1753 1165 1849 1195 etiam
1872 1166 1997 1206 possint
2020 1172 2052 1197 et
2075 1167 2154 1198 aliae
2177 1177 2274 1198 voces
2297 1177 2487 1199 communes

1419 1217 1498 1243 esse,
1523 1209 1589 1238 sive
1612 1209 1772 1240 univocae
1795 1210 1861 1240 sive
1885 1211 2091 1251 aequivocae.

256 1362 262 1364 ,
287 1340 425 1364 —2---1‘
452 1340 456 1341 ⁷
1123 1329 1399 1371 ——oaabl'
1397 1333 1660 1364 (ομ

41 2450 54 2462 ”
83 2448 142 2478 cup.
175 2454 258 2476 nvui,

43 2481 108 2499 xxix.

623 1495 1113 1553 CAPITULUM
1151 1496 1679 1555 TRIGESIMUM
1717 1500 2164 1556 SECUNDUM

1276 1624 1382 1665 A7r
1419 1625 1505 1666 b19.

402 1721 578 1776 QUOD
612 1723 780 1765 NIHIL
813 1723 899 1766 DE
931 1724 1060 1766 DEO
1095 1725 1175 1767 ET
1208 1703 1409 1768 REBUS
1443 1725 1602 1768 ALIIS
1636 1726 1912 1768 UNIVOCE
1945 1723 2383 1769 PRAEDICATUR

367 1906 370 1909 ,
413 1900 426 1920 ‚¹
474 1875 520 1906 x
547 1861 608 1900 his
636 1870 769 1901 autem
796 1871 902 1913 patet
928 1865 1037 1914 quod
1070 1864 1167 1902 nihil
1198 1865 1247 1902 de
1279 1866 1366 1903 Deo

389 1917 411 1929 ⁰
448 1959 457 1963 ,
475 1913 481 1923 ’
508 1923 547 1953 et
565 1916 683 1953 rebus
700 1916 784 1954 aliis
802 1925 929 1967 potest
945 1917 1115 1955 univoce
1134 1918 1361 1968 praedicari.

413 1978 442 2019 .‘
463 1998 477 2013 ,κ
559 1970 665 2007 Nam
684 1970 845 2008 effectus
864 1970 1029 2021 quinon
1048 1971 1183 2021 recipit
1197 1972 1366 2010 formam

313 2048 316 2050 >
418 2024 420 2026 ’
450 2024 455 2029 ’
471 2044 473 2046 ·
509 2022 729 2060 secundum
743 2023 915 2073 speciem
929 2023 1096 2062 similem
1111 2024 1146 2062 ei
1159 2037 1231 2075 per
1244 2037 1366 2075 quam

285 2086 404 2124 agens
431 2075 521 2125 agit,
551 2088 698 2114 nomen
734 2076 784 2114 ab
818 2076 881 2115 illa
912 2077 1040 2116 forma
1071 2085 1274 2128 sumptum
1308 2091 1365 2116 se-

285 2128 464 2167 cundum
491 2128 704 2168 univocam
732 2130 1064 2179 praedicationem
1091 2131 1262 2181 recipere
1283 2143 1366 2170 non

283 2189 427 2232 potest:
456 2193 539 2220 non
566 2183 673 2220 enim
701 2183 871 2221 univoce
899 2184 1040 2222 dicitur
1066 2185 1209 2222 calidus
1226 2185 1325 2234 ignis
1343 2198 1366 2223 a

285 2236 368 2273 sole
380 2243 597 2284 generatus,
614 2243 651 2274 et
670 2238 739 2274 sol.
760 2237 910 2275 Rerum
926 2246 1058 2276 autern
1073 2250 1243 2288 quarum
1257 2239 1366 2276 Deus

285 2295 343 2326 est
361 2300 491 2336 causa,
506 2289 655 2328 formae
675 2290 724 2327 ad
745 2290 916 2340 speciem
935 2291 1090 2329 divinae
1109 2291 1261 2330 virtutis
1284 2304 1366 2329 non

284 2342 534 2394 perveniunt:
564 2355 658 2381 cum
694 2343 851 2382 divisim
885 2352 924 2382 et
958 2345 1238 2395 particulariter
1272 2345 1366 2383 reci—

284 2395 394 2446 piant
421 2396 531 2446 quod
567 2396 608 2434 in
644 2397 731 2435 Deo
768 2397 992 2448 simpliciter
1026 2406 1064 2436 et
1101 2398 1367 2437 universaliter

285 2449 483 2487 invenitur
492 2450 524 2488 ²⁸.
547 2451 656 2488 Patet
674 2450 789 2500 igitur
807 2452 916 2500 quod
931 2452 980 2489 de
995 2453 1082 2490 Deo
1097 2460 1135 2490 et
1154 2452 1271 2490 rebus
1285 2452 1367 2490 aliis

285 2502 382 2541 nihil
409 2503 580 2541 univoce
608 2503 684 2542 dici
712 2512 851 2554 potest.

339 2557 532 2607 Amplius.
563 2557 605 2595 Si
623 2557 762 2608 aliquis
782 2558 943 2597 effeetus
962 2559 1011 2596 ad
1031 2558 1203 2609 speciem
1226 2571 1366 2597 causae

285 2609 487 2661 pertingat,
515 2611 846 2661 praedicationem
881 2612 1052 2651 nominis
1088 2612 1256 2651 univoce
1284 2626 1367 2651 non

286 2672 551 2714 consequetur
567 2663 642 2702 nisi
660 2666 880 2704 secundum
909 2667 1083 2704 eundem
1109 2666 1263 2704 essendi
1281 2680 1367 2705 mo-

286 2717 385 2755 dum
405 2718 572 2755 eandem
591 2718 720 2767 specie
738 2719 908 2757 formam
927 2719 1126 2770 suscipiat:
1156 2733 1239 2757 non
1260 2720 1366 2758 enim

285 2770 456 2808 univoce
477 2770 619 2808 dicitur
637 2772 771 2809 domus
797 2785 900 2822 quae
920 2781 977 2810 est
995 2773 1035 2810 in
1054 2780 1147 2820 arte,
1168 2781 1205 2810 et
1224 2773 1264 2810 in
1283 2786 1366 2811 ma-

285 2823 392 2872 teria,
412 2832 574 2874 propter
596 2825 673 2862 hoc
696 2825 805 2876 quod
828 2826 956 2863 forma
979 2826 1122 2863 domus
1146 2826 1264 2864 habet
1283 2839 1366 2875 esse

286 2877 472 2916 dissimile
507 2878 728 2928 utrobique.
764 2880 843 2917 Res
878 2887 1010 2917 autem
1048 2879 1156 2927 aliae,
1186 2879 1302 2917 etiam
1335 2880 1366 2917 si

286 2931 452 2969 omnino
489 2931 657 2969 similem
694 2932 864 2970 formam
901 2941 1245 2982 consequerentur,
1284 2946 1366 2971 non

285 2991 419 3022 tamen
437 2992 735 3035 consequuntur
758 2986 978 3023 secundum
1002 2987 1175 3023 eundem
1198 2987 1366 3024 modum

287 3037 458 3075 essendi:
479 3050 572 3075 nam
592 3038 687 3075 nihil
708 3046 764 3076 est
782 3039 823 3076 in
838 3039 924 3076 Deo
939 3035 1047 3088 quod
1067 3052 1149 3077 non
1169 3040 1216 3077 sit
1234 3040 1365 3090 ipsum

286 3103 370 3128 esse
390 3091 582 3139 divinum,
611 3099 655 3129 ut
683 3104 729 3130 ex
758 3092 868 3129 dictis
886 3092 907 3114 ’⁸
933 3100 1048 3142 patet,
1079 3093 1187 3143 quod
1216 3093 1256 3131 in
1284 3093 1366 3132 aliis

286 3144 403 3183 rebus
431 3146 514 3183 n'on
542 3145 689 3183 accidit.
726 3145 967 3196 Impossibile
997 3154 1052 3184 est
1078 3146 1193 3195 igitur
1220 3146 1364 3197 aliquid

286 3197 455 3244 univoce
483 3199 533 3236 de
561 3199 647 3236 Deo
677 3206 714 3236 et
740 3199 858 3236 rebus
886 3199 967 3237 aliis
994 3199 1219 3250 praedicari.

340 3252 494 3290 Adhuc.
521 3253 652 3290 Omne
671 3252 781 3302 quod
801 3253 850 3290 de
868 3252 1046 3302 pluribus
1065 3254 1234 3291 univoce
1253 3267 1364 3304 prae-

286 3305 446 3352 dicatur,
467 3307 531 3343 vel
554 3313 610 3343 est
633 3318 768 3354 genus,
788 3308 851 3343 vel
870 3306 1029 3356 species,
1050 3309 1113 3344 vel
1136 3307 1362 3355 differentia,

285 3359 349 3395 vel
376 3358 556 3396 accidens
575 3367 642 3397 aut
660 3359 878 3410 proprium.
909 3361 969 3397 De
998 3361 1084 3398 Deo
1113 3369 1244 3398 autem
1267 3361 1363 3398 nihil

1422 1873 1623 1903 ostensum
1653 1874 1724 1911 est;
1754 1874 1792 1903 et
1819 1865 1873 1903 sic
1901 1877 1973 1902 nec
2001 1874 2043 1902 ut
2071 1865 2257 1911 definitio,
2278 1877 2350 1903 nec
2377 1865 2490 1903 etiarn

1421 1926 1464 1956 ut
1491 1918 1651 1968 species,
1676 1931 1778 1969 quae
1807 1931 1854 1956 ex
1881 1931 2021 1968 genere
2050 1926 2087 1956 et
2114 1918 2328 1956 differentia
2355 1919 2492 1956 consti-

1420 1972 1550 2009 tuitur.
1581 1973 1666 2010 Nec
1694 1972 1839 2022 aliquid
1868 1971 1903 2009 ei
1931 1971 2105 2009 accidere
2125 1979 2262 2022 potest,
2282 1980 2325 2009 ut
2344 1972 2493 2022 supra*

1421 2025 1731 2063 demonstratum
1752 2033 1822 2063 est:
1844 2033 1881 2062 et
1899 2025 1950 2062 ita
1969 2025 2064 2064 nihil
2083 2025 2132 2063 de
2147 2025 2233 2063 Deo
2252 2025 2494 2075 praedicatur

1387 2093 1397 2114 x
1420 2091 1550 2128 neque
1571 2087 1612 2116 ut
1631 2078 1811 2116 accidens
1829 2091 1958 2128 neque
1978 2086 2020 2116 ut
2037 2078 2260 2129 proprium3
2289 2091 2383 2116 nam
2404 2091 2492 2128 pro-

1420 2131 1552 2182 prium
1571 2132 1620 2170 de
1639 2144 1779 2181 genere
1799 2132 2058 2170 accidentium
2078 2140 2145 2169 est.
2166 2131 2411 2182 Relinquitur
2428 2132 2493 2181 igi-

1420 2193 1484 2223 tur
1501 2185 1598 2222 nihil
1615 2186 1665 2223 de
1684 2186 1770 2223 Deo
1791 2193 1827 2223 et
1846 2186 1963 2222 rebus
1982 2185 2063 2223 aliis
2082 2185 2250 2223 univoce
2270 2185 2491 2235 praedicari.

1474 2240 1581 2276 Item.
1613 2239 1734 2286 Quod
1763 2239 1931 2276 univoce
1959 2239 2008 2276 de
2036 2238 2214 2288 pluribus
2240 2239 2491 2288 praedicatur,

1421 2299 1588 2342 utroque
1609 2291 1765 2330 illorum
1785 2292 1834 2330 ad
1854 2291 1985 2329 minus
2015 2292 2233 2330 secundum
2261 2292 2494 2330 intellectum

1382 2363 1407 2378 ιο
1422 2345 1634 2396 simplicius
1663 2353 1731 2383 est.
1761 2346 1847 2383 Deo
1876 2353 2008 2383 autem
2027 2357 2155 2395 neque
2176 2346 2392 2383 secundum
2412 2358 2493 2383 rem

1422 2411 1551 2448 neque
1580 2399 1800 2437 secundum
1829 2399 2066 2436 intellectum
2093 2407 2220 2448 potest
2248 2411 2330 2436 esse
2349 2399 2492 2448 aliquid

1422 2452 1647 2502 simplicius.
1676 2452 1785 2490 Nihil
1813 2452 1928 2501 igitur
1955 2450 2122 2490 univoce
2142 2453 2190 2489 de
2210 2453 2295 2489 Deo
2319 2459 2355 2489 et
2378 2452 2493 2489 rebus

1422 2506 1504 2543 aliis
1531 2506 1787 2556 praedicatur.

1476 2559 1667 2609 Amplius.
1699 2559 1831 2597 Omne
1855 2560 1963 2608 quod
1983 2560 2031 2597 de
2050 2558 2226 2609 pluribus
2253 2558 2493 2608 praedicatur

1383 2633 1405 2653 ις
1423 2612 1603 2660 univoce,
1633 2613 1853 2651 secundum
1881 2612 2212 2663 participationem
2247 2611 2400 2649 cuilibet
2427 2623 2491 2648 eo-

1423 2679 1511 2704 rum
1540 2666 1724 2704 convenit
1751 2667 1800 2704 de
1829 2679 1909 2716 quo
1938 2665 2196 2715 praedicatur:
2226 2677 2317 2702 nam
2345 2664 2490 2713 species

1421 2720 1651 2769 participare
1679 2719 1818 2757 dicitur
1835 2732 1967 2768 genus,
1989 2727 2025 2756 et
2043 2718 2288 2755 individuum
2308 2717 2487 2766 speciem.

1422 2774 1481 2810 De
1501 2774 1587 2810 Deo
1607 2781 1737 2811 autem
1759 2773 1854 2810 nihil
1878 2772 2015 2810 dicitur
2042 2784 2112 2822 per
2138 2770 2486 2821 participationem:

1422 2839 1515 2864 nam
1530 2839 1650 2864 omne
1671 2827 1780 2877 quod
1794 2826 2042 2876 participatur
2056 2824 2330 2862 determinatur
2343 2823 2391 2860 ad
2406 2835 2487 2859 mo-

1382 2901 1408 2916 2⁰
1422 2880 1519 2918 dum
1547 2880 1775 2930 participati,
1800 2888 1837 2917 et
1860 2879 1914 2917 sic
1940 2878 2145 2928 partialiter
2172 2878 2334 2914 habetur
2353 2884 2388 2913 et
2408 2888 2487 2912 non

1421 2934 1641 2971 secundum
1670 2946 1831 2971 omnem
1859 2932 2101 2982 perfectionis
2128 2931 2304 2968 modum.
2326 2930 2487 2978 Oportet

1421 2987 1535 3036 igitur
1561 2987 1658 3024 nihil
1685 2988 1734 3024 de
1763 2988 1848 3024 Deo
1878 2994 1914 3023 et
1942 2986 2057 3022 rebus
2078 2985 2158 3022 aliis
2183 2983 2348 3021 univoce
2377 2994 2484 3031 prae-

1421 3040 1551 3078 dicari.

1474 3094 1627 3131 Adhuc.
1659 3094 1778 3141 Quod
1806 3092 2049 3142 praedicatur
2066 3091 2114 3128 de
2134 3089 2324 3139 aliquibus
2351 3100 2484 3124 secun-

1380 3166 1403 3186 ες
1420 3147 1517 3185 dum
1545 3147 1653 3197 prius
1674 3155 1709 3183 et
1728 3145 1929 3196 posterius,
1959 3152 2107 3181 certum
2135 3151 2190 3180 est
2219 3141 2382 3179 univoce
2403 3153 2483 3200 non

1419 3201 1650 3250 praedicari:
1672 3212 1765 3237 nam
1779 3199 1886 3248 prius
1900 3198 1939 3235 in
1959 3196 2180 3235 definitione
2195 3194 2414 3244 posterioris
2428 3206 2484 3252 1n-

1419 3254 1601 3300 cluditur;
1622 3253 1719 3290 sicut
1736 3254 1937 3289 substantia
1962 3251 2001 3287 in
2029 3248 2251 3286 definitione
2280 3247 2483 3284 aecidenns

1419 3308 1637 3345 secundum
1667 3306 1773 3356 quod
1803 3312 1858 3342 est
1886 3316 1964 3341 ens.
1995 3303 2034 3340 Si
2063 3301 2174 3350 igitur
2192 3301 2381 3338 diceretur
2397 3299 2483 3336 uni-

1417 3373 1515 3398 voce
1531 3373 1595 3398 ens
1610 3360 1657 3397 de
1673 3358 1882 3396 substantia
1898 3365 1933 3393 et
1948 3356 2151 3400 accidente,
2168 3361 2361 3403 oporteret
2375 3353 2483 3402 quod

220 3418 260 3433 ¹‘'·
285 3411 531 3462 praedicatur
548 3420 592 3450 ut
609 3425 732 3462 genus
752 3425 825 3451 nec
843 3421 886 3451 ut
904 3413 1132 3461 differentia,
1149 3422 1192 3451 ut
1211 3427 1329 3464 supra
1342 3414 1363 3436 ³¹²
1378 3437 1403 3457 ,ο
1418 3413 1628 3452 substantia
1665 3412 1780 3449 etiam
1816 3417 2024 3460 poneretur
2055 3408 2094 3444 in
2126 3406 2348 3444 definitione
2386 3405 2482 3444 entis

1373 3527 1389 3553 6
1408 3527 1555 3561 univocam]
1576 3528 1677 3552 unicam
1697 3525 1769 3550 αΕΝ.
1852 3531 1883 3556 ¹7
1903 3522 1988 3555 specie
2006 3520 2126 3554 formam]
2146 3521 2259 3561 speciem
2278 3520 2388 3562 formam
2408 3521 2482 3551 CNZ,

286 3563 388 3595 species
406 3562 519 3588 formam
537 3564 568 3595 E,
587 3565 702 3596 speciem
721 3564 805 3590 forma
823 3565 856 3596 Y,
875 3565 990 3597 speciem
1009 3566 1050 3590 vel
1069 3566 1182 3590 formam
1201 3566 1244 3591 Pc.
1325 3564 1358 3589 26
1376 3566 1485 3589 univoce
1500 3566 1563 3595 post
1582 3563 1614 3587 de
1630 3563 1684 3586 Deo
1698 3562 1740 3591 Pc,
1749 3564 1814 3593 post
1827 3560 1882 3584 aliis
1898 3558 1997 3583 DGNZ.
2038 3593 2043 3598 y
2077 3555 2109 3581 28
2128 3555 2237 3589 species]
2257 3561 2297 3580 est
2314 3564 2414 3589 species
2433 3557 2483 3582 Pa.

342 3605 353 3623 1
376 3598 414 3623 sic
433 3599 456 3623 A
474 3599 559 3630 solu83
580 3600 710 3626 similiter.
788 3607 821 3625 io
839 3608 896 3625 rem
915 3601 944 3632 ὸς
963 3601 1100 3626 rationem.
1181 3607 1214 3632 14
1233 3599 1329 3633 Omne]
1350 3607 1409 3624 esse
1435 3607 1514 3623 omne
1533 3598 1564 3628 Y,
1584 3605 1626 3623 om
1647 3597 1733 3622 aGPc.
1813 3602 1845 3628 19
1864 3601 1942 3618 omne
1961 3592 2116 3621 GNWZPb;
2135 3600 2203 3616 esse.

286 3634 470 3667 participaliter
487 3635 558 3665 BYb,
577 3636 764 3667 particulariter
782 3636 860 3666 GNZ,
879 3636 1020 3669 partialiter
1038 3637 1078 3661 vel
1099 3636 1287 3668 particulariter
1306 3636 1348 3660 Pc.
1430 3643 1483 3659 non
1502 3642 1544 3659 om
1565 3641 1589 3658 α.
1675 3640 1707 3665 29
1727 3635 1858 3664 oporteret
1876 3627 2036 3658 EsDWch3
2056 3632 2167 3660 oportet.

285 3673 347 3702 post
365 3669 442 3694 etiam
461 3670 550 3701 aEPc;
570 3671 648 3696 etiam
666 3679 710 3696 om
729 3671 761 3698 D.
854 3671 887 3696 30
906 3671 1055 3705 poneretur]
1075 3672 1253 3704 imponeretur
1271 3671 1339 3703 apD,
1359 3670 1435 3694 etiam
1455 3674 1595 3702 poneretur
1614 3668 1660 3693 sD.

340 3534 352 3552 1
375 3527 414 3552 Ex
431 3527 472 3552 his
492 3527 589 3561 autem]
609 3529 648 3553 Ex
665 3528 706 3554 his
726 3529 803 3554 etiam
823 3529 908 3560 aEPc,
927 3529 964 3554 Ex
983 3530 1136 3562 praemissis
1155 3535 1242 3554 autem
1260 3531 1291 3556 Z.

2283 3599 2316 3616 20
2334 3591 2482 3626 partialiter]

2249 3627 2320 3659 quod
2339 3627 2483 3653 substantia

429 3723 524 3748 summ
543 3723 654 3748 Coum
674 3724 808 3748 Gssnmns
827 3724 859 3749 D.
877 3724 995 3748 Tnouan
1014 3724 1083 3749 Tou.
1105 3724 1121 3748 l.
2304 3716 2335 3741 ¹3

2519 1973 2528 1983 ”
2546 1972 2603 2000 Cap.
2613 1979 2676 1995 xxm.
