<?xml version="1.0" encoding="UTF-8"?>
<!DOCTYPE html PUBLIC "-//W3C//DTD XHTML 1.0 Transitional//EN"
    "http://www.w3.org/TR/xhtml1/DTD/xhtml1-transitional.dtd">
<html xmlns="http://www.w3.org/1999/xhtml" xml:lang="en" lang="en">
 <head>
  <title>
</title>
<meta http-equiv="Content-Type" content="text/html;charset=utf-8" />
  <meta name='ocr-system' content='tesseract 3.04.00' />
  <meta name='ocr-capabilities' content='ocr_page ocr_carea ocr_par ocr_line ocrx_word'/>
</head>
<body>
  <div class='ocr_page' id='page_1' title='image "./operaomniaiussui13thom/operaomniaiussui13thom_0208.png"; bbox 0 0 2768 4134; ppageno 0'>
   <div class='ocr_carea' id='block_1_1' title="bbox 62 424 275 452">
    <p class='ocr_par' dir='ltr' id='par_1_1' title="bbox 62 424 275 452">
     <span class='ocr_line' id='line_1_1' title="bbox 62 424 275 452; baseline -0.009 -4"><span class='ocrx_word' id='word_1_1' title='bbox 62 428 71 436; x_wconf 87' lang='grc'><em>·</em></span> <span class='ocrx_word' id='word_1_2' title='bbox 86 426 122 449; x_wconf 77' lang='lat' dir='ltr'>Cf.</span> <span class='ocrx_word' id='word_1_3' title='bbox 138 432 161 447; x_wconf 91' lang='lat' dir='ltr'>n.</span> <span class='ocrx_word' id='word_1_4' title='bbox 173 431 212 452; x_wconf 84' lang='lat' dir='ltr'>xv,</span> <span class='ocrx_word' id='word_1_5' title='bbox 224 424 275 446; x_wconf 82' lang='lat' dir='ltr'>init.</span> 
     </span>
    </p>
   </div>
   <div class='ocr_carea' id='block_1_2' title="bbox 56 1641 271 1691">
    <p class='ocr_par' dir='ltr' id='par_1_2' title="bbox 56 1641 271 1691">
     <span class='ocr_line' id='line_1_2' title="bbox 56 1641 271 1691; baseline -0.005 -27"><span class='ocrx_word' id='word_1_6' title='bbox 56 1642 191 1691; x_wconf 51' lang='lat' dir='ltr'>1⁸&lt;¹Ingfl3</span> <span class='ocrx_word' id='word_1_7' title='bbox 202 1641 271 1663; x_wconf 59' lang='lat' dir='ltr'>sffh.</span> 
     </span>
    </p>
   </div>
   <div class='ocr_carea' id='block_1_3' title="bbox 63 3610 276 3665">
    <p class='ocr_par' dir='ltr' id='par_1_3' title="bbox 63 3610 276 3665">
     <span class='ocr_line' id='line_1_3' title="bbox 63 3610 276 3639; baseline 0 -7"><span class='ocrx_word' id='word_1_8' title='bbox 63 3611 72 3620; x_wconf 88' lang='grc'>·</span> <span class='ocrx_word' id='word_1_9' title='bbox 86 3610 128 3632; x_wconf 75' lang='lat' dir='ltr'>Ed.</span> <span class='ocrx_word' id='word_1_10' title='bbox 145 3610 203 3634; x_wconf 83' lang='lat' dir='ltr'>Ven.</span> <span class='ocrx_word' id='word_1_11' title='bbox 216 3610 276 3639; x_wconf 68' lang='lat'>¹562,</span> 
     </span>
     <span class='ocr_line' id='line_1_4' title="bbox 63 3637 194 3665; baseline 0.008 -6"><span class='ocrx_word' id='word_1_12' title='bbox 63 3643 86 3665; x_wconf 83' lang='lat' dir='ltr'>p.</span> <span class='ocrx_word' id='word_1_13' title='bbox 99 3637 147 3664; x_wconf 69' lang='lat'>248.</span> <span class='ocrx_word' id='word_1_14' title='bbox 192 3638 194 3641; x_wconf 87' lang='grc'><strong>“</strong></span> 
     </span>
    </p>
   </div>
   <div class='ocr_carea' id='block_1_4' title="bbox 297 257 1380 3698">
    <p class='ocr_par' dir='ltr' id='par_1_4' title="bbox 303 257 1380 412">
     <span class='ocr_line' id='line_1_5' title="bbox 310 257 383 301; baseline 0 -6"><span class='ocrx_word' id='word_1_15' title='bbox 310 257 383 301; x_wconf 86' lang='lat'>134</span> 
     </span>
     <span class='ocr_line' id='line_1_6' title="bbox 303 326 1380 373; baseline -0.011 -6"><span class='ocrx_word' id='word_1_16' title='bbox 303 344 439 368; x_wconf 87' lang='lat' dir='ltr'>movens</span> <span class='ocrx_word' id='word_1_17' title='bbox 455 342 512 373; x_wconf 89' lang='lat' dir='ltr'>per</span> <span class='ocrx_word' id='word_1_18' title='bbox 535 330 735 362; x_wconf 89' lang='lat' dir='ltr'>intellectum</span> <span class='ocrx_word' id='word_1_19' title='bbox 752 328 791 359; x_wconf 89' lang='lat' dir='ltr'>sit</span> <span class='ocrx_word' id='word_1_20' title='bbox 806 327 1059 358; x_wconf 85' lang='lat' dir='ltr'>instrumentum</span> <span class='ocrx_word' id='word_1_21' title='bbox 1075 327 1144 356; x_wconf 90' lang='lat' dir='ltr'>eius</span> <span class='ocrx_word' id='word_1_22' title='bbox 1161 326 1252 367; x_wconf 92' lang='lat' dir='ltr'>quod</span> <span class='ocrx_word' id='word_1_23' title='bbox 1267 330 1380 356; x_wconf 90' lang='lat' dir='ltr'>movet</span> 
     </span>
     <span class='ocr_line' id='line_1_7' title="bbox 303 374 993 412; baseline -0.013 -1"><span class='ocrx_word' id='word_1_24' title='bbox 303 381 372 412; x_wconf 85' lang='lat' dir='ltr'>sine</span> <span class='ocrx_word' id='word_1_25' title='bbox 394 377 570 411; x_wconf 88' lang='lat' dir='ltr'>intellectu,</span> <span class='ocrx_word' id='word_1_26' title='bbox 595 374 651 405; x_wconf 91' lang='lat' dir='ltr'>sed</span> <span class='ocrx_word' id='word_1_27' title='bbox 674 374 758 404; x_wconf 88' lang='lat' dir='ltr'>bene</span> <span class='ocrx_word' id='word_1_28' title='bbox 782 381 800 402; x_wconf 89' lang='lat' dir='ltr'>e</span> <span class='ocrx_word' id='word_1_29' title='bbox 823 380 993 404; x_wconf 90' lang='lat' dir='ltr'>converso.</span> 
     </span>
    </p>

    <p class='ocr_par' dir='ltr' id='par_1_5' title="bbox 299 415 1380 822">
     <span class='ocr_line' id='line_1_8' title="bbox 358 415 1380 458; baseline -0.007 -5"><span class='ocrx_word' id='word_1_30' title='bbox 358 422 426 453; x_wconf 92' lang='lat' dir='ltr'>XII.</span> <span class='ocrx_word' id='word_1_31' title='bbox 453 421 580 458; x_wconf 86' lang='lat' dir='ltr'>Quarto</span> <span class='ocrx_word' id='word_1_32' title='bbox 593 420 620 450; x_wconf 48' lang='grc' dir='ltr'><strong>ἢ</strong></span> <span class='ocrx_word' id='word_1_33' title='bbox 640 419 730 449; x_wconf 91' lang='lat' dir='ltr'>Deus</span> <span class='ocrx_word' id='word_1_34' title='bbox 753 423 801 448; x_wconf 86' lang='lat' dir='ltr'>est</span> <span class='ocrx_word' id='word_1_35' title='bbox 817 417 954 447; x_wconf 90' lang='lat' dir='ltr'>omnino</span> <span class='ocrx_word' id='word_1_36' title='bbox 970 415 1200 447; x_wconf 90' lang='lat' dir='ltr'>immaterialis.</span> <span class='ocrx_word' id='word_1_37' title='bbox 1221 416 1308 456; x_wconf 88' lang='lat' dir='ltr'>Ergo</span> <span class='ocrx_word' id='word_1_38' title='bbox 1332 421 1380 447; x_wconf 91' lang='lat' dir='ltr'>est</span> 
     </span>
     <span class='ocr_line' id='line_1_9' title="bbox 302 460 1379 502; baseline -0.007 -3"><span class='ocrx_word' id='word_1_39' title='bbox 302 467 527 499; x_wconf 89' lang='lat' dir='ltr'>intellectivus.</span> <span class='ocrx_word' id='word_1_40' title='bbox 543 483 566 487; x_wconf 98' lang='lat'><em>-</em></span> <span class='ocrx_word' id='word_1_41' title='bbox 581 464 739 496; x_wconf 86' lang='lat' dir='ltr'>Probatur</span> <span class='ocrx_word' id='word_1_42' title='bbox 755 461 1000 502; x_wconf 85' lang='lat' dir='ltr'>consequentia.</span> <span class='ocrx_word' id='word_1_43' title='bbox 1017 460 1104 499; x_wconf 92' lang='lat' dir='ltr'><strong>Quia</strong></span> <span class='ocrx_word' id='word_1_44' title='bbox 1119 470 1169 491; x_wconf 89' lang='lat' dir='ltr'>res</span> <span class='ocrx_word' id='word_1_45' title='bbox 1185 460 1270 493; x_wconf 91' lang='lat' dir='ltr'>fiunt</span> <span class='ocrx_word' id='word_1_46' title='bbox 1285 461 1379 492; x_wconf 90' lang='lat' dir='ltr'>intel-</span> 
     </span>
     <span class='ocr_line' id='line_1_10' title="bbox 301 505 1379 548; baseline -0.006 -5"><span class='ocrx_word' id='word_1_47' title='bbox 301 514 403 543; x_wconf 81' lang='lat' dir='ltr'><strong>lectae</strong></span> <span class='ocrx_word' id='word_1_48' title='bbox 426 511 461 541; x_wconf 89' lang='lat' dir='ltr'>in</span> <span class='ocrx_word' id='word_1_49' title='bbox 483 515 559 541; x_wconf 89' lang='lat' dir='ltr'>actu</span> <span class='ocrx_word' id='word_1_50' title='bbox 575 519 614 540; x_wconf 91' lang='lat' dir='ltr'>ex</span> <span class='ocrx_word' id='word_1_51' title='bbox 629 509 694 540; x_wconf 93' lang='lat' dir='ltr'>hoc</span> <span class='ocrx_word' id='word_1_52' title='bbox 718 507 810 548; x_wconf 93' lang='lat' dir='ltr'>quod</span> <span class='ocrx_word' id='word_1_53' title='bbox 832 507 1060 537; x_wconf 86' lang='lat' dir='ltr'>abstrahuntur</span> <span class='ocrx_word' id='word_1_54' title='bbox 1083 515 1101 535; x_wconf 92' lang='lat' dir='ltr'>a</span> <span class='ocrx_word' id='word_1_55' title='bbox 1124 507 1268 537; x_wconf 86' lang='lat' dir='ltr'>materia.</span> <span class='ocrx_word' id='word_1_56' title='bbox 1285 505 1379 537; x_wconf 87' lang='lat' dir='ltr'>Unde</span> 
     </span>
     <span class='ocr_line' id='line_1_11' title="bbox 302 551 1379 592; baseline -0.007 -4"><span class='ocrx_word' id='word_1_57' title='bbox 302 557 398 588; x_wconf 90' lang='lat' dir='ltr'>etiam</span> <span class='ocrx_word' id='word_1_58' title='bbox 421 555 605 586; x_wconf 88' lang='lat' dir='ltr'>intellectus</span> <span class='ocrx_word' id='word_1_59' title='bbox 633 559 681 584; x_wconf 91' lang='lat' dir='ltr'>est</span> <span class='ocrx_word' id='word_1_60' title='bbox 708 552 950 588; x_wconf 85' lang='lat' dir='ltr'>universalium,</span> <span class='ocrx_word' id='word_1_61' title='bbox 974 560 1044 582; x_wconf 91' lang='lat' dir='ltr'>non</span> <span class='ocrx_word' id='word_1_62' title='bbox 1075 556 1185 582; x_wconf 91' lang='lat' dir='ltr'>autem</span> <span class='ocrx_word' id='word_1_63' title='bbox 1207 551 1379 592; x_wconf 89' lang='lat' dir='ltr'>particula-</span> 
     </span>
     <span class='ocr_line' id='line_1_12' title="bbox 300 596 1378 641; baseline -0.007 -8"><span class='ocrx_word' id='word_1_64' title='bbox 300 602 395 637; x_wconf 87' lang='lat' dir='ltr'><strong>rium,</strong></span> <span class='ocrx_word' id='word_1_65' title='bbox 413 601 490 641; x_wconf 90' lang='lat' dir='ltr'>quia</span> <span class='ocrx_word' id='word_1_66' title='bbox 505 598 697 631; x_wconf 83' lang='lat' dir='ltr'>universalia</span> <span class='ocrx_word' id='word_1_67' title='bbox 712 597 900 629; x_wconf 89' lang='lat' dir='ltr'>abstrahunt</span> <span class='ocrx_word' id='word_1_68' title='bbox 915 606 933 626; x_wconf 93' lang='lat' dir='ltr'>a</span> <span class='ocrx_word' id='word_1_69' title='bbox 949 596 1093 631; x_wconf 87' lang='lat' dir='ltr'>materia,</span> <span class='ocrx_word' id='word_1_70' title='bbox 1117 605 1202 636; x_wconf 88' lang='lat' dir='ltr'>quae</span> <span class='ocrx_word' id='word_1_71' title='bbox 1225 601 1273 627; x_wconf 91' lang='lat' dir='ltr'>est</span> <span class='ocrx_word' id='word_1_72' title='bbox 1295 596 1378 626; x_wconf 88' lang='lat' dir='ltr'>indi-</span> 
     </span>
     <span class='ocr_line' id='line_1_13' title="bbox 300 640 1379 686; baseline -0.005 -9"><span class='ocrx_word' id='word_1_73' title='bbox 300 646 497 677; x_wconf 87' lang='lat' dir='ltr'>viduationis</span> <span class='ocrx_word' id='word_1_74' title='bbox 508 644 717 686; x_wconf 88' lang='lat' dir='ltr'>principium.</span> <span class='ocrx_word' id='word_1_75' title='bbox 736 642 799 674; x_wconf 83' lang='lat' dir='ltr'>Sed</span> <span class='ocrx_word' id='word_1_76' title='bbox 815 641 940 673; x_wconf 86' lang='lat' dir='ltr'>formae</span> <span class='ocrx_word' id='word_1_77' title='bbox 955 640 1137 672; x_wconf 85' lang='lat' dir='ltr'>intellectae</span> <span class='ocrx_word' id='word_1_78' title='bbox 1153 642 1186 672; x_wconf 89' lang='lat' dir='ltr'>in</span> <span class='ocrx_word' id='word_1_79' title='bbox 1205 647 1280 672; x_wconf 92' lang='lat' dir='ltr'>actu</span> <span class='ocrx_word' id='word_1_80' title='bbox 1296 640 1379 672; x_wconf 87' lang='lat' dir='ltr'>fiunt</span> 
     </span>
     <span class='ocr_line' id='line_1_14' title="bbox 300 685 1378 727; baseline -0.005 -5"><span class='ocrx_word' id='word_1_81' title='bbox 300 701 405 722; x_wconf 91' lang='lat' dir='ltr'>unum</span> <span class='ocrx_word' id='word_1_82' title='bbox 421 700 498 722; x_wconf 89' lang='lat' dir='ltr'>cum</span> <span class='ocrx_word' id='word_1_83' title='bbox 521 689 687 720; x_wconf 91' lang='lat' dir='ltr'>intellectu</span> <span class='ocrx_word' id='word_1_84' title='bbox 711 687 921 727; x_wconf 87' lang='lat' dir='ltr'>intelligente.</span> <span class='ocrx_word' id='word_1_85' title='bbox 938 686 1036 726; x_wconf 86' lang='lat' dir='ltr'>Ergo,</span> <span class='ocrx_word' id='word_1_86' title='bbox 1053 687 1078 715; x_wconf 93' lang='lat' dir='ltr'>si</span> <span class='ocrx_word' id='word_1_87' title='bbox 1104 695 1142 716; x_wconf 90' lang='lat' dir='ltr'>ex</span> <span class='ocrx_word' id='word_1_88' title='bbox 1166 686 1230 716; x_wconf 91' lang='lat' dir='ltr'>hoc</span> <span class='ocrx_word' id='word_1_89' title='bbox 1254 685 1378 717; x_wconf 88' lang='lat' dir='ltr'>formae</span> 
     </span>
     <span class='ocr_line' id='line_1_15' title="bbox 299 730 1378 773; baseline -0.006 -5"><span class='ocrx_word' id='word_1_90' title='bbox 299 741 375 768; x_wconf 88' lang='lat' dir='ltr'>sunt</span> <span class='ocrx_word' id='word_1_91' title='bbox 389 735 571 768; x_wconf 87' lang='lat' dir='ltr'>intellectae</span> <span class='ocrx_word' id='word_1_92' title='bbox 592 739 668 765; x_wconf 88' lang='lat' dir='ltr'>actu</span> <span class='ocrx_word' id='word_1_93' title='bbox 691 732 783 773; x_wconf 91' lang='lat' dir='ltr'>quod</span> <span class='ocrx_word' id='word_1_94' title='bbox 805 737 881 763; x_wconf 89' lang='lat' dir='ltr'>sunt</span> <span class='ocrx_word' id='word_1_95' title='bbox 903 732 973 762; x_wconf 91' lang='lat' dir='ltr'>sine</span> <span class='ocrx_word' id='word_1_96' title='bbox 995 730 1139 766; x_wconf 87' lang='lat' dir='ltr'>materia,</span> <span class='ocrx_word' id='word_1_97' title='bbox 1156 736 1286 770; x_wconf 88' lang='lat' dir='ltr'>oportet</span> <span class='ocrx_word' id='word_1_98' title='bbox 1309 740 1378 762; x_wconf 89' lang='lat' dir='ltr'>rem</span> 
     </span>
     <span class='ocr_line' id='line_1_16' title="bbox 299 775 1376 822; baseline -0.006 -9"><span class='ocrx_word' id='word_1_99' title='bbox 299 781 442 822; x_wconf 82' lang='lat' dir='ltr'>aliquam</span> <span class='ocrx_word' id='word_1_100' title='bbox 466 790 505 812; x_wconf 81' lang='lat' dir='ltr'>ex</span> <span class='ocrx_word' id='word_1_101' title='bbox 528 780 592 810; x_wconf 91' lang='lat' dir='ltr'>hoc</span> <span class='ocrx_word' id='word_1_102' title='bbox 615 788 685 810; x_wconf 90' lang='lat' dir='ltr'>esse</span> <span class='ocrx_word' id='word_1_103' title='bbox 707 777 941 817; x_wconf 85' lang='lat' dir='ltr'>intelligentem</span> <span class='ocrx_word' id='word_1_104' title='bbox 960 775 1053 816; x_wconf 92' lang='lat' dir='ltr'>quod</span> <span class='ocrx_word' id='word_1_105' title='bbox 1071 780 1120 806; x_wconf 89' lang='lat' dir='ltr'>est</span> <span class='ocrx_word' id='word_1_106' title='bbox 1141 776 1211 806; x_wconf 90' lang='lat' dir='ltr'>sine</span> <span class='ocrx_word' id='word_1_107' title='bbox 1233 776 1376 807; x_wconf 82' lang='lat' dir='ltr'>materia.</span> 
     </span>
    </p>

    <p class='ocr_par' dir='ltr' id='par_1_6' title="bbox 297 820 1378 1497">
     <span class='ocr_line' id='line_1_17' title="bbox 354 820 1377 861; baseline -0.005 -4"><span class='ocrx_word' id='word_1_108' title='bbox 354 825 438 857; x_wconf 87' lang='lat' dir='ltr'><strong>XIII.</strong></span> <span class='ocrx_word' id='word_1_109' title='bbox 462 826 526 857; x_wconf 90' lang='lat' dir='ltr'>Pro</span> <span class='ocrx_word' id='word_1_110' title='bbox 542 823 758 856; x_wconf 85' lang='lat' dir='ltr'>declaratione</span> <span class='ocrx_word' id='word_1_111' title='bbox 781 822 873 854; x_wconf 87' lang='lat' dir='ltr'>istius</span> <span class='ocrx_word' id='word_1_112' title='bbox 897 820 1142 861; x_wconf 86' lang='lat' dir='ltr'>propositionis,</span> <span class='ocrx_word' id='word_1_113' title='bbox 1165 820 1309 852; x_wconf 84' lang='lat' dir='ltr'>Formae</span> <span class='ocrx_word' id='word_1_114' title='bbox 1328 821 1377 852; x_wconf 86' lang='lat' dir='ltr'>in-</span> 
     </span>
     <span class='ocr_line' id='line_1_18' title="bbox 300 865 1377 910; baseline -0.006 -8"><span class='ocrx_word' id='word_1_115' title='bbox 300 871 447 902; x_wconf 85' lang='lat' dir='ltr'>tellectae</span> <span class='ocrx_word' id='word_1_116' title='bbox 471 870 503 901; x_wconf 89' lang='lat' dir='ltr'>in</span> <span class='ocrx_word' id='word_1_117' title='bbox 521 874 595 900; x_wconf 85' lang='lat' dir='ltr'>actu</span> <span class='ocrx_word' id='word_1_118' title='bbox 609 869 703 910; x_wconf 85' lang='lat' dir='ltr'>fiunt</span> <span class='ocrx_word' id='word_1_119' title='bbox 726 877 826 897; x_wconf 86' lang='lat' dir='ltr'>unum</span> <span class='ocrx_word' id='word_1_120' title='bbox 851 875 923 897; x_wconf 88' lang='lat' dir='ltr'>cum</span> <span class='ocrx_word' id='word_1_121' title='bbox 941 865 1144 906; x_wconf 82' lang='lat' dir='ltr'>intelligente</span> <span class='ocrx_word' id='word_1_122' title='bbox 1168 865 1200 895; x_wconf 90' lang='lat' dir='ltr'>in</span> <span class='ocrx_word' id='word_1_123' title='bbox 1218 870 1304 900; x_wconf 88' lang='lat' dir='ltr'>actu,</span> <span class='ocrx_word' id='word_1_124' title='bbox 1322 865 1377 896; x_wconf 88' lang='lat' dir='ltr'>ad-</span> 
     </span>
     <span class='ocr_line' id='line_1_19' title="bbox 298 909 1376 952; baseline -0.005 -7"><span class='ocrx_word' id='word_1_125' title='bbox 298 921 397 952; x_wconf 91' lang='lat' dir='ltr'>verte,</span> <span class='ocrx_word' id='word_1_126' title='bbox 421 914 602 947; x_wconf 89' lang='lat' dir='ltr'>secundum</span> <span class='ocrx_word' id='word_1_127' title='bbox 626 913 781 944; x_wconf 91' lang='lat' dir='ltr'>Sanctum</span> <span class='ocrx_word' id='word_1_128' title='bbox 805 911 970 942; x_wconf 78' lang='lat' dir='ltr'>&#39;rhomam</span> <span class='ocrx_word' id='word_1_129' title='bbox 994 909 1125 946; x_wconf 87' lang='lat' dir='ltr'>ISent.‚</span> <span class='ocrx_word' id='word_1_130' title='bbox 1142 909 1173 940; x_wconf 95' lang='lat' dir='ltr'>d.</span> <span class='ocrx_word' id='word_1_131' title='bbox 1190 920 1283 946; x_wconf 86' lang='lat' dir='ltr'>xxxv,</span> <span class='ocrx_word' id='word_1_132' title='bbox 1300 920 1328 943; x_wconf 85' lang='lat' dir='ltr'>a.</span> <span class='ocrx_word' id='word_1_133' title='bbox 1350 919 1376 946; x_wconf 90' lang='lat'>1,</span> 
     </span>
     <span class='ocr_line' id='line_1_20' title="bbox 299 954 1378 1001; baseline -0.006 -9"><span class='ocrx_word' id='word_1_134' title='bbox 299 961 339 992; x_wconf 91' lang='lat' dir='ltr'>ad</span> <span class='ocrx_word' id='word_1_135' title='bbox 356 961 386 997; x_wconf 89' lang='lat'>3,</span> <span class='ocrx_word' id='word_1_136' title='bbox 404 959 496 1001; x_wconf 91' lang='lat' dir='ltr'>quod</span> <span class='ocrx_word' id='word_1_137' title='bbox 510 969 580 990; x_wconf 89' lang='lat' dir='ltr'>non</span> <span class='ocrx_word' id='word_1_138' title='bbox 596 958 641 989; x_wconf 91' lang='lat' dir='ltr'>sic</span> <span class='ocrx_word' id='word_1_139' title='bbox 661 957 777 989; x_wconf 91' lang='lat' dir='ltr'>dicitur</span> <span class='ocrx_word' id='word_1_140' title='bbox 793 956 932 987; x_wconf 87' lang='lat' dir='ltr'>formam</span> <span class='ocrx_word' id='word_1_141' title='bbox 955 954 1152 986; x_wconf 84' lang='lat' dir='ltr'>intellectam</span> <span class='ocrx_word' id='word_1_142' title='bbox 1168 955 1201 985; x_wconf 91' lang='lat' dir='ltr'>in</span> <span class='ocrx_word' id='word_1_143' title='bbox 1217 960 1292 986; x_wconf 88' lang='lat' dir='ltr'>actu</span> <span class='ocrx_word' id='word_1_144' title='bbox 1307 955 1378 986; x_wconf 82' lang='lat' dir='ltr'>fieri</span> 
     </span>
     <span class='ocr_line' id='line_1_21' title="bbox 298 999 1377 1041; baseline -0.007 -3"><span class='ocrx_word' id='word_1_145' title='bbox 298 1015 403 1037; x_wconf 91' lang='lat' dir='ltr'>unum</span> <span class='ocrx_word' id='word_1_146' title='bbox 426 1014 503 1037; x_wconf 91' lang='lat' dir='ltr'>cum</span> <span class='ocrx_word' id='word_1_147' title='bbox 519 1004 685 1035; x_wconf 88' lang='lat' dir='ltr'>intellectu</span> <span class='ocrx_word' id='word_1_148' title='bbox 701 1002 735 1032; x_wconf 92' lang='lat' dir='ltr'>in</span> <span class='ocrx_word' id='word_1_149' title='bbox 751 1007 826 1032; x_wconf 86' lang='lat' dir='ltr'>actu</span> <span class='ocrx_word' id='word_1_150' title='bbox 842 1001 932 1041; x_wconf 88' lang='lat' dir='ltr'>quasi</span> <span class='ocrx_word' id='word_1_151' title='bbox 953 999 1009 1030; x_wconf 86' lang='lat' dir='ltr'>fiat</span> <span class='ocrx_word' id='word_1_152' title='bbox 1032 1000 1220 1037; x_wconf 87' lang='lat' dir='ltr'>substantia,</span> <span class='ocrx_word' id='word_1_153' title='bbox 1236 1000 1288 1031; x_wconf 90' lang='lat' dir='ltr'>vel</span> <span class='ocrx_word' id='word_1_154' title='bbox 1304 1010 1377 1041; x_wconf 86' lang='lat' dir='ltr'>pars</span> 
     </span>
     <span class='ocr_line' id='line_1_22' title="bbox 298 1044 1377 1087; baseline -0.006 -4"><span class='ocrx_word' id='word_1_155' title='bbox 298 1050 504 1086; x_wconf 86' lang='lat' dir='ltr'>substantiae,</span> <span class='ocrx_word' id='word_1_156' title='bbox 519 1049 702 1081; x_wconf 85' lang='lat' dir='ltr'>intellectus</span> <span class='ocrx_word' id='word_1_157' title='bbox 725 1046 904 1087; x_wconf 87' lang='lat' dir='ltr'>possibilis:</span> <span class='ocrx_word' id='word_1_158' title='bbox 921 1044 979 1076; x_wconf 89' lang='lat' dir='ltr'>sed</span> <span class='ocrx_word' id='word_1_159' title='bbox 1002 1046 1080 1085; x_wconf 88' lang='lat' dir='ltr'>quia</span> <span class='ocrx_word' id='word_1_160' title='bbox 1102 1044 1139 1076; x_wconf 89' lang='lat' dir='ltr'>fit</span> <span class='ocrx_word' id='word_1_161' title='bbox 1162 1045 1268 1077; x_wconf 85' lang='lat' dir='ltr'>forma</span> <span class='ocrx_word' id='word_1_162' title='bbox 1282 1045 1377 1076; x_wconf 89' lang='lat' dir='ltr'>intel-</span> 
     </span>
     <span class='ocr_line' id='line_1_23' title="bbox 297 1089 1378 1131; baseline -0.004 -5"><span class='ocrx_word' id='word_1_163' title='bbox 297 1096 411 1131; x_wconf 91' lang='lat' dir='ltr'>lectus,</span> <span class='ocrx_word' id='word_1_164' title='bbox 435 1100 467 1127; x_wconf 88' lang='lat' dir='ltr'>et</span> <span class='ocrx_word' id='word_1_165' title='bbox 491 1104 529 1125; x_wconf 88' lang='lat' dir='ltr'>ex</span> <span class='ocrx_word' id='word_1_166' title='bbox 552 1094 671 1124; x_wconf 87' lang='lat' dir='ltr'>horum</span> <span class='ocrx_word' id='word_1_167' title='bbox 688 1091 921 1123; x_wconf 89' lang='lat' dir='ltr'>coniunctione</span> <span class='ocrx_word' id='word_1_168' title='bbox 942 1089 978 1121; x_wconf 88' lang='lat' dir='ltr'>fit</span> <span class='ocrx_word' id='word_1_169' title='bbox 1001 1090 1067 1121; x_wconf 90' lang='lat' dir='ltr'>hoc</span> <span class='ocrx_word' id='word_1_170' title='bbox 1090 1099 1196 1122; x_wconf 87' lang='lat' dir='ltr'>unum</span> <span class='ocrx_word' id='word_1_171' title='bbox 1219 1090 1311 1131; x_wconf 90' lang='lat' dir='ltr'>quod</span> <span class='ocrx_word' id='word_1_172' title='bbox 1329 1097 1378 1122; x_wconf 90' lang='lat' dir='ltr'>est</span> 
     </span>
     <span class='ocr_line' id='line_1_24' title="bbox 297 1134 1377 1177; baseline -0.005 -5"><span class='ocrx_word' id='word_1_173' title='bbox 297 1140 479 1172; x_wconf 90' lang='lat' dir='ltr'>intellectus</span> <span class='ocrx_word' id='word_1_174' title='bbox 491 1140 524 1172; x_wconf 89' lang='lat' dir='ltr'>in</span> <span class='ocrx_word' id='word_1_175' title='bbox 538 1144 626 1174; x_wconf 88' lang='lat' dir='ltr'>actu;</span> <span class='ocrx_word' id='word_1_176' title='bbox 644 1137 727 1167; x_wconf 91' lang='lat' dir='ltr'>sicut</span> <span class='ocrx_word' id='word_1_177' title='bbox 739 1146 777 1167; x_wconf 88' lang='lat' dir='ltr'>ex</span> <span class='ocrx_word' id='word_1_178' title='bbox 794 1136 901 1166; x_wconf 90' lang='lat' dir='ltr'>anima</span> <span class='ocrx_word' id='word_1_179' title='bbox 918 1140 950 1166; x_wconf 91' lang='lat' dir='ltr'>et</span> <span class='ocrx_word' id='word_1_180' title='bbox 961 1144 1100 1176; x_wconf 87' lang='lat' dir='ltr'>corpore</span> <span class='ocrx_word' id='word_1_181' title='bbox 1116 1134 1153 1166; x_wconf 90' lang='lat' dir='ltr'>fit</span> <span class='ocrx_word' id='word_1_182' title='bbox 1168 1145 1274 1167; x_wconf 92' lang='lat' dir='ltr'>unum</span> <span class='ocrx_word' id='word_1_183' title='bbox 1285 1135 1377 1177; x_wconf 91' lang='lat' dir='ltr'>quod</span> 
     </span>
     <span class='ocr_line' id='line_1_25' title="bbox 298 1181 1378 1222; baseline -0.004 -6"><span class='ocrx_word' id='word_1_184' title='bbox 298 1191 345 1218; x_wconf 90' lang='lat' dir='ltr'>est</span> <span class='ocrx_word' id='word_1_185' title='bbox 367 1186 481 1221; x_wconf 89' lang='lat' dir='ltr'>homo,</span> <span class='ocrx_word' id='word_1_186' title='bbox 505 1185 626 1215; x_wconf 88' lang='lat' dir='ltr'>habens</span> <span class='ocrx_word' id='word_1_187' title='bbox 646 1182 852 1222; x_wconf 88' lang='lat' dir='ltr'>operationes</span> <span class='ocrx_word' id='word_1_188' title='bbox 874 1181 1042 1217; x_wconf 88' lang='lat' dir='ltr'>humanas,</span> <span class='ocrx_word' id='word_1_189' title='bbox 1059 1190 1120 1212; x_wconf 92' lang='lat' dir='ltr'>nec</span> <span class='ocrx_word' id='word_1_190' title='bbox 1140 1186 1249 1213; x_wconf 88' lang='lat' dir='ltr'>tamen</span> <span class='ocrx_word' id='word_1_191' title='bbox 1269 1181 1378 1212; x_wconf 89' lang='lat' dir='ltr'>anima</span> 
     </span>
     <span class='ocr_line' id='line_1_26' title="bbox 297 1226 1378 1271; baseline -0.003 -10"><span class='ocrx_word' id='word_1_192' title='bbox 297 1230 333 1261; x_wconf 87' lang='lat' dir='ltr'>fit</span> <span class='ocrx_word' id='word_1_193' title='bbox 356 1240 486 1271; x_wconf 91' lang='lat' dir='ltr'>corpus.</span> <span class='ocrx_word' id='word_1_194' title='bbox 509 1229 569 1259; x_wconf 91' lang='lat' dir='ltr'>Ista</span> <span class='ocrx_word' id='word_1_195' title='bbox 592 1234 701 1258; x_wconf 88' lang='lat' dir='ltr'>tamen</span> <span class='ocrx_word' id='word_1_196' title='bbox 721 1226 923 1267; x_wconf 86' lang='lat' dir='ltr'>comparatio</span> <span class='ocrx_word' id='word_1_197' title='bbox 939 1235 1009 1256; x_wconf 92' lang='lat' dir='ltr'>non</span> <span class='ocrx_word' id='word_1_198' title='bbox 1025 1231 1072 1256; x_wconf 85' lang='lat' dir='ltr'>est</span> <span class='ocrx_word' id='word_1_199' title='bbox 1087 1226 1297 1266; x_wconf 87' lang='lat' dir='ltr'>intelligenda</span> <span class='ocrx_word' id='word_1_200' title='bbox 1319 1235 1378 1267; x_wconf 87' lang='lat' dir='ltr'>per</span> 
     </span>
     <span class='ocr_line' id='line_1_27' title="bbox 297 1270 1378 1313; baseline -0.003 -7"><span class='ocrx_word' id='word_1_201' title='bbox 297 1274 543 1306; x_wconf 88' lang='lat' dir='ltr'>similitudinem</span> <span class='ocrx_word' id='word_1_202' title='bbox 566 1277 727 1313; x_wconf 88' lang='lat' dir='ltr'>quantum</span> <span class='ocrx_word' id='word_1_203' title='bbox 744 1271 784 1303; x_wconf 92' lang='lat' dir='ltr'>ad</span> <span class='ocrx_word' id='word_1_204' title='bbox 796 1271 918 1307; x_wconf 87' lang='lat' dir='ltr'>omnia,</span> <span class='ocrx_word' id='word_1_205' title='bbox 935 1270 991 1302; x_wconf 90' lang='lat' dir='ltr'>sed</span> <span class='ocrx_word' id='word_1_206' title='bbox 1015 1275 1142 1302; x_wconf 88' lang='lat' dir='ltr'>tantum</span> <span class='ocrx_word' id='word_1_207' title='bbox 1159 1277 1320 1311; x_wconf 87' lang='lat' dir='ltr'>quantum</span> <span class='ocrx_word' id='word_1_208' title='bbox 1337 1271 1378 1303; x_wconf 91' lang='lat' dir='ltr'>ad</span> 
     </span>
     <span class='ocr_line' id='line_1_28' title="bbox 297 1315 1377 1360; baseline -0.005 -8"><span class='ocrx_word' id='word_1_209' title='bbox 297 1322 361 1352; x_wconf 90' lang='lat' dir='ltr'>hoc</span> <span class='ocrx_word' id='word_1_210' title='bbox 378 1319 469 1360; x_wconf 92' lang='lat' dir='ltr'>quod</span> <span class='ocrx_word' id='word_1_211' title='bbox 492 1324 540 1350; x_wconf 89' lang='lat' dir='ltr'>est</span> <span class='ocrx_word' id='word_1_212' title='bbox 563 1328 602 1349; x_wconf 88' lang='lat' dir='ltr'>ex</span> <span class='ocrx_word' id='word_1_213' title='bbox 618 1317 695 1358; x_wconf 89' lang='lat' dir='ltr'>ipsis</span> <span class='ocrx_word' id='word_1_214' title='bbox 719 1316 789 1348; x_wconf 87' lang='lat' dir='ltr'>fieri</span> <span class='ocrx_word' id='word_1_215' title='bbox 801 1325 907 1348; x_wconf 89' lang='lat' dir='ltr'>unum</span> <span class='ocrx_word' id='word_1_216' title='bbox 923 1315 964 1346; x_wconf 94' lang='lat' dir='ltr'>ad</span> <span class='ocrx_word' id='word_1_217' title='bbox 979 1316 1221 1356; x_wconf 87' lang='lat' dir='ltr'>operationem:</span> <span class='ocrx_word' id='word_1_218' title='bbox 1246 1317 1323 1348; x_wconf 89' lang='lat' dir='ltr'>licet</span> <span class='ocrx_word' id='word_1_219' title='bbox 1338 1327 1377 1348; x_wconf 89' lang='lat' dir='ltr'>ex</span> 
     </span>
     <span class='ocr_line' id='line_1_29' title="bbox 298 1361 1377 1404; baseline -0.005 -6"><span class='ocrx_word' id='word_1_220' title='bbox 298 1366 404 1398; x_wconf 85' lang='lat' dir='ltr'>anima</span> <span class='ocrx_word' id='word_1_221' title='bbox 427 1370 460 1396; x_wconf 92' lang='lat' dir='ltr'>et</span> <span class='ocrx_word' id='word_1_222' title='bbox 483 1373 621 1404; x_wconf 90' lang='lat' dir='ltr'>corpore</span> <span class='ocrx_word' id='word_1_223' title='bbox 645 1362 789 1394; x_wconf 87' lang='lat' dir='ltr'>fortassis</span> <span class='ocrx_word' id='word_1_224' title='bbox 812 1361 868 1392; x_wconf 86' lang='lat' dir='ltr'>fiat</span> <span class='ocrx_word' id='word_1_225' title='bbox 882 1370 989 1392; x_wconf 91' lang='lat' dir='ltr'>unum</span> <span class='ocrx_word' id='word_1_226' title='bbox 1005 1361 1045 1392; x_wconf 89' lang='lat' dir='ltr'>ab</span> <span class='ocrx_word' id='word_1_227' title='bbox 1061 1362 1216 1392; x_wconf 88' lang='lat' dir='ltr'>omnibus</span> <span class='ocrx_word' id='word_1_228' title='bbox 1231 1362 1377 1403; x_wconf 88' lang='lat' dir='ltr'>partibus</span> 
     </span>
     <span class='ocr_line' id='line_1_30' title="bbox 297 1406 1377 1450; baseline -0.006 -7"><span class='ocrx_word' id='word_1_229' title='bbox 297 1410 394 1445; x_wconf 88' lang='lat' dir='ltr'>simul</span> <span class='ocrx_word' id='word_1_230' title='bbox 410 1410 548 1450; x_wconf 90' lang='lat' dir='ltr'>sumptis</span> <span class='ocrx_word' id='word_1_231' title='bbox 563 1408 762 1443; x_wconf 85' lang='lat' dir='ltr'>distinctum,</span> <span class='ocrx_word' id='word_1_232' title='bbox 779 1416 848 1438; x_wconf 90' lang='lat' dir='ltr'>non</span> <span class='ocrx_word' id='word_1_233' title='bbox 864 1412 973 1438; x_wconf 86' lang='lat' dir='ltr'>autem</span> <span class='ocrx_word' id='word_1_234' title='bbox 989 1416 1029 1437; x_wconf 85' lang='lat' dir='ltr'>ex</span> <span class='ocrx_word' id='word_1_235' title='bbox 1044 1406 1212 1438; x_wconf 89' lang='lat' dir='ltr'>intellectu</span> <span class='ocrx_word' id='word_1_236' title='bbox 1232 1413 1264 1438; x_wconf 90' lang='lat' dir='ltr'>et</span> <span class='ocrx_word' id='word_1_237' title='bbox 1283 1407 1377 1438; x_wconf 86' lang='lat' dir='ltr'>intel-</span> 
     </span>
     <span class='ocr_line' id='line_1_31' title="bbox 297 1451 1177 1497; baseline -0.006 -10"><span class='ocrx_word' id='word_1_238' title='bbox 297 1456 419 1497; x_wconf 83' lang='lat' dir='ltr'>ligibili,</span> <span class='ocrx_word' id='word_1_239' title='bbox 444 1456 527 1486; x_wconf 89' lang='lat' dir='ltr'>sicut</span> <span class='ocrx_word' id='word_1_240' title='bbox 550 1463 610 1485; x_wconf 92' lang='lat' dir='ltr'>nec</span> <span class='ocrx_word' id='word_1_241' title='bbox 635 1463 673 1484; x_wconf 88' lang='lat' dir='ltr'>ex</span> <span class='ocrx_word' id='word_1_242' title='bbox 697 1452 873 1483; x_wconf 89' lang='lat' dir='ltr'>substantia</span> <span class='ocrx_word' id='word_1_243' title='bbox 897 1452 980 1492; x_wconf 88' lang='lat' dir='ltr'>ignis</span> <span class='ocrx_word' id='word_1_244' title='bbox 1004 1457 1035 1482; x_wconf 90' lang='lat' dir='ltr'>et</span> <span class='ocrx_word' id='word_1_245' title='bbox 1059 1451 1177 1483; x_wconf 87' lang='lat' dir='ltr'>calore.</span> 
     </span>
    </p>

    <p class='ocr_par' dir='ltr' id='par_1_7' title="bbox 298 1496 1379 1723">
     <span class='ocr_line' id='line_1_32' title="bbox 356 1496 1378 1538; baseline -0.005 -6"><span class='ocrx_word' id='word_1_246' title='bbox 356 1510 384 1532; x_wconf 89' lang='lat'>2.</span> <span class='ocrx_word' id='word_1_247' title='bbox 409 1500 533 1533; x_wconf 88' lang='lat' dir='ltr'>Verum</span> <span class='ocrx_word' id='word_1_248' title='bbox 560 1498 647 1530; x_wconf 91' lang='lat' dir='ltr'>istud</span> <span class='ocrx_word' id='word_1_249' title='bbox 673 1498 775 1538; x_wconf 88' lang='lat' dir='ltr'>magis</span> <span class='ocrx_word' id='word_1_250' title='bbox 803 1497 1041 1528; x_wconf 88' lang='lat' dir='ltr'>dubitationem</span> <span class='ocrx_word' id='word_1_251' title='bbox 1072 1496 1176 1528; x_wconf 81' lang='lat' dir='ltr'>affert:</span> <span class='ocrx_word' id='word_1_252' title='bbox 1205 1496 1378 1537; x_wconf 89' lang='lat' dir='ltr'>quomodo</span> 
     </span>
     <span class='ocr_line' id='line_1_33' title="bbox 298 1541 1379 1583; baseline -0.005 -6"><span class='ocrx_word' id='word_1_253' title='bbox 298 1555 367 1577; x_wconf 89' lang='lat' dir='ltr'>non</span> <span class='ocrx_word' id='word_1_254' title='bbox 382 1545 491 1577; x_wconf 91' lang='lat' dir='ltr'>solum</span> <span class='ocrx_word' id='word_1_255' title='bbox 515 1555 553 1576; x_wconf 88' lang='lat' dir='ltr'>ex</span> <span class='ocrx_word' id='word_1_256' title='bbox 577 1543 743 1575; x_wconf 89' lang='lat' dir='ltr'>intellectu</span> <span class='ocrx_word' id='word_1_257' title='bbox 759 1548 792 1574; x_wconf 90' lang='lat' dir='ltr'>et</span> <span class='ocrx_word' id='word_1_258' title='bbox 806 1542 1000 1583; x_wconf 83' lang='lat' dir='ltr'>intelligibili</span> <span class='ocrx_word' id='word_1_259' title='bbox 1015 1541 1051 1573; x_wconf 84' lang='lat' dir='ltr'>fit</span> <span class='ocrx_word' id='word_1_260' title='bbox 1067 1551 1172 1573; x_wconf 90' lang='lat' dir='ltr'>unum</span> <span class='ocrx_word' id='word_1_261' title='bbox 1189 1551 1328 1582; x_wconf 88' lang='lat' dir='ltr'>operans</span> <span class='ocrx_word' id='word_1_262' title='bbox 1346 1547 1379 1573; x_wconf 88' lang='lat' dir='ltr'>et</span> 
     </span>
     <span class='ocr_line' id='line_1_34' title="bbox 298 1586 1379 1631; baseline -0.005 -8"><span class='ocrx_word' id='word_1_263' title='bbox 298 1591 491 1631; x_wconf 86' lang='lat' dir='ltr'>intelligens,</span> <span class='ocrx_word' id='word_1_264' title='bbox 507 1589 564 1621; x_wconf 88' lang='lat' dir='ltr'>sed</span> <span class='ocrx_word' id='word_1_265' title='bbox 580 1590 677 1620; x_wconf 89' lang='lat' dir='ltr'>etiam</span> <span class='ocrx_word' id='word_1_266' title='bbox 697 1587 880 1619; x_wconf 90' lang='lat' dir='ltr'>intellectus</span> <span class='ocrx_word' id='word_1_267' title='bbox 895 1586 950 1618; x_wconf 85' lang='lat' dir='ltr'>fiat</span> <span class='ocrx_word' id='word_1_268' title='bbox 969 1588 1078 1628; x_wconf 89' lang='lat' dir='ltr'>ipsum</span> <span class='ocrx_word' id='word_1_269' title='bbox 1094 1587 1309 1627; x_wconf 85' lang='lat' dir='ltr'>intelligibile;</span> <span class='ocrx_word' id='word_1_270' title='bbox 1329 1596 1379 1618; x_wconf 92' lang='lat' dir='ltr'>se-</span> 
     </span>
     <span class='ocr_line' id='line_1_35' title="bbox 300 1632 1377 1676; baseline -0.006 -8"><span class='ocrx_word' id='word_1_271' title='bbox 300 1636 446 1668; x_wconf 89' lang='lat' dir='ltr'>cundum</span> <span class='ocrx_word' id='word_1_272' title='bbox 463 1635 554 1676; x_wconf 91' lang='lat' dir='ltr'>quod</span> <span class='ocrx_word' id='word_1_273' title='bbox 566 1634 683 1666; x_wconf 90' lang='lat' dir='ltr'>dicitur</span> <span class='ocrx_word' id='word_1_274' title='bbox 700 1634 740 1664; x_wconf 92' lang='lat'>111</span> <span class='ocrx_word' id='word_1_275' title='bbox 757 1632 797 1663; x_wconf 84' lang='lat' dir='ltr'>de</span> <span class='ocrx_word' id='word_1_276' title='bbox 812 1633 930 1663; x_wconf 84' lang='lat' dir='ltr'>Anima</span> <span class='ocrx_word' id='word_1_277' title='bbox 941 1633 968 1668; x_wconf 60' lang='lat'>⁴,</span> <span class='ocrx_word' id='word_1_278' title='bbox 982 1632 1179 1663; x_wconf 87' lang='lat' dir='ltr'>intellectum</span> <span class='ocrx_word' id='word_1_279' title='bbox 1191 1632 1377 1673; x_wconf 80' lang='lat' dir='ltr'>possibilem</span> 
     </span>
     <span class='ocr_line' id='line_1_36' title="bbox 301 1679 768 1723; baseline -0.009 -10"><span class='ocrx_word' id='word_1_280' title='bbox 301 1691 369 1713; x_wconf 86' lang='lat' dir='ltr'>esse</span> <span class='ocrx_word' id='word_1_281' title='bbox 391 1691 455 1723; x_wconf 82' lang='lat' dir='ltr'>quo</span> <span class='ocrx_word' id='word_1_282' title='bbox 479 1685 527 1712; x_wconf 85' lang='lat' dir='ltr'>est</span> <span class='ocrx_word' id='word_1_283' title='bbox 550 1680 661 1711; x_wconf 87' lang='lat' dir='ltr'>omnia</span> <span class='ocrx_word' id='word_1_284' title='bbox 673 1679 768 1720; x_wconf 86' lang='lat' dir='ltr'>fieri.</span> 
     </span>
    </p>

    <p class='ocr_par' dir='ltr' id='par_1_8' title="bbox 299 1721 1380 1991">
     <span class='ocr_line' id='line_1_37' title="bbox 357 1721 1380 1762; baseline -0.005 -5"><span class='ocrx_word' id='word_1_285' title='bbox 357 1726 409 1757; x_wconf 86' lang='lat' dir='ltr'>Ad</span> <span class='ocrx_word' id='word_1_286' title='bbox 431 1726 528 1757; x_wconf 88' lang='lat' dir='ltr'>huius</span> <span class='ocrx_word' id='word_1_287' title='bbox 552 1730 662 1756; x_wconf 89' lang='lat' dir='ltr'>autem</span> <span class='ocrx_word' id='word_1_288' title='bbox 685 1723 880 1755; x_wconf 88' lang='lat' dir='ltr'>evidentiam</span> <span class='ocrx_word' id='word_1_289' title='bbox 909 1722 1183 1754; x_wconf 85' lang='lat' dir='ltr'>considerandum</span> <span class='ocrx_word' id='word_1_290' title='bbox 1207 1721 1298 1762; x_wconf 92' lang='lat' dir='ltr'>quod</span> <span class='ocrx_word' id='word_1_291' title='bbox 1321 1731 1380 1762; x_wconf 92' lang='lat' dir='ltr'>per</span> 
     </span>
     <span class='ocr_line' id='line_1_38' title="bbox 302 1767 1380 1809; baseline -0.005 -7"><span class='ocrx_word' id='word_1_292' title='bbox 302 1781 369 1802; x_wconf 88' lang='lat' dir='ltr'>rem</span> <span class='ocrx_word' id='word_1_293' title='bbox 394 1771 588 1802; x_wconf 86' lang='lat' dir='ltr'>intellectam</span> <span class='ocrx_word' id='word_1_294' title='bbox 614 1771 646 1801; x_wconf 88' lang='lat' dir='ltr'>in</span> <span class='ocrx_word' id='word_1_295' title='bbox 663 1774 739 1800; x_wconf 87' lang='lat' dir='ltr'>actu</span> <span class='ocrx_word' id='word_1_296' title='bbox 763 1768 830 1799; x_wconf 94' lang='lat' dir='ltr'>duo</span> <span class='ocrx_word' id='word_1_297' title='bbox 846 1777 1022 1809; x_wconf 91' lang='lat' dir='ltr'>possumus</span> <span class='ocrx_word' id='word_1_298' title='bbox 1040 1767 1231 1808; x_wconf 86' lang='lat' dir='ltr'>intelligere:</span> <span class='ocrx_word' id='word_1_299' title='bbox 1257 1767 1380 1798; x_wconf 89' lang='lat' dir='ltr'>scilicet</span> 
     </span>
     <span class='ocr_line' id='line_1_39' title="bbox 301 1812 1378 1857; baseline -0.005 -10"><span class='ocrx_word' id='word_1_300' title='bbox 301 1822 356 1847; x_wconf 92' lang='lat' dir='ltr'>aut</span> <span class='ocrx_word' id='word_1_301' title='bbox 379 1816 483 1857; x_wconf 86' lang='lat' dir='ltr'>ipsam</span> <span class='ocrx_word' id='word_1_302' title='bbox 505 1816 648 1856; x_wconf 91' lang='lat' dir='ltr'>speciem</span> <span class='ocrx_word' id='word_1_303' title='bbox 664 1813 909 1854; x_wconf 86' lang='lat' dir='ltr'>intelligibilem,</span> <span class='ocrx_word' id='word_1_304' title='bbox 926 1822 1010 1854; x_wconf 88' lang='lat' dir='ltr'>quae</span> <span class='ocrx_word' id='word_1_305' title='bbox 1027 1812 1143 1843; x_wconf 90' lang='lat' dir='ltr'>dicitur</span> <span class='ocrx_word' id='word_1_306' title='bbox 1166 1812 1326 1843; x_wconf 90' lang='lat' dir='ltr'>intellecta</span> <span class='ocrx_word' id='word_1_307' title='bbox 1344 1812 1378 1843; x_wconf 92' lang='lat' dir='ltr'>in</span> 
     </span>
     <span class='ocr_line' id='line_1_40' title="bbox 301 1856 1379 1901; baseline -0.005 -9"><span class='ocrx_word' id='word_1_308' title='bbox 301 1867 386 1898; x_wconf 91' lang='lat' dir='ltr'>actu,</span> <span class='ocrx_word' id='word_1_309' title='bbox 403 1871 472 1892; x_wconf 91' lang='lat' dir='ltr'>non</span> <span class='ocrx_word' id='word_1_310' title='bbox 489 1861 564 1901; x_wconf 92' lang='lat' dir='ltr'>quia</span> <span class='ocrx_word' id='word_1_311' title='bbox 581 1861 621 1891; x_wconf 90' lang='lat' dir='ltr'>sit</span> <span class='ocrx_word' id='word_1_312' title='bbox 636 1859 669 1891; x_wconf 94' lang='lat' dir='ltr'>id</span> <span class='ocrx_word' id='word_1_313' title='bbox 685 1858 776 1900; x_wconf 92' lang='lat' dir='ltr'>quod</span> <span class='ocrx_word' id='word_1_314' title='bbox 791 1858 898 1899; x_wconf 90' lang='lat' dir='ltr'>primo</span> <span class='ocrx_word' id='word_1_315' title='bbox 920 1864 951 1889; x_wconf 91' lang='lat' dir='ltr'>et</span> <span class='ocrx_word' id='word_1_316' title='bbox 967 1857 1086 1888; x_wconf 88' lang='lat' dir='ltr'>directe</span> <span class='ocrx_word' id='word_1_317' title='bbox 1107 1857 1304 1897; x_wconf 87' lang='lat' dir='ltr'>intelligitur,</span> <span class='ocrx_word' id='word_1_318' title='bbox 1321 1856 1379 1888; x_wconf 91' lang='lat' dir='ltr'>sed</span> 
     </span>
     <span class='ocr_line' id='line_1_41' title="bbox 301 1902 1379 1947; baseline -0.006 -9"><span class='ocrx_word' id='word_1_319' title='bbox 301 1906 377 1947; x_wconf 88' lang='lat' dir='ltr'>quia</span> <span class='ocrx_word' id='word_1_320' title='bbox 394 1912 441 1937; x_wconf 89' lang='lat' dir='ltr'>est</span> <span class='ocrx_word' id='word_1_321' title='bbox 457 1905 490 1937; x_wconf 93' lang='lat' dir='ltr'>id</span> <span class='ocrx_word' id='word_1_322' title='bbox 506 1915 574 1946; x_wconf 92' lang='lat' dir='ltr'>quo</span> <span class='ocrx_word' id='word_1_323' title='bbox 591 1915 641 1936; x_wconf 93' lang='lat' dir='ltr'>res</span> <span class='ocrx_word' id='word_1_324' title='bbox 656 1909 893 1946; x_wconf 86' lang='lat' dir='ltr'>repraesentata</span> <span class='ocrx_word' id='word_1_325' title='bbox 908 1912 966 1944; x_wconf 91' lang='lat' dir='ltr'>per</span> <span class='ocrx_word' id='word_1_326' title='bbox 981 1903 1086 1943; x_wconf 87' lang='lat' dir='ltr'>ipsam</span> <span class='ocrx_word' id='word_1_327' title='bbox 1102 1902 1306 1943; x_wconf 89' lang='lat' dir='ltr'>intelligitur;</span> <span class='ocrx_word' id='word_1_328' title='bbox 1322 1907 1379 1933; x_wconf 89' lang='lat' dir='ltr'>aut</span> 
     </span>
     <span class='ocr_line' id='line_1_42' title="bbox 299 1948 1376 1991; baseline -0.003 -9"><span class='ocrx_word' id='word_1_329' title='bbox 299 1951 404 1991; x_wconf 88' lang='lat' dir='ltr'>ipsam</span> <span class='ocrx_word' id='word_1_330' title='bbox 427 1960 494 1981; x_wconf 89' lang='lat' dir='ltr'>rem</span> <span class='ocrx_word' id='word_1_331' title='bbox 519 1959 603 1991; x_wconf 85' lang='lat' dir='ltr'>quae</span> <span class='ocrx_word' id='word_1_332' title='bbox 625 1949 731 1990; x_wconf 90' lang='lat' dir='ltr'>primo</span> <span class='ocrx_word' id='word_1_333' title='bbox 755 1958 813 1989; x_wconf 91' lang='lat' dir='ltr'>per</span> <span class='ocrx_word' id='word_1_334' title='bbox 828 1948 932 1988; x_wconf 89' lang='lat' dir='ltr'>ipsam</span> <span class='ocrx_word' id='word_1_335' title='bbox 951 1948 1094 1988; x_wconf 89' lang='lat' dir='ltr'>speciem</span> <span class='ocrx_word' id='word_1_336' title='bbox 1110 1951 1376 1988; x_wconf 84' lang='lat' dir='ltr'>repraesentatur.</span> 
     </span>
    </p>

    <p class='ocr_par' dir='ltr' id='par_1_9' title="bbox 299 1991 1378 2297">
     <span class='ocr_line' id='line_1_43' title="bbox 353 1991 1378 2034; baseline -0.005 -7"><span class='ocrx_word' id='word_1_337' title='bbox 353 1995 463 2027; x_wconf 89' lang='lat' dir='ltr'>Primo</span> <span class='ocrx_word' id='word_1_338' title='bbox 486 1995 600 2031; x_wconf 90' lang='lat' dir='ltr'>modo,</span> <span class='ocrx_word' id='word_1_339' title='bbox 625 2003 694 2026; x_wconf 89' lang='lat' dir='ltr'>non</span> <span class='ocrx_word' id='word_1_340' title='bbox 718 1993 849 2034; x_wconf 78' lang='lat' dir='ltr'>proprie</span> <span class='ocrx_word' id='word_1_341' title='bbox 873 1993 1000 2028; x_wconf 85' lang='lat' dir='ltr'>dicitur,</span> <span class='ocrx_word' id='word_1_342' title='bbox 1025 2001 1133 2032; x_wconf 90' lang='lat' dir='ltr'>neque</span> <span class='ocrx_word' id='word_1_343' title='bbox 1157 1998 1206 2023; x_wconf 91' lang='lat' dir='ltr'>est</span> <span class='ocrx_word' id='word_1_344' title='bbox 1229 1991 1270 2022; x_wconf 88' lang='lat' dir='ltr'>ad</span> <span class='ocrx_word' id='word_1_345' title='bbox 1284 2001 1378 2023; x_wconf 89' lang='lat' dir='ltr'>men-</span> 
     </span>
     <span class='ocr_line' id='line_1_44' title="bbox 299 2037 1375 2080; baseline -0.004 -9"><span class='ocrx_word' id='word_1_346' title='bbox 299 2046 366 2071; x_wconf 88' lang='lat' dir='ltr'>tem</span> <span class='ocrx_word' id='word_1_347' title='bbox 381 2041 572 2077; x_wconf 84' lang='lat' dir='ltr'>Aristotelis,</span> <span class='ocrx_word' id='word_1_348' title='bbox 587 2039 677 2080; x_wconf 92' lang='lat' dir='ltr'>quod</span> <span class='ocrx_word' id='word_1_349' title='bbox 693 2038 876 2070; x_wconf 89' lang='lat' dir='ltr'>intellectus</span> <span class='ocrx_word' id='word_1_350' title='bbox 900 2039 934 2068; x_wconf 90' lang='lat' dir='ltr'>in</span> <span class='ocrx_word' id='word_1_351' title='bbox 957 2042 1032 2068; x_wconf 88' lang='lat' dir='ltr'>actu</span> <span class='ocrx_word' id='word_1_352' title='bbox 1055 2037 1094 2068; x_wconf 91' lang='lat' dir='ltr'>sit</span> <span class='ocrx_word' id='word_1_353' title='bbox 1117 2037 1319 2068; x_wconf 89' lang='lat' dir='ltr'>intellectum</span> <span class='ocrx_word' id='word_1_354' title='bbox 1343 2037 1375 2068; x_wconf 90' lang='lat' dir='ltr'>in</span> 
     </span>
     <span class='ocr_line' id='line_1_45' title="bbox 299 2082 1377 2124; baseline -0.003 -8"><span class='ocrx_word' id='word_1_355' title='bbox 299 2091 390 2116; x_wconf 88' lang='lat' dir='ltr'>actu:</span> <span class='ocrx_word' id='word_1_356' title='bbox 411 2085 467 2116; x_wconf 90' lang='lat' dir='ltr'>sed</span> <span class='ocrx_word' id='word_1_357' title='bbox 483 2086 566 2116; x_wconf 91' lang='lat' dir='ltr'>bene</span> <span class='ocrx_word' id='word_1_358' title='bbox 582 2094 695 2116; x_wconf 89' lang='lat' dir='ltr'>verum</span> <span class='ocrx_word' id='word_1_359' title='bbox 712 2089 759 2114; x_wconf 91' lang='lat' dir='ltr'>est</span> <span class='ocrx_word' id='word_1_360' title='bbox 780 2082 871 2124; x_wconf 92' lang='lat' dir='ltr'>quod</span> <span class='ocrx_word' id='word_1_361' title='bbox 887 2082 923 2114; x_wconf 90' lang='lat' dir='ltr'>fit</span> <span class='ocrx_word' id='word_1_362' title='bbox 939 2091 1044 2113; x_wconf 90' lang='lat' dir='ltr'>unum</span> <span class='ocrx_word' id='word_1_363' title='bbox 1060 2091 1137 2113; x_wconf 93' lang='lat' dir='ltr'>cum</span> <span class='ocrx_word' id='word_1_364' title='bbox 1153 2082 1221 2119; x_wconf 93' lang='lat' dir='ltr'>illo,</span> <span class='ocrx_word' id='word_1_365' title='bbox 1238 2083 1377 2123; x_wconf 88' lang='lat' dir='ltr'>inquan-</span> 
     </span>
     <span class='ocr_line' id='line_1_46' title="bbox 299 2126 1375 2171; baseline -0.004 -9"><span class='ocrx_word' id='word_1_366' title='bbox 299 2136 370 2162; x_wconf 89' lang='lat' dir='ltr'>tum</span> <span class='ocrx_word' id='word_1_367' title='bbox 390 2140 429 2161; x_wconf 85' lang='lat' dir='ltr'>ex</span> <span class='ocrx_word' id='word_1_368' title='bbox 452 2131 529 2171; x_wconf 90' lang='lat' dir='ltr'>ipsis</span> <span class='ocrx_word' id='word_1_369' title='bbox 554 2130 651 2161; x_wconf 90' lang='lat' dir='ltr'>unitis</span> <span class='ocrx_word' id='word_1_370' title='bbox 675 2129 711 2160; x_wconf 84' lang='lat' dir='ltr'>fit</span> <span class='ocrx_word' id='word_1_371' title='bbox 734 2129 798 2160; x_wconf 91' lang='lat' dir='ltr'>hoc</span> <span class='ocrx_word' id='word_1_372' title='bbox 822 2138 927 2159; x_wconf 90' lang='lat' dir='ltr'>unum</span> <span class='ocrx_word' id='word_1_373' title='bbox 951 2126 1042 2168; x_wconf 88' lang='lat' dir='ltr'>quod</span> <span class='ocrx_word' id='word_1_374' title='bbox 1066 2133 1114 2158; x_wconf 92' lang='lat' dir='ltr'>est</span> <span class='ocrx_word' id='word_1_375' title='bbox 1136 2127 1319 2158; x_wconf 90' lang='lat' dir='ltr'>intellectus</span> <span class='ocrx_word' id='word_1_376' title='bbox 1342 2127 1375 2158; x_wconf 92' lang='lat' dir='ltr'>in</span> 
     </span>
     <span class='ocr_line' id='line_1_47' title="bbox 299 2173 1377 2216; baseline -0.004 -9"><span class='ocrx_word' id='word_1_377' title='bbox 299 2181 384 2207; x_wconf 87' lang='lat' dir='ltr'>actu.</span> <span class='ocrx_word' id='word_1_378' title='bbox 415 2175 457 2206; x_wconf 89' lang='lat' dir='ltr'>Et</span> <span class='ocrx_word' id='word_1_379' title='bbox 484 2176 530 2207; x_wconf 89' lang='lat' dir='ltr'>sic</span> <span class='ocrx_word' id='word_1_380' title='bbox 558 2175 669 2216; x_wconf 90' lang='lat' dir='ltr'>aliquo</span> <span class='ocrx_word' id='word_1_381' title='bbox 700 2173 802 2205; x_wconf 92' lang='lat' dir='ltr'>modo</span> <span class='ocrx_word' id='word_1_382' title='bbox 827 2179 903 2204; x_wconf 89' lang='lat' dir='ltr'>sunt</span> <span class='ocrx_word' id='word_1_383' title='bbox 935 2182 1056 2204; x_wconf 88' lang='lat' dir='ltr'>unum:</span> <span class='ocrx_word' id='word_1_384' title='bbox 1089 2173 1173 2203; x_wconf 89' lang='lat' dir='ltr'>sicut</span> <span class='ocrx_word' id='word_1_385' title='bbox 1195 2178 1304 2204; x_wconf 91' lang='lat' dir='ltr'>totum</span> <span class='ocrx_word' id='word_1_386' title='bbox 1329 2179 1377 2203; x_wconf 89' lang='lat' dir='ltr'>est</span> 
     </span>
     <span class='ocr_line' id='line_1_48' title="bbox 299 2218 1376 2262; baseline -0.004 -10"><span class='ocrx_word' id='word_1_387' title='bbox 299 2221 410 2262; x_wconf 90' lang='lat' dir='ltr'>aliquo</span> <span class='ocrx_word' id='word_1_388' title='bbox 434 2219 536 2252; x_wconf 91' lang='lat' dir='ltr'>modo</span> <span class='ocrx_word' id='word_1_389' title='bbox 561 2229 664 2251; x_wconf 91' lang='lat' dir='ltr'>unum</span> <span class='ocrx_word' id='word_1_390' title='bbox 688 2228 765 2250; x_wconf 91' lang='lat' dir='ltr'>cum</span> <span class='ocrx_word' id='word_1_391' title='bbox 787 2228 847 2249; x_wconf 91' lang='lat' dir='ltr'>sua</span> <span class='ocrx_word' id='word_1_392' title='bbox 869 2224 970 2259; x_wconf 90' lang='lat' dir='ltr'>parte,</span> <span class='ocrx_word' id='word_1_393' title='bbox 994 2218 1189 2258; x_wconf 84' lang='lat' dir='ltr'>inquantum</span> <span class='ocrx_word' id='word_1_394' title='bbox 1211 2227 1285 2259; x_wconf 89' lang='lat' dir='ltr'>pars</span> <span class='ocrx_word' id='word_1_395' title='bbox 1307 2227 1376 2249; x_wconf 89' lang='lat' dir='ltr'>non</span> 
     </span>
     <span class='ocr_line' id='line_1_49' title="bbox 300 2266 856 2297; baseline -0.005 0"><span class='ocrx_word' id='word_1_396' title='bbox 300 2271 348 2297; x_wconf 84' lang='lat' dir='ltr'>est</span> <span class='ocrx_word' id='word_1_397' title='bbox 371 2266 508 2297; x_wconf 90' lang='lat' dir='ltr'>omnino</span> <span class='ocrx_word' id='word_1_398' title='bbox 533 2266 710 2296; x_wconf 82' lang='lat' dir='ltr'>extrinseca</span> <span class='ocrx_word' id='word_1_399' title='bbox 733 2274 751 2295; x_wconf 93' lang='lat' dir='ltr'>a</span> <span class='ocrx_word' id='word_1_400' title='bbox 774 2269 856 2295; x_wconf 90' lang='lat' dir='ltr'>toto.</span> 
     </span>
    </p>

    <p class='ocr_par' dir='ltr' id='par_1_10' title="bbox 297 2306 1378 3296">
     <span class='ocr_line' id='line_1_50' title="bbox 356 2306 1376 2346; baseline -0.005 -4"><span class='ocrx_word' id='word_1_401' title='bbox 356 2310 509 2342; x_wconf 89' lang='lat' dir='ltr'>Secundo</span> <span class='ocrx_word' id='word_1_402' title='bbox 525 2319 602 2341; x_wconf 91' lang='lat' dir='ltr'>vero</span> <span class='ocrx_word' id='word_1_403' title='bbox 619 2308 732 2346; x_wconf 88' lang='lat' dir='ltr'>modo,</span> <span class='ocrx_word' id='word_1_404' title='bbox 748 2317 863 2340; x_wconf 90' lang='lat' dir='ltr'>verum</span> <span class='ocrx_word' id='word_1_405' title='bbox 879 2313 927 2339; x_wconf 88' lang='lat' dir='ltr'>est</span> <span class='ocrx_word' id='word_1_406' title='bbox 949 2307 1002 2338; x_wconf 91' lang='lat' dir='ltr'>illa</span> <span class='ocrx_word' id='word_1_407' title='bbox 1017 2316 1086 2338; x_wconf 70' lang='grc' dir='ltr'><strong>εεεε</strong></span> <span class='ocrx_word' id='word_1_408' title='bbox 1110 2306 1207 2344; x_wconf 88' lang='lat' dir='ltr'>idem,</span> <span class='ocrx_word' id='word_1_409' title='bbox 1225 2313 1256 2338; x_wconf 93' lang='lat' dir='ltr'>et</span> <span class='ocrx_word' id='word_1_410' title='bbox 1271 2317 1376 2338; x_wconf 92' lang='lat' dir='ltr'>unum</span> 
     </span>
     <span class='ocr_line' id='line_1_51' title="bbox 300 2351 1376 2396; baseline -0.003 -10"><span class='ocrx_word' id='word_1_411' title='bbox 300 2354 369 2386; x_wconf 90' lang='lat' dir='ltr'>fieri</span> <span class='ocrx_word' id='word_1_412' title='bbox 392 2355 566 2396; x_wconf 92' lang='lat' dir='ltr'>reliquum.</span> <span class='ocrx_word' id='word_1_413' title='bbox 583 2355 646 2386; x_wconf 89' lang='lat' dir='ltr'>Pro</span> <span class='ocrx_word' id='word_1_414' title='bbox 663 2355 755 2386; x_wconf 91' lang='lat' dir='ltr'>cuius</span> <span class='ocrx_word' id='word_1_415' title='bbox 770 2353 885 2385; x_wconf 89' lang='lat' dir='ltr'>notitia</span> <span class='ocrx_word' id='word_1_416' title='bbox 900 2351 1071 2384; x_wconf 83' lang='lat' dir='ltr'>sciendum</span> <span class='ocrx_word' id='word_1_417' title='bbox 1094 2358 1142 2383; x_wconf 91' lang='lat' dir='ltr'>est</span> <span class='ocrx_word' id='word_1_418' title='bbox 1165 2353 1256 2393; x_wconf 91' lang='lat' dir='ltr'>quod</span> <span class='ocrx_word' id='word_1_419' title='bbox 1271 2352 1376 2384; x_wconf 86' lang='lat' dir='ltr'>forma</span> 
     </span>
     <span class='ocr_line' id='line_1_52' title="bbox 300 2397 1376 2441; baseline -0.004 -9"><span class='ocrx_word' id='word_1_420' title='bbox 300 2409 384 2441; x_wconf 89' lang='lat' dir='ltr'>quae</span> <span class='ocrx_word' id='word_1_421' title='bbox 396 2401 550 2441; x_wconf 86' lang='lat' dir='ltr'>recipitur</span> <span class='ocrx_word' id='word_1_422' title='bbox 565 2401 598 2431; x_wconf 92' lang='lat' dir='ltr'>in</span> <span class='ocrx_word' id='word_1_423' title='bbox 614 2399 792 2435; x_wconf 91' lang='lat' dir='ltr'>intellectu,</span> <span class='ocrx_word' id='word_1_424' title='bbox 809 2404 858 2430; x_wconf 88' lang='lat' dir='ltr'>est</span> <span class='ocrx_word' id='word_1_425' title='bbox 874 2397 978 2429; x_wconf 86' lang='lat' dir='ltr'>forma</span> <span class='ocrx_word' id='word_1_426' title='bbox 994 2397 1109 2429; x_wconf 87' lang='lat' dir='ltr'>eadem</span> <span class='ocrx_word' id='word_1_427' title='bbox 1125 2407 1210 2438; x_wconf 91' lang='lat' dir='ltr'>quae</span> <span class='ocrx_word' id='word_1_428' title='bbox 1226 2404 1273 2428; x_wconf 90' lang='lat' dir='ltr'>est</span> <span class='ocrx_word' id='word_1_429' title='bbox 1289 2404 1376 2429; x_wconf 86' lang='lat' dir='ltr'>extra</span> 
     </span>
     <span class='ocr_line' id='line_1_53' title="bbox 299 2442 1376 2480; baseline -0.004 -3"><span class='ocrx_word' id='word_1_430' title='bbox 299 2445 502 2477; x_wconf 83' lang='lat' dir='ltr'>intellectum</span> <span class='ocrx_word' id='word_1_431' title='bbox 532 2444 715 2477; x_wconf 90' lang='lat' dir='ltr'>secundum</span> <span class='ocrx_word' id='word_1_432' title='bbox 744 2444 914 2480; x_wconf 87' lang='lat' dir='ltr'>rationem,</span> <span class='ocrx_word' id='word_1_433' title='bbox 938 2442 995 2474; x_wconf 86' lang='lat' dir='ltr'>sed</span> <span class='ocrx_word' id='word_1_434' title='bbox 1025 2442 1114 2474; x_wconf 89' lang='lat' dir='ltr'>aliud</span> <span class='ocrx_word' id='word_1_435' title='bbox 1137 2448 1169 2474; x_wconf 90' lang='lat' dir='ltr'>et</span> <span class='ocrx_word' id='word_1_436' title='bbox 1195 2442 1283 2474; x_wconf 91' lang='lat' dir='ltr'>aliud</span> <span class='ocrx_word' id='word_1_437' title='bbox 1306 2452 1376 2474; x_wconf 86' lang='lat' dir='ltr'>esse</span> 
     </span>
     <span class='ocr_line' id='line_1_54' title="bbox 300 2488 1376 2524; baseline -0.001 -4"><span class='ocrx_word' id='word_1_438' title='bbox 300 2490 412 2522; x_wconf 89' lang='lat' dir='ltr'>habet:</span> <span class='ocrx_word' id='word_1_439' title='bbox 437 2500 513 2521; x_wconf 84' lang='lat' dir='ltr'>nam</span> <span class='ocrx_word' id='word_1_440' title='bbox 533 2496 620 2522; x_wconf 84' lang='lat' dir='ltr'>extra</span> <span class='ocrx_word' id='word_1_441' title='bbox 643 2489 844 2522; x_wconf 91' lang='lat' dir='ltr'>intellectum</span> <span class='ocrx_word' id='word_1_442' title='bbox 860 2489 957 2520; x_wconf 91' lang='lat' dir='ltr'>habet</span> <span class='ocrx_word' id='word_1_443' title='bbox 972 2497 1041 2519; x_wconf 89' lang='lat' dir='ltr'>esse</span> <span class='ocrx_word' id='word_1_444' title='bbox 1056 2488 1212 2524; x_wconf 88' lang='lat' dir='ltr'>naturale,</span> <span class='ocrx_word' id='word_1_445' title='bbox 1234 2488 1268 2519; x_wconf 91' lang='lat' dir='ltr'>in</span> <span class='ocrx_word' id='word_1_446' title='bbox 1282 2488 1376 2519; x_wconf 88' lang='lat' dir='ltr'>intel-</span> 
     </span>
     <span class='ocr_line' id='line_1_55' title="bbox 299 2532 1375 2574; baseline -0.002 -8"><span class='ocrx_word' id='word_1_447' title='bbox 299 2534 386 2566; x_wconf 88' lang='lat' dir='ltr'>lectu</span> <span class='ocrx_word' id='word_1_448' title='bbox 416 2541 526 2567; x_wconf 89' lang='lat' dir='ltr'>autem</span> <span class='ocrx_word' id='word_1_449' title='bbox 553 2536 650 2566; x_wconf 89' lang='lat' dir='ltr'>habet</span> <span class='ocrx_word' id='word_1_450' title='bbox 681 2544 750 2566; x_wconf 89' lang='lat' dir='ltr'>esse</span> <span class='ocrx_word' id='word_1_451' title='bbox 783 2532 998 2574; x_wconf 87' lang='lat' dir='ltr'>intelligibile;</span> <span class='ocrx_word' id='word_1_452' title='bbox 1030 2538 1067 2564; x_wconf 92' lang='lat' dir='ltr'>ut</span> <span class='ocrx_word' id='word_1_453' title='bbox 1097 2538 1185 2574; x_wconf 91' lang='lat' dir='ltr'>patet</span> <span class='ocrx_word' id='word_1_454' title='bbox 1208 2542 1227 2563; x_wconf 91' lang='lat' dir='ltr'>a</span> <span class='ocrx_word' id='word_1_455' title='bbox 1255 2533 1375 2564; x_wconf 89' lang='lat' dir='ltr'>Sancto</span> 
     </span>
     <span class='ocr_line' id='line_1_56' title="bbox 300 2579 1377 2619; baseline -0.002 -8"><span class='ocrx_word' id='word_1_456' title='bbox 300 2579 430 2611; x_wconf 88' lang='lat' dir='ltr'>Thoma</span> <span class='ocrx_word' id='word_1_457' title='bbox 449 2580 601 2618; x_wconf 83' lang='lat' dir='ltr'>Quolibet</span> <span class='ocrx_word' id='word_1_458' title='bbox 616 2590 681 2617; x_wconf 75' lang='lat' dir='ltr'>vni,</span> <span class='ocrx_word' id='word_1_459' title='bbox 698 2590 726 2611; x_wconf 88' lang='lat' dir='ltr'>a.</span> <span class='ocrx_word' id='word_1_460' title='bbox 743 2589 775 2619; x_wconf 85' lang='lat'>4.</span> <span class='ocrx_word' id='word_1_461' title='bbox 800 2579 842 2610; x_wconf 92' lang='lat' dir='ltr'>Et</span> <span class='ocrx_word' id='word_1_462' title='bbox 861 2579 931 2619; x_wconf 87' lang='lat' dir='ltr'>ipsa</span> <span class='ocrx_word' id='word_1_463' title='bbox 947 2583 1070 2615; x_wconf 88' lang='lat' dir='ltr'>natura,</span> <span class='ocrx_word' id='word_1_464' title='bbox 1088 2583 1124 2609; x_wconf 91' lang='lat' dir='ltr'>ut</span> <span class='ocrx_word' id='word_1_465' title='bbox 1148 2579 1287 2609; x_wconf 84' lang='lat' dir='ltr'>existens</span> <span class='ocrx_word' id='word_1_466' title='bbox 1302 2587 1377 2619; x_wconf 86' lang='lat' dir='ltr'>per-</span> 
     </span>
     <span class='ocr_line' id='line_1_57' title="bbox 300 2623 1376 2664; baseline -0.002 -8"><span class='ocrx_word' id='word_1_467' title='bbox 300 2623 398 2656; x_wconf 88' lang='lat' dir='ltr'>fectio</span> <span class='ocrx_word' id='word_1_468' title='bbox 422 2626 469 2657; x_wconf 91' lang='lat' dir='ltr'>rei</span> <span class='ocrx_word' id='word_1_469' title='bbox 492 2625 656 2657; x_wconf 85' lang='lat' dir='ltr'>existentis</span> <span class='ocrx_word' id='word_1_470' title='bbox 687 2630 775 2656; x_wconf 87' lang='lat' dir='ltr'>extra</span> <span class='ocrx_word' id='word_1_471' title='bbox 805 2623 1018 2659; x_wconf 88' lang='lat' dir='ltr'>intellectum,</span> <span class='ocrx_word' id='word_1_472' title='bbox 1042 2623 1197 2664; x_wconf 86' lang='lat' dir='ltr'>recipitur</span> <span class='ocrx_word' id='word_1_473' title='bbox 1219 2623 1253 2653; x_wconf 91' lang='lat' dir='ltr'>in</span> <span class='ocrx_word' id='word_1_474' title='bbox 1281 2623 1376 2654; x_wconf 85' lang='lat' dir='ltr'>intel-</span> 
     </span>
     <span class='ocr_line' id='line_1_58' title="bbox 299 2668 1375 2709; baseline -0.001 -9"><span class='ocrx_word' id='word_1_475' title='bbox 299 2669 395 2707; x_wconf 85' lang='lat' dir='ltr'>lectu,</span> <span class='ocrx_word' id='word_1_476' title='bbox 421 2676 458 2702; x_wconf 90' lang='lat' dir='ltr'>ut</span> <span class='ocrx_word' id='word_1_477' title='bbox 481 2676 529 2702; x_wconf 85' lang='lat' dir='ltr'>est</span> <span class='ocrx_word' id='word_1_478' title='bbox 552 2670 593 2702; x_wconf 91' lang='lat' dir='ltr'>de</span> <span class='ocrx_word' id='word_1_479' title='bbox 615 2675 726 2702; x_wconf 88' lang='lat' dir='ltr'>mente</span> <span class='ocrx_word' id='word_1_480' title='bbox 749 2669 858 2701; x_wconf 86' lang='lat' dir='ltr'>Sancti</span> <span class='ocrx_word' id='word_1_481' title='bbox 882 2668 1033 2699; x_wconf 87' lang='lat' dir='ltr'>Thomae</span> <span class='ocrx_word' id='word_1_482' title='bbox 1055 2668 1162 2703; x_wconf 73' lang='lat' dir='ltr'>Ver-it„</span> <span class='ocrx_word' id='word_1_483' title='bbox 1187 2677 1219 2709; x_wconf 92' lang='lat' dir='ltr'>q.</span> <span class='ocrx_word' id='word_1_484' title='bbox 1236 2677 1270 2705; x_wconf 88' lang='lat'>11,</span> <span class='ocrx_word' id='word_1_485' title='bbox 1293 2678 1322 2699; x_wconf 90' lang='lat' dir='ltr'>a.</span> <span class='ocrx_word' id='word_1_486' title='bbox 1337 2678 1375 2699; x_wconf 84' lang='lat'>2:</span> 
     </span>
     <span class='ocr_line' id='line_1_59' title="bbox 298 2713 1378 2756; baseline -0.002 -10"><span class='ocrx_word' id='word_1_487' title='bbox 298 2721 431 2756; x_wconf 88' lang='lat' dir='ltr'>propter</span> <span class='ocrx_word' id='word_1_488' title='bbox 447 2715 538 2756; x_wconf 89' lang='lat' dir='ltr'>quod</span> <span class='ocrx_word' id='word_1_489' title='bbox 554 2715 670 2747; x_wconf 83' lang='lat' dir='ltr'>dieitur</span> <span class='ocrx_word' id='word_1_490' title='bbox 686 2714 779 2756; x_wconf 90' lang='lat' dir='ltr'>quod</span> <span class='ocrx_word' id='word_1_491' title='bbox 793 2714 864 2746; x_wconf 88' lang='lat' dir='ltr'>talis</span> <span class='ocrx_word' id='word_1_492' title='bbox 883 2719 1008 2750; x_wconf 83' lang='lat' dir='ltr'>namra,</span> <span class='ocrx_word' id='word_1_493' title='bbox 1033 2719 1112 2754; x_wconf 82' lang='lat' dir='ltr'>puta</span> <span class='ocrx_word' id='word_1_494' title='bbox 1134 2713 1226 2754; x_wconf 88' lang='lat' dir='ltr'>lapis,</span> <span class='ocrx_word' id='word_1_495' title='bbox 1245 2713 1378 2756; x_wconf 73' lang='lat' dir='ltr'>perficit</span> 
     </span>
     <span class='ocr_line' id='line_1_60' title="bbox 300 2756 1377 2800; baseline -0.002 -9"><span class='ocrx_word' id='word_1_496' title='bbox 300 2760 506 2792; x_wconf 86' lang='lat' dir='ltr'>intellectum.</span> <span class='ocrx_word' id='word_1_497' title='bbox 523 2759 610 2799; x_wconf 84' lang='lat' dir='ltr'>Quia</span> <span class='ocrx_word' id='word_1_498' title='bbox 627 2765 737 2792; x_wconf 89' lang='lat' dir='ltr'>autem</span> <span class='ocrx_word' id='word_1_499' title='bbox 752 2758 1017 2800; x_wconf 88' lang='lat' dir='ltr'>unumquodque</span> <span class='ocrx_word' id='word_1_500' title='bbox 1033 2764 1082 2789; x_wconf 89' lang='lat' dir='ltr'>est</span> <span class='ocrx_word' id='word_1_501' title='bbox 1095 2757 1129 2789; x_wconf 91' lang='lat' dir='ltr'>id</span> <span class='ocrx_word' id='word_1_502' title='bbox 1145 2756 1236 2799; x_wconf 93' lang='lat' dir='ltr'>quod</span> <span class='ocrx_word' id='word_1_503' title='bbox 1255 2764 1303 2789; x_wconf 90' lang='lat' dir='ltr'>est</span> <span class='ocrx_word' id='word_1_504' title='bbox 1318 2767 1377 2799; x_wconf 91' lang='lat' dir='ltr'>per</span> 
     </span>
     <span class='ocr_line' id='line_1_61' title="bbox 299 2802 1376 2844; baseline -0.004 -7"><span class='ocrx_word' id='word_1_505' title='bbox 299 2814 391 2837; x_wconf 88' lang='lat' dir='ltr'>suam</span> <span class='ocrx_word' id='word_1_506' title='bbox 414 2804 554 2837; x_wconf 86' lang='lat' dir='ltr'>formam</span> <span class='ocrx_word' id='word_1_507' title='bbox 582 2811 614 2837; x_wconf 92' lang='lat' dir='ltr'>et</span> <span class='ocrx_word' id='word_1_508' title='bbox 641 2815 733 2837; x_wconf 91' lang='lat' dir='ltr'>suam</span> <span class='ocrx_word' id='word_1_509' title='bbox 756 2810 916 2841; x_wconf 85' lang='lat' dir='ltr'>naturam,</span> <span class='ocrx_word' id='word_1_510' title='bbox 940 2803 1015 2835; x_wconf 86' lang='lat' dir='ltr'>ideo</span> <span class='ocrx_word' id='word_1_511' title='bbox 1043 2803 1190 2844; x_wconf 89' lang='lat' dir='ltr'>sequitur</span> <span class='ocrx_word' id='word_1_512' title='bbox 1212 2802 1304 2844; x_wconf 90' lang='lat' dir='ltr'>quod</span> <span class='ocrx_word' id='word_1_513' title='bbox 1326 2804 1376 2834; x_wconf 84' lang='lat' dir='ltr'>ln-</span> 
     </span>
     <span class='ocr_line' id='line_1_62' title="bbox 298 2847 1376 2891; baseline -0.004 -9"><span class='ocrx_word' id='word_1_514' title='bbox 298 2850 446 2882; x_wconf 87' lang='lat' dir='ltr'>tellectus</span> <span class='ocrx_word' id='word_1_515' title='bbox 468 2851 503 2882; x_wconf 91' lang='lat' dir='ltr'>in</span> <span class='ocrx_word' id='word_1_516' title='bbox 526 2856 611 2887; x_wconf 88' lang='lat' dir='ltr'>actu,</span> <span class='ocrx_word' id='word_1_517' title='bbox 635 2851 692 2891; x_wconf 91' lang='lat' dir='ltr'>qui</span> <span class='ocrx_word' id='word_1_518' title='bbox 712 2855 759 2882; x_wconf 80' lang='lat' dir='ltr'>est</span> <span class='ocrx_word' id='word_1_519' title='bbox 782 2849 965 2881; x_wconf 85' lang='lat' dir='ltr'>intellectus</span> <span class='ocrx_word' id='word_1_520' title='bbox 983 2849 1017 2879; x_wconf 87' lang='lat' dir='ltr'>in</span> <span class='ocrx_word' id='word_1_521' title='bbox 1042 2854 1116 2879; x_wconf 86' lang='lat' dir='ltr'>actu</span> <span class='ocrx_word' id='word_1_522' title='bbox 1139 2854 1176 2879; x_wconf 91' lang='lat' dir='ltr'>ut</span> <span class='ocrx_word' id='word_1_523' title='bbox 1198 2848 1294 2879; x_wconf 88' lang='lat' dir='ltr'>habet</span> <span class='ocrx_word' id='word_1_524' title='bbox 1310 2847 1376 2879; x_wconf 82' lang='lat' dir='ltr'>for-</span> 
     </span>
     <span class='ocr_line' id='line_1_63' title="bbox 297 2893 1376 2934; baseline -0.004 -7"><span class='ocrx_word' id='word_1_525' title='bbox 297 2904 386 2927; x_wconf 85' lang='lat' dir='ltr'>mam</span> <span class='ocrx_word' id='word_1_526' title='bbox 409 2901 441 2927; x_wconf 90' lang='lat' dir='ltr'>et</span> <span class='ocrx_word' id='word_1_527' title='bbox 464 2900 613 2927; x_wconf 88' lang='lat' dir='ltr'>naturam</span> <span class='ocrx_word' id='word_1_528' title='bbox 627 2895 674 2926; x_wconf 90' lang='lat' dir='ltr'>rei</span> <span class='ocrx_word' id='word_1_529' title='bbox 689 2895 881 2931; x_wconf 84' lang='lat' dir='ltr'>intellectae,</span> <span class='ocrx_word' id='word_1_530' title='bbox 906 2894 946 2925; x_wconf 90' lang='lat' dir='ltr'>sit</span> <span class='ocrx_word' id='word_1_531' title='bbox 967 2894 1037 2934; x_wconf 88' lang='lat' dir='ltr'>ipsa</span> <span class='ocrx_word' id='word_1_532' title='bbox 1059 2902 1111 2924; x_wconf 91' lang='lat' dir='ltr'>res</span> <span class='ocrx_word' id='word_1_533' title='bbox 1132 2893 1310 2924; x_wconf 84' lang='lat' dir='ltr'>intellecta:</span> <span class='ocrx_word' id='word_1_534' title='bbox 1326 2894 1376 2925; x_wconf 90' lang='lat' dir='ltr'>in-</span> 
     </span>
     <span class='ocr_line' id='line_1_64' title="bbox 298 2938 1376 2981; baseline -0.003 -9"><span class='ocrx_word' id='word_1_535' title='bbox 298 2940 446 2981; x_wconf 85' lang='lat' dir='ltr'>telligens</span> <span class='ocrx_word' id='word_1_536' title='bbox 476 2941 565 2972; x_wconf 89' lang='lat' dir='ltr'>enim</span> <span class='ocrx_word' id='word_1_537' title='bbox 595 2939 736 2981; x_wconf 84' lang='lat' dir='ltr'>lapidem</span> <span class='ocrx_word' id='word_1_538' title='bbox 767 2945 815 2971; x_wconf 62' lang='lat' dir='ltr'>est</span> <span class='ocrx_word' id='word_1_539' title='bbox 843 2939 936 2980; x_wconf 85' lang='lat' dir='ltr'>lapis,</span> <span class='ocrx_word' id='word_1_540' title='bbox 960 2939 1044 2971; x_wconf 87' lang='lat' dir='ltr'>sicut</span> <span class='ocrx_word' id='word_1_541' title='bbox 1073 2944 1105 2969; x_wconf 91' lang='lat' dir='ltr'>et</span> <span class='ocrx_word' id='word_1_542' title='bbox 1132 2938 1254 2970; x_wconf 85' lang='lat' dir='ltr'>habens</span> <span class='ocrx_word' id='word_1_543' title='bbox 1283 2939 1317 2969; x_wconf 92' lang='lat' dir='ltr'>in</span> <span class='ocrx_word' id='word_1_544' title='bbox 1341 2948 1376 2970; x_wconf 88' lang='lat' dir='ltr'>se</span> 
     </span>
     <span class='ocr_line' id='line_1_65' title="bbox 298 2982 1376 3026; baseline -0.002 -9"><span class='ocrx_word' id='word_1_545' title='bbox 298 2984 439 3018; x_wconf 78' lang='lat' dir='ltr'>formam</span> <span class='ocrx_word' id='word_1_546' title='bbox 462 2985 577 3026; x_wconf 87' lang='lat' dir='ltr'>lapidis</span> <span class='ocrx_word' id='word_1_547' title='bbox 601 2990 649 3017; x_wconf 90' lang='lat' dir='ltr'>est</span> <span class='ocrx_word' id='word_1_548' title='bbox 672 2985 763 3026; x_wconf 85' lang='lat' dir='ltr'>lapis.</span> <span class='ocrx_word' id='word_1_549' title='bbox 795 2984 860 3016; x_wconf 88' lang='lat' dir='ltr'>Sed</span> <span class='ocrx_word' id='word_1_550' title='bbox 882 2990 1002 3021; x_wconf 86' lang='lat' dir='ltr'>tamen,</span> <span class='ocrx_word' id='word_1_551' title='bbox 1032 2984 1109 3024; x_wconf 80' lang='lat' dir='ltr'>quia</span> <span class='ocrx_word' id='word_1_552' title='bbox 1132 2982 1237 3014; x_wconf 86' lang='lat' dir='ltr'>forma</span> <span class='ocrx_word' id='word_1_553' title='bbox 1261 2983 1376 3024; x_wconf 86' lang='lat' dir='ltr'>lapidis</span> 
     </span>
     <span class='ocr_line' id='line_1_66' title="bbox 299 3028 1375 3069; baseline -0.002 -8"><span class='ocrx_word' id='word_1_554' title='bbox 299 3040 367 3062; x_wconf 91' lang='lat' dir='ltr'>non</span> <span class='ocrx_word' id='word_1_555' title='bbox 390 3030 487 3062; x_wconf 86' lang='lat' dir='ltr'>habet</span> <span class='ocrx_word' id='word_1_556' title='bbox 502 3039 572 3061; x_wconf 88' lang='lat' dir='ltr'>esse</span> <span class='ocrx_word' id='word_1_557' title='bbox 587 3030 731 3062; x_wconf 86' lang='lat' dir='ltr'>naturale</span> <span class='ocrx_word' id='word_1_558' title='bbox 747 3030 781 3061; x_wconf 92' lang='lat' dir='ltr'>in</span> <span class='ocrx_word' id='word_1_559' title='bbox 796 3029 975 3067; x_wconf 86' lang='lat' dir='ltr'>intellectu,</span> <span class='ocrx_word' id='word_1_560' title='bbox 991 3038 1030 3060; x_wconf 84' lang='lat' dir='ltr'>ex</span> <span class='ocrx_word' id='word_1_561' title='bbox 1047 3037 1115 3069; x_wconf 89' lang='lat' dir='ltr'>quo</span> <span class='ocrx_word' id='word_1_562' title='bbox 1136 3028 1232 3059; x_wconf 88' lang='lat' dir='ltr'>habet</span> <span class='ocrx_word' id='word_1_563' title='bbox 1253 3028 1375 3069; x_wconf 89' lang='lat' dir='ltr'>aliquid</span> 
     </span>
     <span class='ocr_line' id='line_1_67' title="bbox 298 3073 1375 3116; baseline -0.001 -9"><span class='ocrx_word' id='word_1_564' title='bbox 298 3080 334 3107; x_wconf 92' lang='lat' dir='ltr'>ut</span> <span class='ocrx_word' id='word_1_565' title='bbox 357 3074 505 3107; x_wconf 91' lang='lat' dir='ltr'>absolute</span> <span class='ocrx_word' id='word_1_566' title='bbox 528 3074 652 3107; x_wconf 81' lang='lat' dir='ltr'>dicatur</span> <span class='ocrx_word' id='word_1_567' title='bbox 670 3074 762 3116; x_wconf 85' lang='lat' dir='ltr'>lapis,</span> <span class='ocrx_word' id='word_1_568' title='bbox 786 3074 843 3106; x_wconf 89' lang='lat' dir='ltr'>sed</span> <span class='ocrx_word' id='word_1_569' title='bbox 866 3083 936 3105; x_wconf 87' lang='lat' dir='ltr'>esse</span> <span class='ocrx_word' id='word_1_570' title='bbox 958 3073 1169 3114; x_wconf 80' lang='lat' dir='ltr'>intelligibile,</span> <span class='ocrx_word' id='word_1_571' title='bbox 1193 3073 1375 3105; x_wconf 89' lang='lat' dir='ltr'>intellectus</span> 
     </span>
     <span class='ocr_line' id='line_1_68' title="bbox 298 3118 1376 3162; baseline -0.001 -11"><span class='ocrx_word' id='word_1_572' title='bbox 298 3121 332 3151; x_wconf 93' lang='lat' dir='ltr'>in</span> <span class='ocrx_word' id='word_1_573' title='bbox 356 3126 430 3152; x_wconf 87' lang='lat' dir='ltr'>actu</span> <span class='ocrx_word' id='word_1_574' title='bbox 454 3125 603 3162; x_wconf 88' lang='lat' dir='ltr'>respectu</span> <span class='ocrx_word' id='word_1_575' title='bbox 621 3119 737 3161; x_wconf 87' lang='lat' dir='ltr'>lapidis</span> <span class='ocrx_word' id='word_1_576' title='bbox 760 3129 829 3151; x_wconf 92' lang='lat' dir='ltr'>non</span> <span class='ocrx_word' id='word_1_577' title='bbox 845 3118 963 3150; x_wconf 88' lang='lat' dir='ltr'>dicitur</span> <span class='ocrx_word' id='word_1_578' title='bbox 978 3119 1125 3149; x_wconf 86' lang='lat' dir='ltr'>absolute</span> <span class='ocrx_word' id='word_1_579' title='bbox 1141 3118 1231 3159; x_wconf 82' lang='lat' dir='ltr'>lapis,</span> <span class='ocrx_word' id='word_1_580' title='bbox 1256 3119 1312 3150; x_wconf 87' lang='lat' dir='ltr'>sed</span> <span class='ocrx_word' id='word_1_581' title='bbox 1328 3124 1376 3150; x_wconf 89' lang='lat' dir='ltr'>est</span> 
     </span>
     <span class='ocr_line' id='line_1_69' title="bbox 299 3163 1375 3208; baseline -0.001 -12"><span class='ocrx_word' id='word_1_582' title='bbox 299 3165 380 3206; x_wconf 84' lang='lat' dir='ltr'>lapis</span> <span class='ocrx_word' id='word_1_583' title='bbox 403 3165 662 3208; x_wconf 76' lang='lat' dir='ltr'>intelligibiliter.</span> <span class='ocrx_word' id='word_1_584' title='bbox 686 3165 750 3196; x_wconf 88' lang='lat' dir='ltr'>Hic</span> <span class='ocrx_word' id='word_1_585' title='bbox 774 3169 822 3196; x_wconf 80' lang='lat' dir='ltr'>est</span> <span class='ocrx_word' id='word_1_586' title='bbox 852 3173 930 3204; x_wconf 90' lang='lat' dir='ltr'>ergo</span> <span class='ocrx_word' id='word_1_587' title='bbox 957 3163 1077 3195; x_wconf 87' lang='lat' dir='ltr'>modus</span> <span class='ocrx_word' id='word_1_588' title='bbox 1101 3173 1169 3204; x_wconf 91' lang='lat' dir='ltr'>quo</span> <span class='ocrx_word' id='word_1_589' title='bbox 1192 3163 1375 3195; x_wconf 86' lang='lat' dir='ltr'>intellectus</span> 
     </span>
     <span class='ocr_line' id='line_1_70' title="bbox 299 3208 1374 3251; baseline 0 -11"><span class='ocrx_word' id='word_1_590' title='bbox 299 3209 491 3242; x_wconf 82' lang='lat' dir='ltr'>informatus</span> <span class='ocrx_word' id='word_1_591' title='bbox 514 3211 624 3251; x_wconf 88' lang='lat' dir='ltr'>specie</span> <span class='ocrx_word' id='word_1_592' title='bbox 646 3209 782 3241; x_wconf 83' lang='lat' dir='ltr'>alicuius</span> <span class='ocrx_word' id='word_1_593' title='bbox 805 3208 958 3240; x_wconf 84' lang='lat' dir='ltr'>intellecti</span> <span class='ocrx_word' id='word_1_594' title='bbox 982 3208 1099 3239; x_wconf 89' lang='lat' dir='ltr'>dicitur</span> <span class='ocrx_word' id='word_1_595' title='bbox 1117 3209 1225 3249; x_wconf 89' lang='lat' dir='ltr'>ipsum</span> <span class='ocrx_word' id='word_1_596' title='bbox 1248 3208 1374 3240; x_wconf 87' lang='lat' dir='ltr'>intelle-</span> 
     </span>
     <span class='ocr_line' id='line_1_71' title="bbox 301 3253 1372 3296; baseline -0.002 -9"><span class='ocrx_word' id='word_1_597' title='bbox 301 3260 403 3287; x_wconf 87' lang='lat' dir='ltr'>ctum:</span> <span class='ocrx_word' id='word_1_598' title='bbox 423 3255 500 3296; x_wconf 87' lang='lat' dir='ltr'>quia</span> <span class='ocrx_word' id='word_1_599' title='bbox 516 3254 665 3287; x_wconf 84' lang='lat' dir='ltr'>videlicet</span> <span class='ocrx_word' id='word_1_600' title='bbox 681 3255 778 3286; x_wconf 87' lang='lat' dir='ltr'>habet</span> <span class='ocrx_word' id='word_1_601' title='bbox 793 3253 934 3285; x_wconf 81' lang='lat' dir='ltr'>formam</span> <span class='ocrx_word' id='word_1_602' title='bbox 949 3254 1018 3284; x_wconf 90' lang='lat' dir='ltr'>eius</span> <span class='ocrx_word' id='word_1_603' title='bbox 1034 3262 1092 3294; x_wconf 88' lang='lat' dir='ltr'>per</span> <span class='ocrx_word' id='word_1_604' title='bbox 1110 3262 1209 3294; x_wconf 89' lang='lat' dir='ltr'>quam</span> <span class='ocrx_word' id='word_1_605' title='bbox 1230 3259 1277 3284; x_wconf 87' lang='lat' dir='ltr'>est</span> <span class='ocrx_word' id='word_1_606' title='bbox 1299 3254 1372 3285; x_wconf 88' lang='lat' dir='ltr'>tale.</span> 
     </span>
    </p>

    <p class='ocr_par' dir='ltr' id='par_1_11' title="bbox 301 3298 1374 3555">
     <span class='ocr_line' id='line_1_72' title="bbox 355 3298 1372 3340; baseline -0.002 -9"><span class='ocrx_word' id='word_1_607' title='bbox 355 3299 479 3332; x_wconf 84' lang='lat' dir='ltr'>Eadem</span> <span class='ocrx_word' id='word_1_608' title='bbox 494 3300 619 3331; x_wconf 88' lang='lat' dir='ltr'>ratione</span> <span class='ocrx_word' id='word_1_609' title='bbox 634 3300 743 3340; x_wconf 86' lang='lat' dir='ltr'>ipsum</span> <span class='ocrx_word' id='word_1_610' title='bbox 760 3298 961 3331; x_wconf 88' lang='lat' dir='ltr'>intellectum</span> <span class='ocrx_word' id='word_1_611' title='bbox 972 3304 1020 3329; x_wconf 89' lang='lat' dir='ltr'>est</span> <span class='ocrx_word' id='word_1_612' title='bbox 1035 3298 1218 3330; x_wconf 90' lang='lat' dir='ltr'>intellectus</span> <span class='ocrx_word' id='word_1_613' title='bbox 1233 3299 1266 3329; x_wconf 89' lang='lat' dir='ltr'>in</span> <span class='ocrx_word' id='word_1_614' title='bbox 1284 3304 1372 3329; x_wconf 89' lang='lat' dir='ltr'>actu:</span> 
     </span>
     <span class='ocr_line' id='line_1_73' title="bbox 301 3342 1373 3384; baseline 0 -10"><span class='ocrx_word' id='word_1_615' title='bbox 301 3344 377 3383; x_wconf 90' lang='lat' dir='ltr'>quia</span> <span class='ocrx_word' id='word_1_616' title='bbox 399 3344 548 3376; x_wconf 89' lang='lat' dir='ltr'>videlicet</span> <span class='ocrx_word' id='word_1_617' title='bbox 567 3350 615 3376; x_wconf 88' lang='lat' dir='ltr'>est</span> <span class='ocrx_word' id='word_1_618' title='bbox 630 3344 832 3376; x_wconf 90' lang='lat' dir='ltr'>intellectum</span> <span class='ocrx_word' id='word_1_619' title='bbox 846 3344 880 3375; x_wconf 91' lang='lat' dir='ltr'>in</span> <span class='ocrx_word' id='word_1_620' title='bbox 898 3349 972 3375; x_wconf 89' lang='lat' dir='ltr'>actu</span> <span class='ocrx_word' id='word_1_621' title='bbox 996 3352 1054 3384; x_wconf 89' lang='lat' dir='ltr'>per</span> <span class='ocrx_word' id='word_1_622' title='bbox 1078 3343 1215 3374; x_wconf 89' lang='lat' dir='ltr'>eandem</span> <span class='ocrx_word' id='word_1_623' title='bbox 1234 3342 1373 3374; x_wconf 86' lang='lat' dir='ltr'>formam</span> 
     </span>
     <span class='ocr_line' id='line_1_74' title="bbox 301 3388 1372 3430; baseline 0 -12"><span class='ocrx_word' id='word_1_624' title='bbox 301 3397 358 3428; x_wconf 90' lang='lat' dir='ltr'>per</span> <span class='ocrx_word' id='word_1_625' title='bbox 381 3398 479 3429; x_wconf 87' lang='lat' dir='ltr'>quam</span> <span class='ocrx_word' id='word_1_626' title='bbox 503 3390 572 3430; x_wconf 83' lang='lat' dir='ltr'>ipse</span> <span class='ocrx_word' id='word_1_627' title='bbox 595 3389 778 3421; x_wconf 89' lang='lat' dir='ltr'>intellectus</span> <span class='ocrx_word' id='word_1_628' title='bbox 800 3389 834 3420; x_wconf 91' lang='lat' dir='ltr'>in</span> <span class='ocrx_word' id='word_1_629' title='bbox 858 3394 932 3420; x_wconf 88' lang='lat' dir='ltr'>actu</span> <span class='ocrx_word' id='word_1_630' title='bbox 955 3393 1003 3419; x_wconf 88' lang='lat' dir='ltr'>est</span> <span class='ocrx_word' id='word_1_631' title='bbox 1021 3388 1203 3419; x_wconf 87' lang='lat' dir='ltr'>intellectus</span> <span class='ocrx_word' id='word_1_632' title='bbox 1226 3388 1259 3418; x_wconf 91' lang='lat' dir='ltr'>in</span> <span class='ocrx_word' id='word_1_633' title='bbox 1283 3394 1372 3425; x_wconf 81' lang='lat' dir='ltr'>actu3</span> 
     </span>
     <span class='ocr_line' id='line_1_75' title="bbox 302 3433 1372 3475; baseline 0 -12"><span class='ocrx_word' id='word_1_634' title='bbox 302 3441 376 3463; x_wconf 86' lang='lat' dir='ltr'>nam</span> <span class='ocrx_word' id='word_1_635' title='bbox 399 3443 456 3474; x_wconf 87' lang='lat' dir='ltr'>per</span> <span class='ocrx_word' id='word_1_636' title='bbox 482 3435 625 3475; x_wconf 84' lang='lat' dir='ltr'>speciem</span> <span class='ocrx_word' id='word_1_637' title='bbox 652 3433 887 3475; x_wconf 84' lang='lat' dir='ltr'>intelligibilem</span> <span class='ocrx_word' id='word_1_638' title='bbox 915 3433 1105 3464; x_wconf 76' lang='lat' dir='ltr'>existentem</span> <span class='ocrx_word' id='word_1_639' title='bbox 1133 3434 1166 3464; x_wconf 89' lang='lat' dir='ltr'>in</span> <span class='ocrx_word' id='word_1_640' title='bbox 1197 3433 1372 3469; x_wconf 86' lang='lat' dir='ltr'>intellectu,</span> 
     </span>
     <span class='ocr_line' id='line_1_76' title="bbox 303 3477 1374 3518; baseline 0 -10"><span class='ocrx_word' id='word_1_641' title='bbox 303 3485 359 3516; x_wconf 89' lang='lat' dir='ltr'>per</span> <span class='ocrx_word' id='word_1_642' title='bbox 383 3487 481 3518; x_wconf 88' lang='lat' dir='ltr'>quam</span> <span class='ocrx_word' id='word_1_643' title='bbox 496 3479 677 3511; x_wconf 88' lang='lat' dir='ltr'>intellectus</span> <span class='ocrx_word' id='word_1_644' title='bbox 691 3478 808 3510; x_wconf 89' lang='lat' dir='ltr'>dicitur</span> <span class='ocrx_word' id='word_1_645' title='bbox 822 3478 1004 3510; x_wconf 85' lang='lat' dir='ltr'>intellectus</span> <span class='ocrx_word' id='word_1_646' title='bbox 1027 3479 1061 3509; x_wconf 92' lang='lat' dir='ltr'>in</span> <span class='ocrx_word' id='word_1_647' title='bbox 1076 3483 1161 3515; x_wconf 88' lang='lat' dir='ltr'>actu,</span> <span class='ocrx_word' id='word_1_648' title='bbox 1186 3487 1235 3509; x_wconf 88' lang='lat' dir='ltr'>res</span> <span class='ocrx_word' id='word_1_649' title='bbox 1258 3477 1374 3509; x_wconf 87' lang='lat' dir='ltr'>dicitur</span> 
     </span>
     <span class='ocr_line' id='line_1_77' title="bbox 304 3523 874 3555; baseline 0.011 -4"><span class='ocrx_word' id='word_1_650' title='bbox 304 3530 372 3552; x_wconf 86' lang='lat' dir='ltr'>esse</span> <span class='ocrx_word' id='word_1_651' title='bbox 396 3523 557 3554; x_wconf 86' lang='lat' dir='ltr'>intellecta</span> <span class='ocrx_word' id='word_1_652' title='bbox 579 3524 613 3555; x_wconf 92' lang='lat' dir='ltr'>in</span> <span class='ocrx_word' id='word_1_653' title='bbox 637 3529 722 3555; x_wconf 85' lang='lat' dir='ltr'>actu.</span> <span class='ocrx_word' id='word_1_654' title='bbox 871 3545 874 3547; x_wconf 39' lang='lat' dir='ltr'>v</span> 
     </span>
    </p>

    <p class='ocr_par' dir='ltr' id='par_1_12' title="bbox 306 3566 1373 3698">
     <span class='ocr_line' id='line_1_78' title="bbox 360 3566 1373 3606; baseline 0.001 -10"><span class='ocrx_word' id='word_1_655' title='bbox 360 3566 493 3606; x_wconf 81' lang='lat' dir='ltr'>Propter</span> <span class='ocrx_word' id='word_1_656' title='bbox 519 3568 583 3599; x_wconf 91' lang='lat' dir='ltr'>hoc</span> <span class='ocrx_word' id='word_1_657' title='bbox 610 3568 689 3600; x_wconf 87' lang='lat' dir='ltr'>dixit</span> <span class='ocrx_word' id='word_1_658' title='bbox 716 3568 974 3605; x_wconf 81' lang='lat' dir='ltr'>Commentator,</span> <span class='ocrx_word' id='word_1_659' title='bbox 999 3567 1040 3598; x_wconf 89' lang='lat'>111</span> <span class='ocrx_word' id='word_1_660' title='bbox 1065 3567 1105 3598; x_wconf 83' lang='lat' dir='ltr'>de</span> <span class='ocrx_word' id='word_1_661' title='bbox 1128 3567 1257 3604; x_wconf 73' lang='lat' dir='ltr'>Anima,</span> <span class='ocrx_word' id='word_1_662' title='bbox 1282 3576 1373 3598; x_wconf 88' lang='lat' dir='ltr'>com-</span> 
     </span>
     <span class='ocr_line' id='line_1_79' title="bbox 307 3611 1373 3653; baseline 0.002 -13"><span class='ocrx_word' id='word_1_663' title='bbox 307 3615 407 3643; x_wconf 88' lang='lat' dir='ltr'>ment.</span> <span class='ocrx_word' id='word_1_664' title='bbox 427 3612 442 3642; x_wconf 90' lang='grc'><strong><em>5</em></strong></span> <span class='ocrx_word' id='word_1_665' title='bbox 454 3613 481 3647; x_wconf 82' lang='lat'>*,</span> <span class='ocrx_word' id='word_1_666' title='bbox 499 3612 589 3652; x_wconf 88' lang='lat' dir='ltr'>quod</span> <span class='ocrx_word' id='word_1_667' title='bbox 605 3622 643 3643; x_wconf 84' lang='lat' dir='ltr'>ex</span> <span class='ocrx_word' id='word_1_668' title='bbox 659 3613 825 3645; x_wconf 88' lang='lat' dir='ltr'>intellectu</span> <span class='ocrx_word' id='word_1_669' title='bbox 845 3618 877 3644; x_wconf 91' lang='lat' dir='ltr'>et</span> <span class='ocrx_word' id='word_1_670' title='bbox 891 3612 1083 3653; x_wconf 80' lang='lat' dir='ltr'>intelligibili</span> <span class='ocrx_word' id='word_1_671' title='bbox 1099 3612 1201 3653; x_wconf 87' lang='lat' dir='ltr'>magis</span> <span class='ocrx_word' id='word_1_672' title='bbox 1217 3611 1252 3643; x_wconf 84' lang='lat' dir='ltr'>fit</span> <span class='ocrx_word' id='word_1_673' title='bbox 1269 3621 1373 3643; x_wconf 90' lang='lat' dir='ltr'>unum</span> 
     </span>
     <span class='ocr_line' id='line_1_80' title="bbox 306 3657 1373 3698; baseline 0.005 -13"><span class='ocrx_word' id='word_1_674' title='bbox 306 3662 405 3695; x_wconf 90' lang='lat' dir='ltr'>quam</span> <span class='ocrx_word' id='word_1_675' title='bbox 422 3665 459 3686; x_wconf 84' lang='lat' dir='ltr'>ex</span> <span class='ocrx_word' id='word_1_676' title='bbox 476 3657 607 3688; x_wconf 88' lang='lat' dir='ltr'>materia</span> <span class='ocrx_word' id='word_1_677' title='bbox 623 3663 654 3688; x_wconf 90' lang='lat' dir='ltr'>et</span> <span class='ocrx_word' id='word_1_678' title='bbox 677 3657 792 3689; x_wconf 82' lang='lat' dir='ltr'>forma.</span> <span class='ocrx_word' id='word_1_679' title='bbox 809 3658 850 3690; x_wconf 89' lang='lat' dir='ltr'>Et</span> <span class='ocrx_word' id='word_1_680' title='bbox 865 3658 1026 3689; x_wconf 87' lang='lat' dir='ltr'>rationem</span> <span class='ocrx_word' id='word_1_681' title='bbox 1042 3657 1195 3698; x_wconf 79' lang='lat' dir='ltr'>assignat:</span> <span class='ocrx_word' id='word_1_682' title='bbox 1213 3657 1289 3698; x_wconf 90' lang='lat' dir='ltr'>quia</span> <span class='ocrx_word' id='word_1_683' title='bbox 1305 3666 1373 3690; x_wconf 90' lang='lat' dir='ltr'>non</span> 
     </span>
    </p>
   </div>
   <div class='ocr_carea' id='block_1_5' title="bbox 882 245 1930 292">
    <p class='ocr_par' dir='ltr' id='par_1_13' title="bbox 882 245 1930 292">
     <span class='ocr_line' id='line_1_81' title="bbox 882 245 1930 292; baseline 0 -8"><span class='ocrx_word' id='word_1_684' title='bbox 882 246 1071 284; x_wconf 92' lang='lat' dir='ltr'>SUMMA</span> <span class='ocrx_word' id='word_1_685' title='bbox 1101 245 1324 283; x_wconf 91' lang='lat' dir='ltr'>CONTRA</span> <span class='ocrx_word' id='word_1_686' title='bbox 1353 245 1631 292; x_wconf 88' lang='lat' dir='ltr'>GENTILES,</span> <span class='ocrx_word' id='word_1_687' title='bbox 1663 245 1774 284; x_wconf 91' lang='lat' dir='ltr'>CAP.</span> <span class='ocrx_word' id='word_1_688' title='bbox 1796 247 1930 285; x_wconf 90' lang='lat' dir='ltr'><strong>XLIV.</strong></span> 
     </span>
    </p>
   </div>
   <div class='ocr_carea' id='block_1_6' title="bbox 1428 323 2515 3699">
    <p class='ocr_par' dir='ltr' id='par_1_14' title="bbox 1434 323 2513 639">
     <span class='ocr_line' id='line_1_82' title="bbox 1434 323 2511 368; baseline 0.005 -14"><span class='ocrx_word' id='word_1_689' title='bbox 1434 323 1471 354; x_wconf 91' lang='lat' dir='ltr'>fit</span> <span class='ocrx_word' id='word_1_690' title='bbox 1486 324 1575 355; x_wconf 86' lang='lat' dir='ltr'>aliud</span> <span class='ocrx_word' id='word_1_691' title='bbox 1590 325 1630 355; x_wconf 87' lang='lat' dir='ltr'>ab</span> <span class='ocrx_word' id='word_1_692' title='bbox 1652 325 1708 362; x_wconf 89' lang='lat' dir='ltr'>eis,</span> <span class='ocrx_word' id='word_1_693' title='bbox 1725 326 1808 361; x_wconf 82' lang='lat' dir='ltr'>sicut</span> <span class='ocrx_word' id='word_1_694' title='bbox 1824 332 1872 358; x_wconf 90' lang='lat' dir='ltr'>est</span> <span class='ocrx_word' id='word_1_695' title='bbox 1887 327 1921 358; x_wconf 91' lang='lat' dir='ltr'>in</span> <span class='ocrx_word' id='word_1_696' title='bbox 1937 328 2128 368; x_wconf 88' lang='lat' dir='ltr'>compositis</span> <span class='ocrx_word' id='word_1_697' title='bbox 2145 338 2183 359; x_wconf 83' lang='lat' dir='ltr'>ex</span> <span class='ocrx_word' id='word_1_698' title='bbox 2199 331 2332 362; x_wconf 89' lang='lat' dir='ltr'>materia</span> <span class='ocrx_word' id='word_1_699' title='bbox 2348 337 2380 362; x_wconf 90' lang='lat' dir='ltr'>et</span> <span class='ocrx_word' id='word_1_700' title='bbox 2396 330 2511 362; x_wconf 83' lang='lat' dir='ltr'>forma.</span> 
     </span>
     <span class='ocr_line' id='line_1_83' title="bbox 1434 368 2512 417; baseline 0.006 -18"><span class='ocrx_word' id='word_1_701' title='bbox 1434 368 1537 407; x_wconf 91' lang='lat' dir='ltr'>Quod</span> <span class='ocrx_word' id='word_1_702' title='bbox 1560 369 1736 409; x_wconf 88' lang='lat' dir='ltr'>explanans</span> <span class='ocrx_word' id='word_1_703' title='bbox 1759 370 1818 403; x_wconf 87' lang='lat' dir='ltr'>XII</span> <span class='ocrx_word' id='word_1_704' title='bbox 1841 372 1998 413; x_wconf 68' lang='lat' dir='ltr'>Metaph„</span> <span class='ocrx_word' id='word_1_705' title='bbox 2023 382 2146 404; x_wconf 87' lang='lat' dir='ltr'>comm.</span> <span class='ocrx_word' id='word_1_706' title='bbox 2169 373 2222 414; x_wconf 84' lang='lat'>39,</span> <span class='ocrx_word' id='word_1_707' title='bbox 2242 374 2286 405; x_wconf 91' lang='lat' dir='ltr'>ait</span> <span class='ocrx_word' id='word_1_708' title='bbox 2307 376 2399 417; x_wconf 85' lang='lat' dir='ltr'>quod</span> <span class='ocrx_word' id='word_1_709' title='bbox 2418 375 2512 407; x_wconf 89' lang='lat' dir='ltr'>intel-</span> 
     </span>
     <span class='ocr_line' id='line_1_84' title="bbox 1434 414 2512 462; baseline 0.007 -19"><span class='ocrx_word' id='word_1_710' title='bbox 1434 414 1567 450; x_wconf 91' lang='lat' dir='ltr'>lectum,</span> <span class='ocrx_word' id='word_1_711' title='bbox 1591 423 1668 444; x_wconf 91' lang='lat' dir='ltr'>cum</span> <span class='ocrx_word' id='word_1_712' title='bbox 1686 415 1884 456; x_wconf 82' lang='lat' dir='ltr'>intelligitus,</span> <span class='ocrx_word' id='word_1_713' title='bbox 1908 416 1945 447; x_wconf 87' lang='lat' dir='ltr'>fit</span> <span class='ocrx_word' id='word_1_714' title='bbox 1967 417 2055 448; x_wconf 88' lang='lat' dir='ltr'>idem</span> <span class='ocrx_word' id='word_1_715' title='bbox 2076 427 2152 449; x_wconf 91' lang='lat' dir='ltr'>cum</span> <span class='ocrx_word' id='word_1_716' title='bbox 2167 418 2350 457; x_wconf 78' lang='lat' dir='ltr'>intellectu3</span> <span class='ocrx_word' id='word_1_717' title='bbox 2370 427 2403 453; x_wconf 84' lang='lat' dir='ltr'>et</span> <span class='ocrx_word' id='word_1_718' title='bbox 2421 420 2512 462; x_wconf 88' lang='lat' dir='ltr'>quod</span> 
     </span>
     <span class='ocr_line' id='line_1_85' title="bbox 1434 458 2513 504; baseline 0.009 -16"><span class='ocrx_word' id='word_1_719' title='bbox 1434 458 1618 490; x_wconf 88' lang='lat' dir='ltr'>intellectus</span> <span class='ocrx_word' id='word_1_720' title='bbox 1635 463 1682 490; x_wconf 87' lang='lat' dir='ltr'>est</span> <span class='ocrx_word' id='word_1_721' title='bbox 1697 459 1778 491; x_wconf 90' lang='lat' dir='ltr'>illud</span> <span class='ocrx_word' id='word_1_722' title='bbox 1793 461 1886 501; x_wconf 88' lang='lat' dir='ltr'>quod</span> <span class='ocrx_word' id='word_1_723' title='bbox 1896 462 2101 503; x_wconf 85' lang='lat' dir='ltr'>intelligitur;</span> <span class='ocrx_word' id='word_1_724' title='bbox 2118 468 2150 494; x_wconf 89' lang='lat' dir='ltr'>et</span> <span class='ocrx_word' id='word_1_725' title='bbox 2165 469 2300 504; x_wconf 84' lang='lat' dir='ltr'>propter</span> <span class='ocrx_word' id='word_1_726' title='bbox 2314 465 2379 497; x_wconf 91' lang='lat' dir='ltr'>hoc</span> <span class='ocrx_word' id='word_1_727' title='bbox 2395 466 2513 499; x_wconf 81' lang='lat' dir='ltr'>dicitur</span> 
     </span>
     <span class='ocr_line' id='line_1_86' title="bbox 1434 502 2510 549; baseline 0.01 -16"><span class='ocrx_word' id='word_1_728' title='bbox 1434 502 1526 544; x_wconf 88' lang='lat' dir='ltr'>quod</span> <span class='ocrx_word' id='word_1_729' title='bbox 1547 503 1731 535; x_wconf 89' lang='lat' dir='ltr'>intellectus</span> <span class='ocrx_word' id='word_1_730' title='bbox 1747 512 1796 537; x_wconf 86' lang='lat' dir='ltr'>est</span> <span class='ocrx_word' id='word_1_731' title='bbox 1809 515 1860 538; x_wconf 86' lang='lat' dir='ltr'>res</span> <span class='ocrx_word' id='word_1_732' title='bbox 1875 507 2048 545; x_wconf 88' lang='lat' dir='ltr'>intellecta,</span> <span class='ocrx_word' id='word_1_733' title='bbox 2070 508 2171 549; x_wconf 89' lang='lat' dir='ltr'>quod,</span> <span class='ocrx_word' id='word_1_734' title='bbox 2193 518 2271 542; x_wconf 88' lang='lat' dir='ltr'>cum</span> <span class='ocrx_word' id='word_1_735' title='bbox 2289 511 2423 542; x_wconf 82' lang='lat' dir='ltr'>materia</span> <span class='ocrx_word' id='word_1_736' title='bbox 2442 520 2510 544; x_wconf 87' lang='lat' dir='ltr'>non</span> 
     </span>
     <span class='ocr_line' id='line_1_87' title="bbox 1434 546 2512 597; baseline 0.009 -20"><span class='ocrx_word' id='word_1_737' title='bbox 1434 548 1489 579; x_wconf 91' lang='lat' dir='ltr'>fiat</span> <span class='ocrx_word' id='word_1_738' title='bbox 1506 546 1611 579; x_wconf 88' lang='lat' dir='ltr'>forma</span> <span class='ocrx_word' id='word_1_739' title='bbox 1633 548 1690 579; x_wconf 89' lang='lat' dir='ltr'>sed</span> <span class='ocrx_word' id='word_1_740' title='bbox 1705 558 1745 580; x_wconf 83' lang='lat' dir='ltr'>ex</span> <span class='ocrx_word' id='word_1_741' title='bbox 1768 550 1814 581; x_wconf 87' lang='lat' dir='ltr'>eis</span> <span class='ocrx_word' id='word_1_742' title='bbox 1829 549 1886 582; x_wconf 85' lang='lat' dir='ltr'>fiat</span> <span class='ocrx_word' id='word_1_743' title='bbox 1900 551 2035 593; x_wconf 81' lang='lat' dir='ltr'>aliquod</span> <span class='ocrx_word' id='word_1_744' title='bbox 2050 554 2193 591; x_wconf 83' lang='lat' dir='ltr'>tertium,</span> <span class='ocrx_word' id='word_1_745' title='bbox 2212 560 2301 595; x_wconf 92' lang='lat' dir='ltr'>patet</span> <span class='ocrx_word' id='word_1_746' title='bbox 2323 555 2427 597; x_wconf 89' lang='lat' dir='ltr'>magis</span> <span class='ocrx_word' id='word_1_747' title='bbox 2442 555 2512 588; x_wconf 85' lang='lat' dir='ltr'>fieri</span> 
     </span>
     <span class='ocr_line' id='line_1_88' title="bbox 1434 593 2511 639; baseline 0.009 -17"><span class='ocrx_word' id='word_1_748' title='bbox 1434 602 1538 623; x_wconf 90' lang='lat' dir='ltr'>unum</span> <span class='ocrx_word' id='word_1_749' title='bbox 1555 602 1594 623; x_wconf 89' lang='lat' dir='ltr'>ex</span> <span class='ocrx_word' id='word_1_750' title='bbox 1609 593 1777 624; x_wconf 90' lang='lat' dir='ltr'>intellectu</span> <span class='ocrx_word' id='word_1_751' title='bbox 1791 600 1823 625; x_wconf 90' lang='lat' dir='ltr'>et</span> <span class='ocrx_word' id='word_1_752' title='bbox 1833 595 2026 637; x_wconf 83' lang='lat' dir='ltr'>intelligibili</span> <span class='ocrx_word' id='word_1_753' title='bbox 2038 607 2138 639; x_wconf 89' lang='lat' dir='ltr'>quam</span> <span class='ocrx_word' id='word_1_754' title='bbox 2149 609 2188 630; x_wconf 83' lang='lat' dir='ltr'>ex</span> <span class='ocrx_word' id='word_1_755' title='bbox 2199 600 2334 631; x_wconf 81' lang='lat' dir='ltr'>materia</span> <span class='ocrx_word' id='word_1_756' title='bbox 2349 605 2382 632; x_wconf 90' lang='lat' dir='ltr'>et</span> <span class='ocrx_word' id='word_1_757' title='bbox 2397 599 2511 633; x_wconf 83' lang='lat' dir='ltr'>forma.</span> 
     </span>
    </p>

    <p class='ocr_par' dir='ltr' id='par_1_15' title="bbox 1432 637 2514 987">
     <span class='ocr_line' id='line_1_89' title="bbox 1489 637 2512 680; baseline 0.008 -12"><span class='ocrx_word' id='word_1_758' title='bbox 1489 637 1591 675; x_wconf 90' lang='lat' dir='ltr'>Quod</span> <span class='ocrx_word' id='word_1_759' title='bbox 1613 637 1738 669; x_wconf 91' lang='lat' dir='ltr'>dictum</span> <span class='ocrx_word' id='word_1_760' title='bbox 1761 644 1810 670; x_wconf 87' lang='grc' dir='ltr'>εει</span> <span class='ocrx_word' id='word_1_761' title='bbox 1825 638 1866 670; x_wconf 93' lang='lat' dir='ltr'>de</span> <span class='ocrx_word' id='word_1_762' title='bbox 1887 641 2065 680; x_wconf 83' lang='lat' dir='ltr'>intellectu,</span> <span class='ocrx_word' id='word_1_763' title='bbox 2086 643 2264 676; x_wconf 87' lang='lat' dir='ltr'>dicendum</span> <span class='ocrx_word' id='word_1_764' title='bbox 2286 651 2335 676; x_wconf 90' lang='lat' dir='ltr'>est</span> <span class='ocrx_word' id='word_1_765' title='bbox 2358 646 2457 678; x_wconf 85' lang='lat' dir='ltr'>etiam</span> <span class='ocrx_word' id='word_1_766' title='bbox 2473 645 2512 676; x_wconf 94' lang='lat' dir='ltr'>de</span> 
     </span>
     <span class='ocr_line' id='line_1_90' title="bbox 1433 682 2514 731; baseline 0.01 -19"><span class='ocrx_word' id='word_1_767' title='bbox 1433 691 1540 713; x_wconf 89' lang='lat' dir='ltr'>sensu.</span> <span class='ocrx_word' id='word_1_768' title='bbox 1566 682 1653 720; x_wconf 88' lang='lat' dir='ltr'>Quia</span> <span class='ocrx_word' id='word_1_769' title='bbox 1676 683 1773 714; x_wconf 89' lang='lat' dir='ltr'>etiam</span> <span class='ocrx_word' id='word_1_770' title='bbox 1797 683 1902 717; x_wconf 82' lang='lat' dir='ltr'>forma</span> <span class='ocrx_word' id='word_1_771' title='bbox 1929 687 2067 719; x_wconf 86' lang='lat' dir='ltr'>existens</span> <span class='ocrx_word' id='word_1_772' title='bbox 2090 689 2124 720; x_wconf 89' lang='lat' dir='ltr'>in</span> <span class='ocrx_word' id='word_1_773' title='bbox 2148 699 2256 726; x_wconf 90' lang='lat' dir='ltr'>sensu,</span> <span class='ocrx_word' id='word_1_774' title='bbox 2273 699 2331 731; x_wconf 90' lang='lat' dir='ltr'>per</span> <span class='ocrx_word' id='word_1_775' title='bbox 2353 700 2454 731; x_wconf 85' lang='lat' dir='ltr'>quam</span> <span class='ocrx_word' id='word_1_776' title='bbox 2477 689 2514 723; x_wconf 86' lang='lat' dir='ltr'>fit</span> 
     </span>
     <span class='ocr_line' id='line_1_91' title="bbox 1433 727 2514 773; baseline 0.01 -16"><span class='ocrx_word' id='word_1_777' title='bbox 1433 737 1546 758; x_wconf 86' lang='lat' dir='ltr'>sensus</span> <span class='ocrx_word' id='word_1_778' title='bbox 1573 728 1608 758; x_wconf 88' lang='lat' dir='ltr'>in</span> <span class='ocrx_word' id='word_1_779' title='bbox 1631 733 1717 764; x_wconf 90' lang='lat' dir='ltr'>actu,</span> <span class='ocrx_word' id='word_1_780' title='bbox 1742 734 1774 760; x_wconf 89' lang='lat' dir='ltr'>et</span> <span class='ocrx_word' id='word_1_781' title='bbox 1802 727 1908 760; x_wconf 82' lang='lat' dir='ltr'>forma</span> <span class='ocrx_word' id='word_1_782' title='bbox 1934 731 1981 763; x_wconf 86' lang='lat' dir='ltr'>rei</span> <span class='ocrx_word' id='word_1_783' title='bbox 2011 739 2157 765; x_wconf 81' lang='lat' dir='ltr'>sensatae</span> <span class='ocrx_word' id='word_1_784' title='bbox 2187 740 2235 766; x_wconf 85' lang='lat' dir='ltr'>est</span> <span class='ocrx_word' id='word_1_785' title='bbox 2264 744 2340 773; x_wconf 88' lang='lat' dir='ltr'>una,</span> <span class='ocrx_word' id='word_1_786' title='bbox 2364 735 2514 768; x_wconf 83' lang='lat' dir='ltr'>distincta</span> 
     </span>
     <span class='ocr_line' id='line_1_92' title="bbox 1432 772 2513 817; baseline 0.009 -14"><span class='ocrx_word' id='word_1_787' title='bbox 1432 778 1560 805; x_wconf 88' lang='lat' dir='ltr'>tantum</span> <span class='ocrx_word' id='word_1_788' title='bbox 1571 772 1755 805; x_wconf 84' lang='lat' dir='ltr'>secundum</span> <span class='ocrx_word' id='word_1_789' title='bbox 1770 773 1914 807; x_wconf 86' lang='lat' dir='ltr'>diversos</span> <span class='ocrx_word' id='word_1_790' title='bbox 1929 775 2049 807; x_wconf 91' lang='lat' dir='ltr'>modos</span> <span class='ocrx_word' id='word_1_791' title='bbox 2065 778 2201 812; x_wconf 87' lang='lat' dir='ltr'>essendi.</span> <span class='ocrx_word' id='word_1_792' title='bbox 2218 779 2324 817; x_wconf 90' lang='lat' dir='ltr'>Unde,</span> <span class='ocrx_word' id='word_1_793' title='bbox 2340 781 2424 812; x_wconf 90' lang='lat' dir='ltr'>sicut</span> <span class='ocrx_word' id='word_1_794' title='bbox 2439 780 2513 812; x_wconf 88' lang='lat' dir='ltr'>Phi·</span> 
     </span>
     <span class='ocr_line' id='line_1_93' title="bbox 1432 817 2514 861; baseline 0.009 -13"><span class='ocrx_word' id='word_1_795' title='bbox 1432 818 1592 858; x_wconf 88' lang='lat' dir='ltr'>losophus</span> <span class='ocrx_word' id='word_1_796' title='bbox 1607 817 1648 850; x_wconf 89' lang='lat' dir='ltr'>de</span> <span class='ocrx_word' id='word_1_797' title='bbox 1671 818 1840 851; x_wconf 87' lang='lat' dir='ltr'>intellectu</span> <span class='ocrx_word' id='word_1_798' title='bbox 1863 820 1908 851; x_wconf 89' lang='lat' dir='ltr'>ait</span> <span class='ocrx_word' id='word_1_799' title='bbox 1929 819 2022 861; x_wconf 86' lang='lat' dir='ltr'>quod</span> <span class='ocrx_word' id='word_1_800' title='bbox 2044 821 2227 856; x_wconf 85' lang='lat' dir='ltr'>intellectus</span> <span class='ocrx_word' id='word_1_801' title='bbox 2243 825 2278 856; x_wconf 87' lang='lat' dir='ltr'>in</span> <span class='ocrx_word' id='word_1_802' title='bbox 2303 831 2377 858; x_wconf 85' lang='lat' dir='ltr'>actu</span> <span class='ocrx_word' id='word_1_803' title='bbox 2401 832 2450 858; x_wconf 89' lang='lat' dir='ltr'>est</span> <span class='ocrx_word' id='word_1_804' title='bbox 2464 826 2514 857; x_wconf 85' lang='lat' dir='ltr'>in·</span> 
     </span>
     <span class='ocr_line' id='line_1_94' title="bbox 1432 863 2514 907; baseline 0.009 -14"><span class='ocrx_word' id='word_1_805' title='bbox 1432 863 1599 894; x_wconf 89' lang='lat' dir='ltr'>tellectum</span> <span class='ocrx_word' id='word_1_806' title='bbox 1625 863 1659 894; x_wconf 91' lang='lat' dir='ltr'>in</span> <span class='ocrx_word' id='word_1_807' title='bbox 1685 869 1759 895; x_wconf 86' lang='lat' dir='ltr'>actu</span> <span class='ocrx_word' id='word_1_808' title='bbox 1787 869 1819 895; x_wconf 88' lang='lat' dir='ltr'>et</span> <span class='ocrx_word' id='word_1_809' title='bbox 1845 873 1863 896; x_wconf 91' lang='lat' dir='ltr'>e</span> <span class='ocrx_word' id='word_1_810' title='bbox 1891 873 2062 902; x_wconf 83' lang='lat' dir='ltr'>converse,</span> <span class='ocrx_word' id='word_1_811' title='bbox 2089 866 2133 898; x_wconf 92' lang='lat' dir='ltr'>ita</span> <span class='ocrx_word' id='word_1_812' title='bbox 2159 867 2201 899; x_wconf 88' lang='lat' dir='ltr'>de</span> <span class='ocrx_word' id='word_1_813' title='bbox 2229 874 2337 907; x_wconf 87' lang='lat' dir='ltr'>sensu,</span> <span class='ocrx_word' id='word_1_814' title='bbox 2364 871 2399 902; x_wconf 90' lang='lat' dir='ltr'>in</span> <span class='ocrx_word' id='word_1_815' title='bbox 2423 871 2450 902; x_wconf 91' lang='lat'>11</span> <span class='ocrx_word' id='word_1_816' title='bbox 2474 870 2514 902; x_wconf 84' lang='lat' dir='ltr'>de</span> 
     </span>
     <span class='ocr_line' id='line_1_95' title="bbox 1432 908 2514 954; baseline 0.01 -16"><span class='ocrx_word' id='word_1_817' title='bbox 1432 908 1551 938; x_wconf 86' lang='lat' dir='ltr'>Anima</span> <span class='ocrx_word' id='word_1_818' title='bbox 1564 908 1592 944; x_wconf 59' lang='lat'>³,</span> <span class='ocrx_word' id='word_1_819' title='bbox 1609 908 1653 938; x_wconf 90' lang='lat' dir='ltr'>ait</span> <span class='ocrx_word' id='word_1_820' title='bbox 1676 908 1768 949; x_wconf 89' lang='lat' dir='ltr'>quod</span> <span class='ocrx_word' id='word_1_821' title='bbox 1783 918 1898 941; x_wconf 90' lang='lat' dir='ltr'>sensus</span> <span class='ocrx_word' id='word_1_822' title='bbox 1920 909 1954 940; x_wconf 91' lang='lat' dir='ltr'>in</span> <span class='ocrx_word' id='word_1_823' title='bbox 1977 915 2052 941; x_wconf 92' lang='lat' dir='ltr'>actu</span> <span class='ocrx_word' id='word_1_824' title='bbox 2077 917 2125 942; x_wconf 91' lang='lat' dir='ltr'>est</span> <span class='ocrx_word' id='word_1_825' title='bbox 2148 913 2299 945; x_wconf 89' lang='lat' dir='ltr'>sensibile</span> <span class='ocrx_word' id='word_1_826' title='bbox 2321 915 2356 946; x_wconf 93' lang='lat' dir='ltr'>in</span> <span class='ocrx_word' id='word_1_827' title='bbox 2379 922 2465 954; x_wconf 87' lang='lat' dir='ltr'>actu,</span> <span class='ocrx_word' id='word_1_828' title='bbox 2482 922 2514 948; x_wconf 90' lang='lat' dir='ltr'>et</span> 
     </span>
     <span class='ocr_line' id='line_1_96' title="bbox 1432 953 2112 987; baseline 0.006 -4"><span class='ocrx_word' id='word_1_829' title='bbox 1432 953 1582 984; x_wconf 88' lang='lat' dir='ltr'>sensibile</span> <span class='ocrx_word' id='word_1_830' title='bbox 1605 953 1640 984; x_wconf 89' lang='lat' dir='ltr'>in</span> <span class='ocrx_word' id='word_1_831' title='bbox 1663 959 1738 985; x_wconf 90' lang='lat' dir='ltr'>actu</span> <span class='ocrx_word' id='word_1_832' title='bbox 1762 960 1811 987; x_wconf 89' lang='grc' dir='ltr'>εει</span> <span class='ocrx_word' id='word_1_833' title='bbox 1833 964 1947 987; x_wconf 86' lang='lat' dir='ltr'>sensus</span> <span class='ocrx_word' id='word_1_834' title='bbox 1969 955 2003 986; x_wconf 91' lang='lat' dir='ltr'>in</span> <span class='ocrx_word' id='word_1_835' title='bbox 2027 961 2112 987; x_wconf 88' lang='lat' dir='ltr'>actu.</span> 
     </span>
    </p>

    <p class='ocr_par' dir='ltr' id='par_1_16' title="bbox 1431 997 2515 1445">
     <span class='ocr_line' id='line_1_97' title="bbox 1488 997 2514 1040; baseline 0.009 -11"><span class='ocrx_word' id='word_1_836' title='bbox 1488 998 1572 1029; x_wconf 84' lang='lat' dir='ltr'><strong>XIV.</strong></span> <span class='ocrx_word' id='word_1_837' title='bbox 1602 997 1698 1030; x_wconf 87' lang='lat' dir='ltr'>Circa</span> <span class='ocrx_word' id='word_1_838' title='bbox 1728 999 1818 1031; x_wconf 90' lang='lat' dir='ltr'>illam</span> <span class='ocrx_word' id='word_1_839' title='bbox 1850 1000 2132 1040; x_wconf 82' lang='lat' dir='ltr'>consequentiam,</span> <span class='ocrx_word' id='word_1_840' title='bbox 2155 1001 2300 1034; x_wconf 82' lang='lat' dir='ltr'>Formae</span> <span class='ocrx_word' id='word_1_841' title='bbox 2332 1004 2514 1038; x_wconf 73' lang='lat' dir='ltr'>intellectae</span> 
     </span>
     <span class='ocr_line' id='line_1_98' title="bbox 1433 1043 2514 1090; baseline 0.007 -17"><span class='ocrx_word' id='word_1_842' title='bbox 1433 1043 1466 1073; x_wconf 88' lang='lat' dir='ltr'>in</span> <span class='ocrx_word' id='word_1_843' title='bbox 1490 1048 1566 1074; x_wconf 85' lang='lat' dir='ltr'>actu</span> <span class='ocrx_word' id='word_1_844' title='bbox 1579 1043 1675 1085; x_wconf 83' lang='lat' dir='ltr'>fiunt</span> <span class='ocrx_word' id='word_1_845' title='bbox 1697 1053 1799 1076; x_wconf 81' lang='lat' dir='ltr'>unum</span> <span class='ocrx_word' id='word_1_846' title='bbox 1815 1054 1888 1075; x_wconf 84' lang='lat' dir='ltr'>cum</span> <span class='ocrx_word' id='word_1_847' title='bbox 1905 1045 2109 1087; x_wconf 76' lang='lat' dir='ltr'>intelligente</span> <span class='ocrx_word' id='word_1_848' title='bbox 2130 1046 2164 1077; x_wconf 88' lang='lat' dir='ltr'>in</span> <span class='ocrx_word' id='word_1_849' title='bbox 2188 1052 2275 1079; x_wconf 83' lang='lat' dir='ltr'>actu.</span> <span class='ocrx_word' id='word_1_850' title='bbox 2291 1048 2400 1090; x_wconf 83' lang='lat' dir='ltr'>Ergo,</span> <span class='ocrx_word' id='word_1_851' title='bbox 2423 1050 2453 1081; x_wconf 86' lang='lat' dir='ltr'>si</span> <span class='ocrx_word' id='word_1_852' title='bbox 2471 1060 2514 1082; x_wconf 75' lang='lat' dir='ltr'>ex</span> 
     </span>
     <span class='ocr_line' id='line_1_99' title="bbox 1431 1088 2515 1133; baseline 0.008 -15"><span class='ocrx_word' id='word_1_853' title='bbox 1431 1088 1494 1119; x_wconf 78' lang='lat' dir='ltr'>hoe</span> <span class='ocrx_word' id='word_1_854' title='bbox 1507 1089 1648 1130; x_wconf 83' lang='lat' dir='ltr'>formae</span> <span class='ocrx_word' id='word_1_855' title='bbox 1669 1094 1748 1120; x_wconf 81' lang='lat' dir='ltr'>sunt</span> <span class='ocrx_word' id='word_1_856' title='bbox 1770 1089 1954 1121; x_wconf 78' lang='lat' dir='ltr'>intellectae</span> <span class='ocrx_word' id='word_1_857' title='bbox 1970 1090 2004 1121; x_wconf 88' lang='lat' dir='ltr'>in</span> <span class='ocrx_word' id='word_1_858' title='bbox 2026 1096 2102 1122; x_wconf 85' lang='lat' dir='ltr'>actu</span> <span class='ocrx_word' id='word_1_859' title='bbox 2120 1091 2210 1133; x_wconf 83' lang='lat' dir='ltr'>quod</span> <span class='ocrx_word' id='word_1_860' title='bbox 2230 1098 2309 1124; x_wconf 87' lang='lat' dir='ltr'>sunt</span> <span class='ocrx_word' id='word_1_861' title='bbox 2331 1094 2515 1127; x_wconf 82' lang='lat' dir='ltr'>abstractae</span> 
     </span>
     <span class='ocr_line' id='line_1_100' title="bbox 1432 1133 2515 1179; baseline 0.008 -16"><span class='ocrx_word' id='word_1_862' title='bbox 1432 1143 1452 1164; x_wconf 90' lang='lat' dir='ltr'>a</span> <span class='ocrx_word' id='word_1_863' title='bbox 1476 1133 1626 1170; x_wconf 86' lang='lat' dir='ltr'>materia,</span> <span class='ocrx_word' id='word_1_864' title='bbox 1644 1139 1775 1175; x_wconf 79' lang='lat' dir='ltr'>oportet</span> <span class='ocrx_word' id='word_1_865' title='bbox 1797 1145 1865 1166; x_wconf 89' lang='lat' dir='ltr'>rem</span> <span class='ocrx_word' id='word_1_866' title='bbox 1888 1135 2035 1176; x_wconf 83' lang='lat' dir='ltr'>aliquam</span> <span class='ocrx_word' id='word_1_867' title='bbox 2051 1145 2120 1167; x_wconf 85' lang='lat' dir='ltr'>esse</span> <span class='ocrx_word' id='word_1_868' title='bbox 2135 1136 2371 1179; x_wconf 76' lang='lat' dir='ltr'>intelligentem</span> <span class='ocrx_word' id='word_1_869' title='bbox 2387 1149 2430 1170; x_wconf 85' lang='lat' dir='ltr'>ex</span> <span class='ocrx_word' id='word_1_870' title='bbox 2452 1140 2515 1172; x_wconf 79' lang='grc' dir='ltr'><strong>Ιιοε</strong></span> 
     </span>
     <span class='ocr_line' id='line_1_101' title="bbox 1431 1178 2514 1226; baseline 0.007 -17"><span class='ocrx_word' id='word_1_871' title='bbox 1431 1178 1520 1220; x_wconf 81' lang='lat' dir='ltr'>quod</span> <span class='ocrx_word' id='word_1_872' title='bbox 1542 1184 1591 1210; x_wconf 83' lang='lat' dir='ltr'>est</span> <span class='ocrx_word' id='word_1_873' title='bbox 1612 1179 1779 1211; x_wconf 79' lang='lat' dir='ltr'>abstracta</span> <span class='ocrx_word' id='word_1_874' title='bbox 1801 1190 1822 1211; x_wconf 89' lang='lat' dir='ltr'>a</span> <span class='ocrx_word' id='word_1_875' title='bbox 1846 1181 1997 1217; x_wconf 85' lang='lat' dir='ltr'>materia,</span> <span class='ocrx_word' id='word_1_876' title='bbox 2020 1180 2196 1213; x_wconf 86' lang='lat' dir='ltr'>dubitatur.</span> <span class='ocrx_word' id='word_1_877' title='bbox 2220 1182 2358 1215; x_wconf 85' lang='lat' dir='ltr'>Videtur</span> <span class='ocrx_word' id='word_1_878' title='bbox 2379 1185 2514 1226; x_wconf 87' lang='lat' dir='ltr'>quidem</span> 
     </span>
     <span class='ocr_line' id='line_1_102' title="bbox 1432 1224 2513 1272; baseline 0.007 -18"><span class='ocrx_word' id='word_1_879' title='bbox 1432 1224 1525 1265; x_wconf 88' lang='lat' dir='ltr'>sequi</span> <span class='ocrx_word' id='word_1_880' title='bbox 1545 1229 1698 1265; x_wconf 89' lang='lat' dir='ltr'>oportere</span> <span class='ocrx_word' id='word_1_881' title='bbox 1713 1224 1916 1257; x_wconf 89' lang='lat' dir='ltr'>intellectum</span> <span class='ocrx_word' id='word_1_882' title='bbox 1932 1235 2002 1257; x_wconf 91' lang='lat' dir='ltr'>esse</span> <span class='ocrx_word' id='word_1_883' title='bbox 2019 1226 2279 1266; x_wconf 71' lang='lat' dir='ltr'>immaterialem,</span> <span class='ocrx_word' id='word_1_884' title='bbox 2298 1238 2336 1260; x_wconf 84' lang='lat' dir='ltr'>ex</span> <span class='ocrx_word' id='word_1_885' title='bbox 2353 1239 2394 1261; x_wconf 92' lang='lat' dir='ltr'>eo</span> <span class='ocrx_word' id='word_1_886' title='bbox 2410 1230 2513 1272; x_wconf 88' lang='lat' dir='ltr'>quod,</span> 
     </span>
     <span class='ocr_line' id='line_1_103' title="bbox 1432 1269 2515 1314; baseline 0.006 -14"><span class='ocrx_word' id='word_1_887' title='bbox 1432 1269 1473 1301; x_wconf 87' lang='lat' dir='ltr'>ad</span> <span class='ocrx_word' id='word_1_888' title='bbox 1495 1269 1561 1300; x_wconf 88' lang='lat' dir='ltr'>hoc</span> <span class='ocrx_word' id='word_1_889' title='bbox 1591 1274 1627 1300; x_wconf 92' lang='lat' dir='ltr'>ut</span> <span class='ocrx_word' id='word_1_890' title='bbox 1655 1269 1779 1310; x_wconf 91' lang='lat' dir='ltr'>aliquid</span> <span class='ocrx_word' id='word_1_891' title='bbox 1807 1271 1847 1301; x_wconf 89' lang='lat' dir='ltr'>sit</span> <span class='ocrx_word' id='word_1_892' title='bbox 1875 1276 1951 1303; x_wconf 83' lang='lat' dir='ltr'>actu</span> <span class='ocrx_word' id='word_1_893' title='bbox 1978 1271 2193 1308; x_wconf 90' lang='lat' dir='ltr'>intellectum,</span> <span class='ocrx_word' id='word_1_894' title='bbox 2218 1279 2349 1314; x_wconf 87' lang='lat' dir='ltr'>oportet</span> <span class='ocrx_word' id='word_1_895' title='bbox 2373 1281 2409 1306; x_wconf 92' lang='lat' dir='ltr'>ut</span> <span class='ocrx_word' id='word_1_896' title='bbox 2431 1276 2473 1307; x_wconf 89' lang='lat' dir='ltr'>sit</span> <span class='ocrx_word' id='word_1_897' title='bbox 2495 1286 2515 1307; x_wconf 89' lang='lat' dir='ltr'>a</span> 
     </span>
     <span class='ocr_line' id='line_1_104' title="bbox 1432 1315 2514 1357; baseline 0.006 -12"><span class='ocrx_word' id='word_1_898' title='bbox 1432 1315 1565 1346; x_wconf 86' lang='lat' dir='ltr'>materia</span> <span class='ocrx_word' id='word_1_899' title='bbox 1588 1315 1799 1347; x_wconf 84' lang='lat' dir='ltr'>abstractum:</span> <span class='ocrx_word' id='word_1_900' title='bbox 1823 1325 1893 1347; x_wconf 92' lang='lat' dir='ltr'>non</span> <span class='ocrx_word' id='word_1_901' title='bbox 1923 1321 2032 1348; x_wconf 88' lang='lat' dir='ltr'>tamen</span> <span class='ocrx_word' id='word_1_902' title='bbox 2062 1316 2154 1357; x_wconf 89' lang='lat' dir='ltr'>quod</span> <span class='ocrx_word' id='word_1_903' title='bbox 2182 1326 2222 1348; x_wconf 89' lang='lat' dir='ltr'>ex</span> <span class='ocrx_word' id='word_1_904' title='bbox 2243 1318 2514 1352; x_wconf 78' lang='lat' dir='ltr'>immaterialitate</span> 
     </span>
     <span class='ocr_line' id='line_1_105' title="bbox 1432 1360 2514 1403; baseline 0.008 -14"><span class='ocrx_word' id='word_1_905' title='bbox 1432 1360 1548 1390; x_wconf 89' lang='lat' dir='ltr'>habeat</span> <span class='ocrx_word' id='word_1_906' title='bbox 1571 1365 1607 1390; x_wconf 93' lang='lat' dir='ltr'>ut</span> <span class='ocrx_word' id='word_1_907' title='bbox 1630 1360 1670 1390; x_wconf 91' lang='lat' dir='ltr'>sit</span> <span class='ocrx_word' id='word_1_908' title='bbox 1693 1360 1887 1401; x_wconf 56' lang='lat' dir='ltr'>intelligenti,</span> <span class='ocrx_word' id='word_1_909' title='bbox 1911 1362 2004 1402; x_wconf 86' lang='lat' dir='ltr'>quasi</span> <span class='ocrx_word' id='word_1_910' title='bbox 2028 1370 2127 1393; x_wconf 88' lang='lat' dir='ltr'>omne</span> <span class='ocrx_word' id='word_1_911' title='bbox 2151 1362 2243 1403; x_wconf 84' lang='lat' dir='ltr'>quod</span> <span class='ocrx_word' id='word_1_912' title='bbox 2267 1370 2354 1396; x_wconf 83' lang='lat' dir='ltr'>caret</span> <span class='ocrx_word' id='word_1_913' title='bbox 2379 1366 2514 1398; x_wconf 81' lang='lat' dir='ltr'>materia</span> 
     </span>
     <span class='ocr_line' id='line_1_106' title="bbox 1432 1404 1690 1445; baseline 0 -9"><span class='ocrx_word' id='word_1_914' title='bbox 1432 1405 1473 1437; x_wconf 89' lang='lat' dir='ltr'>sit</span> <span class='ocrx_word' id='word_1_915' title='bbox 1495 1404 1690 1445; x_wconf 87' lang='lat' dir='ltr'>intelligens.</span> 
     </span>
    </p>

    <p class='ocr_par' dir='ltr' id='par_1_17' title="bbox 1428 1449 2515 3206">
     <span class='ocr_line' id='line_1_107' title="bbox 1488 1449 2514 1497; baseline 0.007 -17"><span class='ocrx_word' id='word_1_916' title='bbox 1488 1449 1540 1480; x_wconf 81' lang='lat' dir='ltr'>Ad</span> <span class='ocrx_word' id='word_1_917' title='bbox 1564 1450 1661 1481; x_wconf 86' lang='lat' dir='ltr'>huius</span> <span class='ocrx_word' id='word_1_918' title='bbox 1685 1450 1881 1483; x_wconf 88' lang='lat' dir='ltr'>evidentiam</span> <span class='ocrx_word' id='word_1_919' title='bbox 1900 1450 2148 1492; x_wconf 88' lang='lat' dir='ltr'>intelligendum</span> <span class='ocrx_word' id='word_1_920' title='bbox 2172 1458 2221 1484; x_wconf 84' lang='lat' dir='ltr'>est</span> <span class='ocrx_word' id='word_1_921' title='bbox 2242 1453 2335 1494; x_wconf 89' lang='lat' dir='ltr'>quod</span> <span class='ocrx_word' id='word_1_922' title='bbox 2357 1455 2418 1487; x_wconf 88' lang='lat' dir='ltr'>iste</span> <span class='ocrx_word' id='word_1_923' title='bbox 2435 1464 2514 1497; x_wconf 86' lang='lat' dir='ltr'>pro-</span> 
     </span>
     <span class='ocr_line' id='line_1_108' title="bbox 1433 1494 2515 1542; baseline 0.006 -17"><span class='ocrx_word' id='word_1_924' title='bbox 1433 1504 1542 1526; x_wconf 88' lang='lat' dir='ltr'>cessus</span> <span class='ocrx_word' id='word_1_925' title='bbox 1566 1494 1676 1526; x_wconf 84' lang='lat' dir='ltr'>Sancti</span> <span class='ocrx_word' id='word_1_926' title='bbox 1692 1495 1842 1527; x_wconf 85' lang='lat' dir='ltr'>Thomae</span> <span class='ocrx_word' id='word_1_927' title='bbox 1865 1506 1886 1527; x_wconf 88' lang='lat' dir='ltr'>a</span> <span class='ocrx_word' id='word_1_928' title='bbox 1901 1496 2000 1538; x_wconf 84' lang='lat' dir='ltr'>signo</span> <span class='ocrx_word' id='word_1_929' title='bbox 2017 1502 2075 1533; x_wconf 88' lang='lat' dir='ltr'>est,</span> <span class='ocrx_word' id='word_1_930' title='bbox 2092 1503 2129 1528; x_wconf 91' lang='lat' dir='ltr'>ut</span> <span class='ocrx_word' id='word_1_931' title='bbox 2150 1497 2290 1538; x_wconf 88' lang='lat' dir='ltr'>ipsemet</span> <span class='ocrx_word' id='word_1_932' title='bbox 2312 1498 2404 1531; x_wconf 88' lang='lat' dir='ltr'>dicit:</span> <span class='ocrx_word' id='word_1_933' title='bbox 2422 1499 2515 1542; x_wconf 84' lang='lat' dir='ltr'>quod</span> 
     </span>
     <span class='ocr_line' id='line_1_109' title="bbox 1433 1540 2515 1582; baseline 0.007 -12"><span class='ocrx_word' id='word_1_934' title='bbox 1433 1540 1522 1571; x_wconf 89' lang='lat' dir='ltr'>enim</span> <span class='ocrx_word' id='word_1_935' title='bbox 1545 1545 1706 1581; x_wconf 88' lang='lat' dir='ltr'>oporteat,</span> <span class='ocrx_word' id='word_1_936' title='bbox 1723 1541 1749 1572; x_wconf 91' lang='lat' dir='ltr'>si</span> <span class='ocrx_word' id='word_1_937' title='bbox 1764 1541 1887 1582; x_wconf 87' lang='lat' dir='ltr'>aliquid</span> <span class='ocrx_word' id='word_1_938' title='bbox 1910 1540 2027 1573; x_wconf 84' lang='lat' dir='ltr'>debeat</span> <span class='ocrx_word' id='word_1_939' title='bbox 2050 1542 2135 1574; x_wconf 89' lang='lat' dir='ltr'>uniri</span> <span class='ocrx_word' id='word_1_940' title='bbox 2157 1543 2337 1576; x_wconf 88' lang='lat' dir='ltr'>intellectui</span> <span class='ocrx_word' id='word_1_941' title='bbox 2360 1550 2393 1576; x_wconf 90' lang='lat' dir='ltr'>et</span> <span class='ocrx_word' id='word_1_942' title='bbox 2407 1544 2515 1578; x_wconf 74' lang='lat' dir='ltr'>facere</span> 
     </span>
     <span class='ocr_line' id='line_1_110' title="bbox 1433 1586 2514 1629; baseline 0.006 -14"><span class='ocrx_word' id='word_1_943' title='bbox 1433 1594 1538 1616; x_wconf 91' lang='lat' dir='ltr'>unum</span> <span class='ocrx_word' id='word_1_944' title='bbox 1562 1594 1639 1616; x_wconf 90' lang='lat' dir='ltr'>cum</span> <span class='ocrx_word' id='word_1_945' title='bbox 1657 1586 1742 1627; x_wconf 81' lang='lat' dir='ltr'>ipse,</span> <span class='ocrx_word' id='word_1_946' title='bbox 1759 1591 1796 1618; x_wconf 89' lang='lat' dir='ltr'>ut</span> <span class='ocrx_word' id='word_1_947' title='bbox 1819 1596 1838 1617; x_wconf 86' lang='lat' dir='ltr'>a</span> <span class='ocrx_word' id='word_1_948' title='bbox 1859 1587 1992 1618; x_wconf 85' lang='lat' dir='ltr'>materia</span> <span class='ocrx_word' id='word_1_949' title='bbox 2016 1587 2226 1624; x_wconf 85' lang='lat' dir='ltr'>abstrahatur,</span> <span class='ocrx_word' id='word_1_950' title='bbox 2250 1588 2380 1629; x_wconf 88' lang='lat' dir='ltr'>signum</span> <span class='ocrx_word' id='word_1_951' title='bbox 2403 1595 2452 1623; x_wconf 83' lang='grc' dir='ltr'>εει</span> <span class='ocrx_word' id='word_1_952' title='bbox 2473 1600 2514 1622; x_wconf 82' lang='lat' dir='ltr'>ex</span> 
     </span>
     <span class='ocr_line' id='line_1_111' title="bbox 1433 1629 2515 1673; baseline 0.007 -13"><span class='ocrx_word' id='word_1_953' title='bbox 1433 1630 1496 1661; x_wconf 89' lang='lat' dir='ltr'>hoc</span> <span class='ocrx_word' id='word_1_954' title='bbox 1520 1629 1664 1672; x_wconf 87' lang='lat' dir='ltr'>aliquem</span> <span class='ocrx_word' id='word_1_955' title='bbox 1687 1640 1757 1662; x_wconf 88' lang='lat' dir='ltr'>esse</span> <span class='ocrx_word' id='word_1_956' title='bbox 1779 1631 2015 1672; x_wconf 78' lang='lat' dir='ltr'>intelligentem</span> <span class='ocrx_word' id='word_1_957' title='bbox 2039 1632 2132 1673; x_wconf 90' lang='lat' dir='ltr'>quod</span> <span class='ocrx_word' id='word_1_958' title='bbox 2158 1634 2293 1665; x_wconf 86' lang='lat' dir='ltr'>materia</span> <span class='ocrx_word' id='word_1_959' title='bbox 2316 1641 2414 1667; x_wconf 87' lang='lat' dir='ltr'>caret.</span> <span class='ocrx_word' id='word_1_960' title='bbox 2437 1635 2515 1668; x_wconf 87' lang='lat' dir='ltr'>Hoc</span> 
     </span>
     <span class='ocr_line' id='line_1_112' title="bbox 1434 1675 2515 1723; baseline 0.006 -18"><span class='ocrx_word' id='word_1_961' title='bbox 1434 1680 1543 1706; x_wconf 86' lang='lat' dir='ltr'>autem</span> <span class='ocrx_word' id='word_1_962' title='bbox 1567 1675 1613 1706; x_wconf 88' lang='lat' dir='ltr'>sic</span> <span class='ocrx_word' id='word_1_963' title='bbox 1637 1685 1813 1716; x_wconf 87' lang='lat' dir='ltr'>possumus</span> <span class='ocrx_word' id='word_1_964' title='bbox 1835 1676 2024 1717; x_wconf 86' lang='lat' dir='ltr'>intelligere.</span> <span class='ocrx_word' id='word_1_965' title='bbox 2055 1677 2140 1709; x_wconf 87' lang='lat' dir='ltr'>Nam</span> <span class='ocrx_word' id='word_1_966' title='bbox 2169 1678 2372 1719; x_wconf 83' lang='lat' dir='ltr'>intelligibile</span> <span class='ocrx_word' id='word_1_967' title='bbox 2388 1681 2429 1712; x_wconf 88' lang='lat' dir='ltr'>in</span> <span class='ocrx_word' id='word_1_968' title='bbox 2451 1690 2515 1723; x_wconf 87' lang='lat' dir='ltr'>po—</span> 
     </span>
     <span class='ocr_line' id='line_1_113' title="bbox 1433 1720 2514 1763; baseline 0.007 -13"><span class='ocrx_word' id='word_1_969' title='bbox 1433 1720 1544 1756; x_wconf 86' lang='lat' dir='ltr'>tentia,</span> <span class='ocrx_word' id='word_1_970' title='bbox 1568 1729 1627 1761; x_wconf 89' lang='lat' dir='ltr'>per</span> <span class='ocrx_word' id='word_1_971' title='bbox 1649 1721 1714 1752; x_wconf 90' lang='lat' dir='ltr'>hoc</span> <span class='ocrx_word' id='word_1_972' title='bbox 1737 1721 1830 1762; x_wconf 92' lang='lat' dir='ltr'>quod</span> <span class='ocrx_word' id='word_1_973' title='bbox 1853 1721 1890 1753; x_wconf 89' lang='lat' dir='ltr'>fit</span> <span class='ocrx_word' id='word_1_974' title='bbox 1918 1722 2129 1763; x_wconf 36' lang='lat' dir='ltr'>intelligibile*</span> <span class='ocrx_word' id='word_1_975' title='bbox 2143 1722 2178 1754; x_wconf 90' lang='lat' dir='ltr'>in</span> <span class='ocrx_word' id='word_1_976' title='bbox 2204 1729 2290 1761; x_wconf 87' lang='lat' dir='ltr'>actu,</span> <span class='ocrx_word' id='word_1_977' title='bbox 2314 1725 2451 1757; x_wconf 86' lang='lat' dir='ltr'>trahitur</span> <span class='ocrx_word' id='word_1_978' title='bbox 2472 1725 2514 1758; x_wconf 83' lang='lat' dir='ltr'>ad</span> 
     </span>
     <span class='ocr_line' id='line_1_114' title="bbox 1434 1765 2515 1809; baseline 0.007 -14"><span class='ocrx_word' id='word_1_979' title='bbox 1434 1765 1636 1805; x_wconf 89' lang='lat' dir='ltr'>superiorem</span> <span class='ocrx_word' id='word_1_980' title='bbox 1667 1765 1833 1807; x_wconf 87' lang='lat' dir='ltr'>quendam</span> <span class='ocrx_word' id='word_1_981' title='bbox 1865 1766 2026 1805; x_wconf 87' lang='lat' dir='ltr'>ordinem,</span> <span class='ocrx_word' id='word_1_982' title='bbox 2058 1768 2116 1809; x_wconf 89' lang='lat' dir='ltr'>qui</span> <span class='ocrx_word' id='word_1_983' title='bbox 2145 1768 2398 1809; x_wconf 82' lang='lat' dir='ltr'>intelligibilium</span> <span class='ocrx_word' id='word_1_984' title='bbox 2429 1770 2515 1803; x_wconf 76' lang='lat' dir='ltr'>ordo</span> 
     </span>
     <span class='ocr_line' id='line_1_115' title="bbox 1434 1809 2514 1855; baseline 0.007 -15"><span class='ocrx_word' id='word_1_985' title='bbox 1434 1809 1559 1846; x_wconf 87' lang='lat' dir='ltr'>dicitur,</span> <span class='ocrx_word' id='word_1_986' title='bbox 1583 1811 1618 1842; x_wconf 92' lang='lat' dir='ltr'>in</span> <span class='ocrx_word' id='word_1_987' title='bbox 1642 1819 1711 1851; x_wconf 91' lang='lat' dir='ltr'>quo</span> <span class='ocrx_word' id='word_1_988' title='bbox 1728 1810 1842 1843; x_wconf 90' lang='lat' dir='ltr'>ordine</span> <span class='ocrx_word' id='word_1_989' title='bbox 1858 1811 2072 1844; x_wconf 86' lang='lat' dir='ltr'>includuntur</span> <span class='ocrx_word' id='word_1_990' title='bbox 2086 1818 2119 1844; x_wconf 90' lang='lat' dir='ltr'>et</span> <span class='ocrx_word' id='word_1_991' title='bbox 2133 1813 2347 1855; x_wconf 81' lang='lat' dir='ltr'>intelligentia</span> <span class='ocrx_word' id='word_1_992' title='bbox 2364 1821 2397 1847; x_wconf 90' lang='lat' dir='ltr'>et</span> <span class='ocrx_word' id='word_1_993' title='bbox 2419 1817 2514 1848; x_wconf 80' lang='lat' dir='ltr'>intel-</span> 
     </span>
     <span class='ocr_line' id='line_1_116' title="bbox 1433 1854 2514 1899; baseline 0.008 -14"><span class='ocrx_word' id='word_1_994' title='bbox 1433 1854 1582 1894; x_wconf 75' lang='lat' dir='ltr'>ligibilia3</span> <span class='ocrx_word' id='word_1_995' title='bbox 1599 1861 1631 1886; x_wconf 90' lang='lat' dir='ltr'>et</span> <span class='ocrx_word' id='word_1_996' title='bbox 1654 1855 1843 1897; x_wconf 26' lang='lat' dir='ltr'>intelligens,</span> <span class='ocrx_word' id='word_1_997' title='bbox 1853 1855 1890 1888; x_wconf 90' lang='lat' dir='ltr'>fit</span> <span class='ocrx_word' id='word_1_998' title='bbox 1912 1857 2022 1898; x_wconf 91' lang='lat' dir='ltr'>ipsum</span> <span class='ocrx_word' id='word_1_999' title='bbox 2044 1858 2258 1899; x_wconf 83' lang='lat' dir='ltr'>intelligibile,</span> <span class='ocrx_word' id='word_1_1000' title='bbox 2283 1860 2368 1892; x_wconf 81' lang='lat' dir='ltr'>sicut</span> <span class='ocrx_word' id='word_1_1001' title='bbox 2389 1861 2514 1894; x_wconf 80' lang='lat' dir='ltr'>habens</span> 
     </span>
     <span class='ocr_line' id='line_1_117' title="bbox 1433 1898 2515 1947; baseline 0.008 -17"><span class='ocrx_word' id='word_1_1002' title='bbox 1433 1898 1648 1939; x_wconf 86' lang='lat' dir='ltr'>quidditatem</span> <span class='ocrx_word' id='word_1_1003' title='bbox 1664 1907 1713 1932; x_wconf 88' lang='lat' dir='ltr'>est</span> <span class='ocrx_word' id='word_1_1004' title='bbox 1727 1901 1839 1942; x_wconf 87' lang='lat' dir='ltr'>aliquo</span> <span class='ocrx_word' id='word_1_1005' title='bbox 1855 1901 1958 1933; x_wconf 92' lang='lat' dir='ltr'>modo</span> <span class='ocrx_word' id='word_1_1006' title='bbox 1973 1903 2044 1943; x_wconf 84' lang='lat' dir='ltr'>ipsa</span> <span class='ocrx_word' id='word_1_1007' title='bbox 2059 1902 2238 1944; x_wconf 81' lang='lat' dir='ltr'>quidditas;</span> <span class='ocrx_word' id='word_1_1008' title='bbox 2257 1910 2291 1935; x_wconf 93' lang='lat' dir='ltr'>et</span> <span class='ocrx_word' id='word_1_1009' title='bbox 2312 1905 2515 1947; x_wconf 77' lang='lat' dir='ltr'>intelligibile</span> 
     </span>
     <span class='ocr_line' id='line_1_118' title="bbox 1433 1943 2515 1993; baseline 0.009 -19"><span class='ocrx_word' id='word_1_1010' title='bbox 1433 1943 1469 1975; x_wconf 86' lang='lat' dir='ltr'>fit</span> <span class='ocrx_word' id='word_1_1011' title='bbox 1484 1945 1593 1987; x_wconf 87' lang='lat' dir='ltr'>ipsum</span> <span class='ocrx_word' id='word_1_1012' title='bbox 1609 1945 1802 1987; x_wconf 85' lang='lat' dir='ltr'>intelligens,</span> <span class='ocrx_word' id='word_1_1013' title='bbox 1815 1947 1900 1978; x_wconf 86' lang='lat' dir='ltr'>sicut</span> <span class='ocrx_word' id='word_1_1014' title='bbox 1915 1946 2078 1988; x_wconf 83' lang='lat' dir='ltr'>quidditas</span> <span class='ocrx_word' id='word_1_1015' title='bbox 2094 1954 2142 1979; x_wconf 89' lang='lat' dir='ltr'>est</span> <span class='ocrx_word' id='word_1_1016' title='bbox 2157 1948 2269 1989; x_wconf 86' lang='lat' dir='ltr'>aliquo</span> <span class='ocrx_word' id='word_1_1017' title='bbox 2285 1949 2389 1982; x_wconf 79' lang='lat' dir='ltr'>modo</span> <span class='ocrx_word' id='word_1_1018' title='bbox 2403 1951 2515 1993; x_wconf 77' lang='lat' dir='ltr'>ipsum</span> 
     </span>
     <span class='ocr_line' id='line_1_119' title="bbox 1431 1989 2514 2039; baseline 0.008 -19"><span class='ocrx_word' id='word_1_1019' title='bbox 1431 1989 1555 2020; x_wconf 87' lang='lat' dir='ltr'>habens</span> <span class='ocrx_word' id='word_1_1020' title='bbox 1579 1989 1805 2030; x_wconf 88' lang='lat' dir='ltr'>quidditatem.</span> <span class='ocrx_word' id='word_1_1021' title='bbox 1829 1991 1932 2030; x_wconf 89' lang='lat' dir='ltr'>Quod</span> <span class='ocrx_word' id='word_1_1022' title='bbox 1946 1998 2057 2024; x_wconf 88' lang='lat' dir='ltr'>autem</span> <span class='ocrx_word' id='word_1_1023' title='bbox 2073 2002 2179 2024; x_wconf 88' lang='lat' dir='ltr'>unum</span> <span class='ocrx_word' id='word_1_1024' title='bbox 2201 1994 2346 2026; x_wconf 87' lang='lat' dir='ltr'>trahatur</span> <span class='ocrx_word' id='word_1_1025' title='bbox 2359 1995 2401 2028; x_wconf 88' lang='lat' dir='ltr'>ad</span> <span class='ocrx_word' id='word_1_1026' title='bbox 2415 2006 2514 2039; x_wconf 81' lang='lat' dir='ltr'>supe-</span> 
     </span>
     <span class='ocr_line' id='line_1_120' title="bbox 1432 2034 2515 2081; baseline 0.008 -16"><span class='ocrx_word' id='word_1_1027' title='bbox 1432 2034 1551 2066; x_wconf 89' lang='lat' dir='ltr'>riorem</span> <span class='ocrx_word' id='word_1_1028' title='bbox 1576 2034 1720 2076; x_wconf 84' lang='lat' dir='ltr'>aliquem</span> <span class='ocrx_word' id='word_1_1029' title='bbox 1743 2035 1905 2074; x_wconf 88' lang='lat' dir='ltr'>ordinem,</span> <span class='ocrx_word' id='word_1_1030' title='bbox 1921 2047 1991 2068; x_wconf 90' lang='lat' dir='ltr'>non</span> <span class='ocrx_word' id='word_1_1031' title='bbox 2007 2043 2056 2069; x_wconf 87' lang='lat' dir='ltr'>est</span> <span class='ocrx_word' id='word_1_1032' title='bbox 2070 2038 2132 2070; x_wconf 85' lang='lat' dir='ltr'>nisi</span> <span class='ocrx_word' id='word_1_1033' title='bbox 2156 2039 2234 2080; x_wconf 90' lang='lat' dir='ltr'>quia</span> <span class='ocrx_word' id='word_1_1034' title='bbox 2257 2040 2375 2081; x_wconf 85' lang='lat' dir='ltr'>accipit</span> <span class='ocrx_word' id='word_1_1035' title='bbox 2398 2041 2515 2075; x_wconf 85' lang='lat' dir='ltr'>condi-</span> 
     </span>
     <span class='ocr_line' id='line_1_121' title="bbox 1431 2079 2513 2124; baseline 0.008 -14"><span class='ocrx_word' id='word_1_1036' title='bbox 1431 2079 1556 2111; x_wconf 90' lang='lat' dir='ltr'>tionem</span> <span class='ocrx_word' id='word_1_1037' title='bbox 1574 2089 1613 2111; x_wconf 84' lang='lat' dir='ltr'>ex</span> <span class='ocrx_word' id='word_1_1038' title='bbox 1629 2089 1694 2121; x_wconf 89' lang='lat' dir='ltr'>qua</span> <span class='ocrx_word' id='word_1_1039' title='bbox 1709 2081 1807 2112; x_wconf 86' lang='lat' dir='ltr'>habet</span> <span class='ocrx_word' id='word_1_1040' title='bbox 1822 2082 1947 2123; x_wconf 86' lang='lat' dir='ltr'>aliquid</span> <span class='ocrx_word' id='word_1_1041' title='bbox 1962 2082 2142 2124; x_wconf 83' lang='lat' dir='ltr'>adaequate</span> <span class='ocrx_word' id='word_1_1042' title='bbox 2158 2089 2195 2116; x_wconf 89' lang='lat' dir='ltr'>ut</span> <span class='ocrx_word' id='word_1_1043' title='bbox 2210 2084 2251 2116; x_wconf 87' lang='lat' dir='ltr'>sit</span> <span class='ocrx_word' id='word_1_1044' title='bbox 2265 2085 2299 2116; x_wconf 92' lang='lat' dir='ltr'>in</span> <span class='ocrx_word' id='word_1_1045' title='bbox 2315 2085 2373 2117; x_wconf 90' lang='lat' dir='ltr'>illo</span> <span class='ocrx_word' id='word_1_1046' title='bbox 2385 2086 2513 2119; x_wconf 82' lang='lat' dir='ltr'>ordine.</span> 
     </span>
     <span class='ocr_line' id='line_1_122' title="bbox 1432 2124 2514 2172; baseline 0.009 -18"><span class='ocrx_word' id='word_1_1047' title='bbox 1432 2124 1473 2155; x_wconf 90' lang='lat' dir='ltr'>Et</span> <span class='ocrx_word' id='word_1_1048' title='bbox 1497 2125 1522 2155; x_wconf 91' lang='lat' dir='ltr'>si</span> <span class='ocrx_word' id='word_1_1049' title='bbox 1547 2125 1682 2156; x_wconf 85' lang='lat' dir='ltr'>trahitur</span> <span class='ocrx_word' id='word_1_1050' title='bbox 1705 2126 1747 2158; x_wconf 89' lang='lat' dir='ltr'>ad</span> <span class='ocrx_word' id='word_1_1051' title='bbox 1769 2126 1834 2158; x_wconf 88' lang='lat' dir='ltr'>hoc</span> <span class='ocrx_word' id='word_1_1052' title='bbox 1858 2133 1895 2159; x_wconf 87' lang='lat' dir='ltr'>ut</span> <span class='ocrx_word' id='word_1_1053' title='bbox 1916 2128 1958 2159; x_wconf 84' lang='lat' dir='ltr'>sit</span> <span class='ocrx_word' id='word_1_1054' title='bbox 1980 2128 2068 2160; x_wconf 88' lang='lat' dir='ltr'>idem</span> <span class='ocrx_word' id='word_1_1055' title='bbox 2095 2138 2174 2161; x_wconf 84' lang='lat' dir='ltr'>cum</span> <span class='ocrx_word' id='word_1_1056' title='bbox 2196 2129 2309 2171; x_wconf 88' lang='lat' dir='ltr'>aliquo</span> <span class='ocrx_word' id='word_1_1057' title='bbox 2332 2131 2436 2172; x_wconf 83' lang='lat' dir='ltr'>ipsius</span> <span class='ocrx_word' id='word_1_1058' title='bbox 2459 2141 2514 2164; x_wconf 86' lang='lat' dir='ltr'>or-</span> 
     </span>
     <span class='ocr_line' id='line_1_123' title="bbox 1432 2168 2513 2217; baseline 0.008 -17"><span class='ocrx_word' id='word_1_1059' title='bbox 1432 2168 1525 2206; x_wconf 87' lang='lat' dir='ltr'>dinis,</span> <span class='ocrx_word' id='word_1_1060' title='bbox 1551 2176 1681 2211; x_wconf 89' lang='lat' dir='ltr'>oportet</span> <span class='ocrx_word' id='word_1_1061' title='bbox 1705 2177 1741 2202; x_wconf 92' lang='lat' dir='ltr'>ut</span> <span class='ocrx_word' id='word_1_1062' title='bbox 1763 2172 1909 2204; x_wconf 89' lang='lat' dir='ltr'>elevetur</span> <span class='ocrx_word' id='word_1_1063' title='bbox 1938 2172 1979 2204; x_wconf 88' lang='lat' dir='ltr'>ad</span> <span class='ocrx_word' id='word_1_1064' title='bbox 2009 2173 2148 2205; x_wconf 88' lang='lat' dir='ltr'>modum</span> <span class='ocrx_word' id='word_1_1065' title='bbox 2180 2174 2267 2206; x_wconf 86' lang='lat' dir='ltr'>illius</span> <span class='ocrx_word' id='word_1_1066' title='bbox 2290 2185 2310 2206; x_wconf 85' lang='lat' dir='ltr'>a</span> <span class='ocrx_word' id='word_1_1067' title='bbox 2339 2185 2408 2217; x_wconf 91' lang='lat' dir='ltr'>quo</span> <span class='ocrx_word' id='word_1_1068' title='bbox 2429 2177 2513 2209; x_wconf 87' lang='lat' dir='ltr'>mud</span> 
     </span>
     <span class='ocr_line' id='line_1_124' title="bbox 1431 2215 2514 2259; baseline 0.008 -14"><span class='ocrx_word' id='word_1_1069' title='bbox 1431 2215 1529 2246; x_wconf 88' lang='lat' dir='ltr'>habet</span> <span class='ocrx_word' id='word_1_1070' title='bbox 1552 2215 1644 2256; x_wconf 89' lang='lat' dir='ltr'>quod</span> <span class='ocrx_word' id='word_1_1071' title='bbox 1667 2217 1707 2248; x_wconf 89' lang='lat' dir='ltr'>sit</span> <span class='ocrx_word' id='word_1_1072' title='bbox 1730 2216 1808 2248; x_wconf 86' lang='lat' dir='ltr'>tale:</span> <span class='ocrx_word' id='word_1_1073' title='bbox 1834 2224 1880 2254; x_wconf 90' lang='lat' dir='ltr'>ut,</span> <span class='ocrx_word' id='word_1_1074' title='bbox 1910 2218 1938 2249; x_wconf 85' lang='lat' dir='ltr'>si</span> <span class='ocrx_word' id='word_1_1075' title='bbox 1961 2217 2086 2259; x_wconf 88' lang='lat' dir='ltr'>aliquid</span> <span class='ocrx_word' id='word_1_1076' title='bbox 2113 2218 2230 2251; x_wconf 86' lang='lat' dir='ltr'>debeat</span> <span class='ocrx_word' id='word_1_1077' title='bbox 2252 2219 2370 2252; x_wconf 88' lang='lat' dir='ltr'>elevari</span> <span class='ocrx_word' id='word_1_1078' title='bbox 2393 2227 2431 2253; x_wconf 88' lang='lat' dir='ltr'>ut</span> <span class='ocrx_word' id='word_1_1079' title='bbox 2455 2221 2514 2255; x_wconf 78' lang='lat' dir='ltr'>fiat</span> 
     </span>
     <span class='ocr_line' id='line_1_125' title="bbox 1431 2260 2513 2307; baseline 0.007 -16"><span class='ocrx_word' id='word_1_1080' title='bbox 1431 2260 1545 2297; x_wconf 91' lang='lat' dir='ltr'>homo,</span> <span class='ocrx_word' id='word_1_1081' title='bbox 1569 2270 1704 2293; x_wconf 89' lang='lat' dir='ltr'>necesse</span> <span class='ocrx_word' id='word_1_1082' title='bbox 1727 2267 1827 2293; x_wconf 85' lang='lat' dir='ltr'>estut</span> <span class='ocrx_word' id='word_1_1083' title='bbox 1849 2262 1906 2294; x_wconf 84' lang='lat' dir='ltr'>fiat</span> <span class='ocrx_word' id='word_1_1084' title='bbox 1928 2263 2047 2294; x_wconf 88' lang='lat' dir='ltr'>animal</span> <span class='ocrx_word' id='word_1_1085' title='bbox 2062 2264 2230 2302; x_wconf 81' lang='lat' dir='ltr'>rationale,</span> <span class='ocrx_word' id='word_1_1086' title='bbox 2253 2274 2292 2296; x_wconf 84' lang='lat' dir='ltr'>ex</span> <span class='ocrx_word' id='word_1_1087' title='bbox 2315 2275 2385 2307; x_wconf 88' lang='lat' dir='ltr'>quo</span> <span class='ocrx_word' id='word_1_1088' title='bbox 2407 2267 2513 2299; x_wconf 81' lang='lat' dir='ltr'>homo</span> 
     </span>
     <span class='ocr_line' id='line_1_126' title="bbox 1431 2305 2512 2352; baseline 0.007 -16"><span class='ocrx_word' id='word_1_1089' title='bbox 1431 2305 1528 2336; x_wconf 88' lang='lat' dir='ltr'>habet</span> <span class='ocrx_word' id='word_1_1090' title='bbox 1551 2306 1642 2347; x_wconf 91' lang='lat' dir='ltr'>quod</span> <span class='ocrx_word' id='word_1_1091' title='bbox 1665 2307 1705 2338; x_wconf 90' lang='lat' dir='ltr'>sit</span> <span class='ocrx_word' id='word_1_1092' title='bbox 1727 2307 1845 2344; x_wconf 71' lang='lat' dir='ltr'>horum</span> <span class='ocrx_word' id='word_1_1093' title='bbox 1864 2309 1909 2340; x_wconf 87' lang='lat' dir='ltr'>ita</span> <span class='ocrx_word' id='word_1_1094' title='bbox 1932 2308 2024 2349; x_wconf 89' lang='lat' dir='ltr'>quod</span> <span class='ocrx_word' id='word_1_1095' title='bbox 2047 2317 2086 2339; x_wconf 91' lang='lat' dir='ltr'>ex</span> <span class='ocrx_word' id='word_1_1096' title='bbox 2109 2308 2224 2341; x_wconf 86' lang='lat' dir='ltr'>eadem</span> <span class='ocrx_word' id='word_1_1097' title='bbox 2247 2319 2346 2342; x_wconf 85' lang='lat' dir='ltr'>causa</span> <span class='ocrx_word' id='word_1_1098' title='bbox 2368 2312 2512 2352; x_wconf 76' lang='lat' dir='ltr'>praecise</span> 
     </span>
     <span class='ocr_line' id='line_1_127' title="bbox 1431 2350 2513 2396; baseline 0.007 -15"><span class='ocrx_word' id='word_1_1099' title='bbox 1431 2360 1536 2382; x_wconf 89' lang='lat' dir='ltr'>unum</span> <span class='ocrx_word' id='word_1_1100' title='bbox 1559 2350 1595 2382; x_wconf 84' lang='lat' dir='ltr'>fit</span> <span class='ocrx_word' id='word_1_1101' title='bbox 1611 2351 1710 2388; x_wconf 86' lang='lat' dir='ltr'>aliud,</span> <span class='ocrx_word' id='word_1_1102' title='bbox 1726 2361 1766 2383; x_wconf 90' lang='lat' dir='ltr'>ex</span> <span class='ocrx_word' id='word_1_1103' title='bbox 1781 2362 1848 2393; x_wconf 86' lang='lat' dir='ltr'>qua</span> <span class='ocrx_word' id='word_1_1104' title='bbox 1865 2353 1947 2385; x_wconf 91' lang='lat' dir='ltr'>illud</span> <span class='ocrx_word' id='word_1_1105' title='bbox 1963 2359 2011 2384; x_wconf 89' lang='lat' dir='ltr'>est</span> <span class='ocrx_word' id='word_1_1106' title='bbox 2025 2353 2145 2395; x_wconf 87' lang='lat' dir='ltr'>ipsum.</span> <span class='ocrx_word' id='word_1_1107' title='bbox 2170 2354 2203 2386; x_wconf 93' lang='lat' dir='ltr'>Si</span> <span class='ocrx_word' id='word_1_1108' title='bbox 2226 2363 2305 2396; x_wconf 87' lang='lat' dir='ltr'>ergo</span> <span class='ocrx_word' id='word_1_1109' title='bbox 2329 2365 2369 2386; x_wconf 89' lang='lat' dir='ltr'>ex</span> <span class='ocrx_word' id='word_1_1110' title='bbox 2391 2357 2513 2390; x_wconf 49' lang='lat' dir='ltr'>abstrv-</span> 
     </span>
     <span class='ocr_line' id='line_1_128' title="bbox 1431 2395 2511 2442; baseline 0.006 -16"><span class='ocrx_word' id='word_1_1111' title='bbox 1431 2395 1541 2427; x_wconf 86' lang='lat' dir='ltr'>ctione</span> <span class='ocrx_word' id='word_1_1112' title='bbox 1557 2406 1576 2427; x_wconf 93' lang='lat' dir='ltr'>a</span> <span class='ocrx_word' id='word_1_1113' title='bbox 1590 2397 1723 2428; x_wconf 85' lang='lat' dir='ltr'>materia</span> <span class='ocrx_word' id='word_1_1114' title='bbox 1739 2397 1861 2438; x_wconf 86' lang='lat' dir='ltr'>aliquid</span> <span class='ocrx_word' id='word_1_1115' title='bbox 1877 2398 2012 2430; x_wconf 85' lang='lat' dir='ltr'>trahitur</span> <span class='ocrx_word' id='word_1_1116' title='bbox 2026 2398 2068 2430; x_wconf 89' lang='lat' dir='ltr'>ad</span> <span class='ocrx_word' id='word_1_1117' title='bbox 2083 2398 2232 2431; x_wconf 88' lang='lat' dir='ltr'>ordinem</span> <span class='ocrx_word' id='word_1_1118' title='bbox 2248 2400 2511 2442; x_wconf 69' lang='lat' dir='ltr'>intelligibilium,</span> 
     </span>
     <span class='ocr_line' id='line_1_129' title="bbox 1432 2441 2512 2481; baseline 0.008 -10"><span class='ocrx_word' id='word_1_1119' title='bbox 1432 2446 1468 2472; x_wconf 88' lang='lat' dir='ltr'>ut</span> <span class='ocrx_word' id='word_1_1120' title='bbox 1490 2441 1612 2473; x_wconf 89' lang='lat' dir='ltr'>scilicet</span> <span class='ocrx_word' id='word_1_1121' title='bbox 1634 2442 1675 2473; x_wconf 91' lang='lat' dir='ltr'>sit</span> <span class='ocrx_word' id='word_1_1122' title='bbox 1698 2442 1900 2475; x_wconf 89' lang='lat' dir='ltr'>intellectum</span> <span class='ocrx_word' id='word_1_1123' title='bbox 1916 2444 1950 2476; x_wconf 88' lang='lat' dir='ltr'>in</span> <span class='ocrx_word' id='word_1_1124' title='bbox 1965 2449 2051 2481; x_wconf 90' lang='lat' dir='ltr'>actu,</span> <span class='ocrx_word' id='word_1_1125' title='bbox 2068 2450 2101 2475; x_wconf 89' lang='lat' dir='ltr'>et</span> <span class='ocrx_word' id='word_1_1126' title='bbox 2115 2454 2155 2476; x_wconf 82' lang='lat' dir='ltr'>ex</span> <span class='ocrx_word' id='word_1_1127' title='bbox 2178 2445 2242 2476; x_wconf 90' lang='lat' dir='ltr'>hoc</span> <span class='ocrx_word' id='word_1_1128' title='bbox 2261 2444 2298 2476; x_wconf 88' lang='lat' dir='ltr'>fit</span> <span class='ocrx_word' id='word_1_1129' title='bbox 2313 2455 2419 2478; x_wconf 85' lang='lat' dir='ltr'>unum</span> <span class='ocrx_word' id='word_1_1130' title='bbox 2433 2455 2512 2480; x_wconf 69' lang='lat' dir='ltr'>eun</span> 
     </span>
     <span class='ocr_line' id='line_1_130' title="bbox 1430 2486 2512 2532; baseline 0.006 -16"><span class='ocrx_word' id='word_1_1131' title='bbox 1430 2486 1640 2527; x_wconf 89' lang='lat' dir='ltr'>intelligente,</span> <span class='ocrx_word' id='word_1_1132' title='bbox 1658 2492 1694 2518; x_wconf 91' lang='lat' dir='ltr'>ut</span> <span class='ocrx_word' id='word_1_1133' title='bbox 1709 2488 1892 2529; x_wconf 89' lang='lat' dir='ltr'>intelligens</span> <span class='ocrx_word' id='word_1_1134' title='bbox 1916 2490 1957 2520; x_wconf 88' lang='lat' dir='ltr'>sit</span> <span class='ocrx_word' id='word_1_1135' title='bbox 1979 2489 2076 2520; x_wconf 89' lang='lat' dir='ltr'>etiam</span> <span class='ocrx_word' id='word_1_1136' title='bbox 2096 2489 2205 2530; x_wconf 90' lang='lat' dir='ltr'>ipsum</span> <span class='ocrx_word' id='word_1_1137' title='bbox 2223 2490 2437 2532; x_wconf 81' lang='lat' dir='ltr'>intelligibile,</span> <span class='ocrx_word' id='word_1_1138' title='bbox 2450 2501 2512 2524; x_wconf 76' lang='lat' dir='ltr'>ne-</span> 
     </span>
     <span class='ocr_line' id='line_1_131' title="bbox 1431 2533 2512 2578; baseline 0.004 -14"><span class='ocrx_word' id='word_1_1139' title='bbox 1431 2540 1521 2564; x_wconf 84' lang='lat' dir='ltr'>cesse</span> <span class='ocrx_word' id='word_1_1140' title='bbox 1544 2538 1592 2563; x_wconf 89' lang='lat' dir='ltr'>est</span> <span class='ocrx_word' id='word_1_1141' title='bbox 1614 2538 1652 2564; x_wconf 90' lang='lat' dir='ltr'>ut</span> <span class='ocrx_word' id='word_1_1142' title='bbox 1674 2533 1734 2564; x_wconf 84' lang='lat' dir='ltr'>ista</span> <span class='ocrx_word' id='word_1_1143' title='bbox 1757 2534 1797 2564; x_wconf 89' lang='lat' dir='ltr'>sit</span> <span class='ocrx_word' id='word_1_1144' title='bbox 1820 2533 1967 2566; x_wconf 88' lang='lat' dir='ltr'>conditio</span> <span class='ocrx_word' id='word_1_1145' title='bbox 1983 2534 2162 2575; x_wconf 88' lang='lat' dir='ltr'>adaequata</span> <span class='ocrx_word' id='word_1_1146' title='bbox 2185 2534 2309 2566; x_wconf 83' lang='lat' dir='ltr'>ordinis</span> <span class='ocrx_word' id='word_1_1147' title='bbox 2325 2535 2512 2578; x_wconf 75' lang='lat' dir='ltr'>intelligibi-</span> 
     </span>
     <span class='ocr_line' id='line_1_132' title="bbox 1431 2577 2512 2623; baseline 0.005 -15"><span class='ocrx_word' id='word_1_1148' title='bbox 1431 2577 1512 2608; x_wconf 87' lang='lat' dir='ltr'>lium</span> <span class='ocrx_word' id='word_1_1149' title='bbox 1536 2583 1567 2609; x_wconf 88' lang='lat' dir='ltr'>et</span> <span class='ocrx_word' id='word_1_1150' title='bbox 1591 2578 1809 2619; x_wconf 82' lang='lat' dir='ltr'>intelligentis,</span> <span class='ocrx_word' id='word_1_1151' title='bbox 1826 2579 1948 2610; x_wconf 87' lang='lat' dir='ltr'>scilicet</span> <span class='ocrx_word' id='word_1_1152' title='bbox 1970 2579 2142 2610; x_wconf 87' lang='lat' dir='ltr'>abstractio</span> <span class='ocrx_word' id='word_1_1153' title='bbox 2158 2589 2176 2611; x_wconf 86' lang='lat' dir='ltr'>a</span> <span class='ocrx_word' id='word_1_1154' title='bbox 2194 2581 2344 2611; x_wconf 85' lang='lat' dir='ltr'>materia:</span> <span class='ocrx_word' id='word_1_1155' title='bbox 2364 2581 2512 2623; x_wconf 84' lang='lat' dir='ltr'>alioquin</span> 
     </span>
     <span class='ocr_line' id='line_1_133' title="bbox 1430 2623 2513 2668; baseline 0.005 -14"><span class='ocrx_word' id='word_1_1156' title='bbox 1430 2632 1499 2654; x_wconf 89' lang='lat' dir='ltr'>non</span> <span class='ocrx_word' id='word_1_1157' title='bbox 1523 2632 1561 2654; x_wconf 89' lang='lat' dir='ltr'>ex</span> <span class='ocrx_word' id='word_1_1158' title='bbox 1585 2623 1649 2654; x_wconf 91' lang='lat' dir='ltr'>hoc</span> <span class='ocrx_word' id='word_1_1159' title='bbox 1673 2624 1816 2664; x_wconf 86' lang='lat' dir='ltr'>praecise</span> <span class='ocrx_word' id='word_1_1160' title='bbox 1833 2624 2011 2655; x_wconf 86' lang='lat' dir='ltr'>traheretur</span> <span class='ocrx_word' id='word_1_1161' title='bbox 2027 2623 2068 2655; x_wconf 86' lang='lat' dir='ltr'>ad</span> <span class='ocrx_word' id='word_1_1162' title='bbox 2087 2624 2236 2656; x_wconf 85' lang='lat' dir='ltr'>ordinem</span> <span class='ocrx_word' id='word_1_1163' title='bbox 2259 2625 2513 2668; x_wconf 74' lang='lat' dir='ltr'>intelligibiliumv</span> 
     </span>
     <span class='ocr_line' id='line_1_134' title="bbox 1431 2667 2511 2713; baseline 0.005 -14"><span class='ocrx_word' id='word_1_1164' title='bbox 1431 2674 1464 2699; x_wconf 93' lang='lat' dir='ltr'>et</span> <span class='ocrx_word' id='word_1_1165' title='bbox 1486 2667 1578 2700; x_wconf 86' lang='lat' dir='ltr'>fieret</span> <span class='ocrx_word' id='word_1_1166' title='bbox 1599 2668 1688 2700; x_wconf 88' lang='lat' dir='ltr'>idem</span> <span class='ocrx_word' id='word_1_1167' title='bbox 1704 2677 1781 2700; x_wconf 90' lang='lat' dir='ltr'>cum</span> <span class='ocrx_word' id='word_1_1168' title='bbox 1803 2669 2014 2710; x_wconf 84' lang='lat' dir='ltr'>intelligente,</span> <span class='ocrx_word' id='word_1_1169' title='bbox 2031 2669 2123 2710; x_wconf 89' lang='lat' dir='ltr'>quod</span> <span class='ocrx_word' id='word_1_1170' title='bbox 2141 2679 2160 2701; x_wconf 89' lang='lat' dir='ltr'>a</span> <span class='ocrx_word' id='word_1_1171' title='bbox 2182 2670 2316 2702; x_wconf 85' lang='lat' dir='ltr'>materia</span> <span class='ocrx_word' id='word_1_1172' title='bbox 2334 2677 2511 2713; x_wconf 80' lang='lat' dir='ltr'>separatur.</span> 
     </span>
     <span class='ocr_line' id='line_1_135' title="bbox 1431 2713 2512 2755; baseline 0.004 -11"><span class='ocrx_word' id='word_1_1173' title='bbox 1431 2713 1479 2744; x_wconf 86' lang='lat' dir='ltr'>Ex</span> <span class='ocrx_word' id='word_1_1174' title='bbox 1503 2714 1566 2744; x_wconf 89' lang='lat' dir='ltr'>hoc</span> <span class='ocrx_word' id='word_1_1175' title='bbox 1590 2714 1737 2755; x_wconf 87' lang='lat' dir='ltr'>sequitur</span> <span class='ocrx_word' id='word_1_1176' title='bbox 1752 2713 1844 2754; x_wconf 89' lang='lat' dir='ltr'>quod</span> <span class='ocrx_word' id='word_1_1177' title='bbox 1867 2723 1967 2746; x_wconf 89' lang='lat' dir='ltr'>omne</span> <span class='ocrx_word' id='word_1_1178' title='bbox 1990 2714 2083 2755; x_wconf 90' lang='lat' dir='ltr'>quod</span> <span class='ocrx_word' id='word_1_1179' title='bbox 2105 2714 2288 2747; x_wconf 88' lang='lat' dir='ltr'>secundum</span> <span class='ocrx_word' id='word_1_1180' title='bbox 2309 2725 2346 2747; x_wconf 87' lang='grc' dir='ltr'>εε</span> <span class='ocrx_word' id='word_1_1181' title='bbox 2369 2721 2418 2747; x_wconf 82' lang='grc' dir='ltr'>εει</span> <span class='ocrx_word' id='word_1_1182' title='bbox 2435 2721 2512 2748; x_wconf 86' lang='lat' dir='ltr'>actu</span> 
     </span>
     <span class='ocr_line' id='line_1_136' title="bbox 1430 2758 2511 2801; baseline 0.003 -12"><span class='ocrx_word' id='word_1_1183' title='bbox 1430 2758 1642 2799; x_wconf 82' lang='lat' dir='ltr'>intelligibile,</span> <span class='ocrx_word' id='word_1_1184' title='bbox 1659 2759 1699 2790; x_wconf 90' lang='lat' dir='ltr'>sit</span> <span class='ocrx_word' id='word_1_1185' title='bbox 1723 2759 1820 2790; x_wconf 88' lang='lat' dir='ltr'>etiam</span> <span class='ocrx_word' id='word_1_1186' title='bbox 1842 2759 2094 2792; x_wconf 86' lang='lat' dir='ltr'>intellectivum:</span> <span class='ocrx_word' id='word_1_1187' title='bbox 2111 2760 2189 2801; x_wconf 89' lang='lat' dir='ltr'>quia</span> <span class='ocrx_word' id='word_1_1188' title='bbox 2211 2760 2384 2792; x_wconf 77' lang='lat' dir='ltr'>abstractio</span> <span class='ocrx_word' id='word_1_1189' title='bbox 2403 2771 2423 2792; x_wconf 90' lang='lat' dir='ltr'>a</span> <span class='ocrx_word' id='word_1_1190' title='bbox 2440 2763 2511 2793; x_wconf 56' lang='lat' dir='ltr'>rna-⁴</span> 
     </span>
     <span class='ocr_line' id='line_1_137' title="bbox 1430 2803 2512 2847; baseline 0.004 -13"><span class='ocrx_word' id='word_1_1191' title='bbox 1430 2803 1509 2835; x_wconf 89' lang='lat' dir='ltr'>teria</span> <span class='ocrx_word' id='word_1_1192' title='bbox 1533 2809 1581 2835; x_wconf 86' lang='lat' dir='ltr'>est</span> <span class='ocrx_word' id='word_1_1193' title='bbox 1603 2804 1685 2835; x_wconf 90' lang='lat' dir='ltr'>ratio</span> <span class='ocrx_word' id='word_1_1194' title='bbox 1708 2804 1890 2846; x_wconf 88' lang='lat' dir='ltr'>utriusque,</span> <span class='ocrx_word' id='word_1_1195' title='bbox 1913 2805 2038 2836; x_wconf 85' lang='lat' dir='ltr'>scilicet</span> <span class='ocrx_word' id='word_1_1196' title='bbox 2056 2810 2088 2836; x_wconf 93' lang='lat' dir='ltr'>et</span> <span class='ocrx_word' id='word_1_1197' title='bbox 2111 2804 2203 2846; x_wconf 90' lang='lat' dir='ltr'>quod</span> <span class='ocrx_word' id='word_1_1198' title='bbox 2226 2805 2267 2837; x_wconf 86' lang='lat' dir='ltr'>sit</span> <span class='ocrx_word' id='word_1_1199' title='bbox 2289 2805 2412 2847; x_wconf 86' lang='lat' dir='ltr'>aliquid</span> <span class='ocrx_word' id='word_1_1200' title='bbox 2434 2811 2512 2838; x_wconf 86' lang='lat' dir='ltr'>actu</span> 
     </span>
     <span class='ocr_line' id='line_1_138' title="bbox 1430 2848 2511 2892; baseline 0.004 -13"><span class='ocrx_word' id='word_1_1201' title='bbox 1430 2848 1641 2890; x_wconf 88' lang='lat' dir='ltr'>intelligibile,</span> <span class='ocrx_word' id='word_1_1202' title='bbox 1659 2854 1691 2880; x_wconf 91' lang='lat' dir='ltr'>et</span> <span class='ocrx_word' id='word_1_1203' title='bbox 1706 2849 1798 2890; x_wconf 91' lang='lat' dir='ltr'>quod</span> <span class='ocrx_word' id='word_1_1204' title='bbox 1813 2849 1854 2880; x_wconf 91' lang='lat' dir='ltr'>sit</span> <span class='ocrx_word' id='word_1_1205' title='bbox 1869 2849 2063 2891; x_wconf 86' lang='lat' dir='ltr'>intelligens,</span> <span class='ocrx_word' id='word_1_1206' title='bbox 2078 2866 2102 2874; x_wconf 90' lang='lat'>-</span> <span class='ocrx_word' id='word_1_1207' title='bbox 2116 2850 2178 2882; x_wconf 81' lang='lat' dir='ltr'>nisi</span> <span class='ocrx_word' id='word_1_1208' title='bbox 2193 2850 2235 2882; x_wconf 78' lang='lat' dir='ltr'>sit</span> <span class='ocrx_word' id='word_1_1209' title='bbox 2248 2851 2283 2882; x_wconf 74' lang='lat' dir='ltr'>in</span> <span class='ocrx_word' id='word_1_1210' title='bbox 2297 2850 2372 2892; x_wconf 86' lang='lat' dir='ltr'>ipso</span> <span class='ocrx_word' id='word_1_1211' title='bbox 2386 2850 2511 2892; x_wconf 78' lang='lat' dir='ltr'>aliquid</span> 
     </span>
     <span class='ocr_line' id='line_1_139' title="bbox 1430 2894 2510 2937; baseline 0.003 -12"><span class='ocrx_word' id='word_1_1212' title='bbox 1430 2903 1614 2935; x_wconf 83' lang='lat' dir='ltr'>repugnans</span> <span class='ocrx_word' id='word_1_1213' title='bbox 1630 2894 1854 2926; x_wconf 84' lang='lat' dir='ltr'>intellectioni.</span> <span class='ocrx_word' id='word_1_1214' title='bbox 1878 2894 1955 2926; x_wconf 87' lang='lat' dir='ltr'>Hoc</span> <span class='ocrx_word' id='word_1_1215' title='bbox 1970 2894 2045 2926; x_wconf 87' lang='lat' dir='ltr'>dico</span> <span class='ocrx_word' id='word_1_1216' title='bbox 2068 2900 2203 2936; x_wconf 81' lang='lat' dir='ltr'>propter</span> <span class='ocrx_word' id='word_1_1217' title='bbox 2216 2894 2396 2928; x_wconf 82' lang='lat' dir='ltr'>accidentia</span> <span class='ocrx_word' id='word_1_1218' title='bbox 2416 2895 2510 2937; x_wconf 82' lang='lat' dir='ltr'>spiri-</span> 
     </span>
     <span class='ocr_line' id='line_1_140' title="bbox 1430 2939 2511 2982; baseline 0.002 -12"><span class='ocrx_word' id='word_1_1219' title='bbox 1430 2939 1538 2975; x_wconf 84' lang='lat' dir='ltr'>tualia,</span> <span class='ocrx_word' id='word_1_1220' title='bbox 1563 2948 1648 2980; x_wconf 89' lang='lat' dir='ltr'>quae</span> <span class='ocrx_word' id='word_1_1221' title='bbox 1671 2944 1748 2970; x_wconf 88' lang='lat' dir='ltr'>sunt</span> <span class='ocrx_word' id='word_1_1222' title='bbox 1770 2939 1904 2981; x_wconf 88' lang='lat' dir='ltr'>quidem</span> <span class='ocrx_word' id='word_1_1223' title='bbox 1927 2945 2002 2971; x_wconf 87' lang='lat' dir='ltr'>actu</span> <span class='ocrx_word' id='word_1_1224' title='bbox 2025 2939 2238 2981; x_wconf 82' lang='lat' dir='ltr'>intelligibilia</span> <span class='ocrx_word' id='word_1_1225' title='bbox 2260 2946 2395 2982; x_wconf 85' lang='lat' dir='ltr'>propter</span> <span class='ocrx_word' id='word_1_1226' title='bbox 2417 2949 2511 2982; x_wconf 72' lang='lat' dir='ltr'>sepa-</span> 
     </span>
     <span class='ocr_line' id='line_1_141' title="bbox 1430 2984 2510 3027; baseline 0.003 -12"><span class='ocrx_word' id='word_1_1227' title='bbox 1430 2985 1590 3016; x_wconf 86' lang='lat' dir='ltr'>rationem</span> <span class='ocrx_word' id='word_1_1228' title='bbox 1605 2994 1624 3015; x_wconf 94' lang='lat' dir='ltr'>a</span> <span class='ocrx_word' id='word_1_1229' title='bbox 1639 2985 1784 3022; x_wconf 85' lang='lat' dir='ltr'>materia,</span> <span class='ocrx_word' id='word_1_1230' title='bbox 1800 2993 1869 3015; x_wconf 88' lang='lat' dir='ltr'>non</span> <span class='ocrx_word' id='word_1_1231' title='bbox 1889 2990 1966 3016; x_wconf 80' lang='lat' dir='ltr'>sunt</span> <span class='ocrx_word' id='word_1_1232' title='bbox 1987 2990 2098 3016; x_wconf 88' lang='lat' dir='ltr'>tamen</span> <span class='ocrx_word' id='word_1_1233' title='bbox 2120 2984 2325 3023; x_wconf 86' lang='lat' dir='ltr'>intellectiva,</span> <span class='ocrx_word' id='word_1_1234' title='bbox 2343 2986 2420 3027; x_wconf 83' lang='lat' dir='ltr'>quia</span> <span class='ocrx_word' id='word_1_1235' title='bbox 2439 2994 2510 3018; x_wconf 78' lang='grc' dir='ltr'><strong>οεεε</strong></span> 
     </span>
     <span class='ocr_line' id='line_1_142' title="bbox 1430 3029 2509 3068; baseline 0.002 -8"><span class='ocrx_word' id='word_1_1236' title='bbox 1430 3029 1665 3061; x_wconf 85' lang='lat' dir='ltr'>intellectivum</span> <span class='ocrx_word' id='word_1_1237' title='bbox 1674 3039 1743 3061; x_wconf 91' lang='lat' dir='ltr'>non</span> <span class='ocrx_word' id='word_1_1238' title='bbox 1757 3034 1804 3061; x_wconf 85' lang='grc' dir='ltr'>εει</span> <span class='ocrx_word' id='word_1_1239' title='bbox 1818 3034 1933 3061; x_wconf 88' lang='lat' dir='ltr'>natum</span> <span class='ocrx_word' id='word_1_1240' title='bbox 1948 3030 2011 3061; x_wconf 80' lang='lat' dir='ltr'>nisi</span> <span class='ocrx_word' id='word_1_1241' title='bbox 2022 3030 2208 3062; x_wconf 77' lang='lat' dir='ltr'>substantiis</span> <span class='ocrx_word' id='word_1_1242' title='bbox 2219 3031 2405 3062; x_wconf 81' lang='lat' dir='ltr'>convenire.</span> <span class='ocrx_word' id='word_1_1243' title='bbox 2418 3029 2509 3068; x_wconf 83' lang='lat' dir='ltr'>Ideo,</span> 
     </span>
     <span class='ocr_line' id='line_1_143' title="bbox 1430 3073 2510 3116; baseline 0.001 -11"><span class='ocrx_word' id='word_1_1244' title='bbox 1430 3083 1507 3106; x_wconf 88' lang='lat' dir='ltr'>cum</span> <span class='ocrx_word' id='word_1_1245' title='bbox 1531 3073 1648 3106; x_wconf 87' lang='lat' dir='ltr'>dicitur</span> <span class='ocrx_word' id='word_1_1246' title='bbox 1671 3073 1762 3116; x_wconf 85' lang='lat' dir='ltr'>quod</span> <span class='ocrx_word' id='word_1_1247' title='bbox 1777 3074 2030 3106; x_wconf 83' lang='lat' dir='ltr'>immaterialitas</span> <span class='ocrx_word' id='word_1_1248' title='bbox 2046 3080 2094 3106; x_wconf 85' lang='lat' dir='ltr'>est</span> <span class='ocrx_word' id='word_1_1249' title='bbox 2107 3074 2191 3106; x_wconf 82' lang='lat' dir='ltr'>ratio</span> <span class='ocrx_word' id='word_1_1250' title='bbox 2215 3074 2307 3116; x_wconf 89' lang='lat' dir='ltr'>quod</span> <span class='ocrx_word' id='word_1_1251' title='bbox 2324 3074 2449 3116; x_wconf 77' lang='lat' dir='ltr'>aliquid</span> <span class='ocrx_word' id='word_1_1252' title='bbox 2467 3075 2510 3106; x_wconf 79' lang='lat' dir='ltr'>ait</span> 
     </span>
     <span class='ocr_line' id='line_1_144' title="bbox 1428 3119 2507 3161; baseline 0.001 -11"><span class='ocrx_word' id='word_1_1253' title='bbox 1428 3125 1562 3150; x_wconf 86' lang='lat' dir='ltr'>naturae</span> <span class='ocrx_word' id='word_1_1254' title='bbox 1589 3119 1816 3156; x_wconf 84' lang='lat' dir='ltr'>intellectivae,</span> <span class='ocrx_word' id='word_1_1255' title='bbox 1839 3119 2029 3161; x_wconf 86' lang='lat' dir='ltr'>intelligitur</span> <span class='ocrx_word' id='word_1_1256' title='bbox 2056 3120 2090 3151; x_wconf 73' lang='lat' dir='ltr'>in</span> <span class='ocrx_word' id='word_1_1257' title='bbox 2117 3119 2308 3151; x_wconf 73' lang='lat' dir='ltr'>substantiis</span> <span class='ocrx_word' id='word_1_1258' title='bbox 2332 3119 2507 3152; x_wconf 66' lang='lat' dir='ltr'>subsisten-</span> 
     </span>
     <span class='ocr_line' id='line_1_145' title="bbox 1430 3164 2237 3206; baseline 0.001 -11"><span class='ocrx_word' id='word_1_1259' title='bbox 1430 3164 1532 3195; x_wconf 80' lang='lat' dir='ltr'>tibus:</span> <span class='ocrx_word' id='word_1_1260' title='bbox 1554 3165 1632 3206; x_wconf 91' lang='lat' dir='ltr'>quia</span> <span class='ocrx_word' id='word_1_1261' title='bbox 1654 3164 1782 3205; x_wconf 88' lang='lat' dir='ltr'>operari</span> <span class='ocrx_word' id='word_1_1262' title='bbox 1804 3170 1932 3196; x_wconf 86' lang='lat' dir='ltr'>tantum</span> <span class='ocrx_word' id='word_1_1263' title='bbox 1955 3164 2158 3196; x_wconf 74' lang='lat' dir='ltr'>subsistentis</span> <span class='ocrx_word' id='word_1_1264' title='bbox 2179 3169 2237 3195; x_wconf 82' lang='grc' dir='ltr'><strong>εει.</strong></span> 
     </span>
    </p>

    <p class='ocr_par' dir='ltr' id='par_1_18' title="bbox 1428 3208 2507 3466">
     <span class='ocr_line' id='line_1_146' title="bbox 1485 3208 2507 3250; baseline -0.001 -10"><span class='ocrx_word' id='word_1_1265' title='bbox 1485 3209 1576 3240; x_wconf 82' lang='lat' dir='ltr'>Patet</span> <span class='ocrx_word' id='word_1_1266' title='bbox 1602 3209 1700 3250; x_wconf 89' lang='lat' dir='ltr'>igitur</span> <span class='ocrx_word' id='word_1_1267' title='bbox 1731 3209 2001 3250; x_wconf 79' lang='lat' dir='ltr'>consequentiam</span> <span class='ocrx_word' id='word_1_1268' title='bbox 2029 3208 2139 3241; x_wconf 86' lang='lat' dir='ltr'>Sancti</span> <span class='ocrx_word' id='word_1_1269' title='bbox 2166 3208 2318 3240; x_wconf 84' lang='lat' dir='ltr'>Thomae</span> <span class='ocrx_word' id='word_1_1270' title='bbox 2346 3208 2507 3249; x_wconf 83' lang='lat' dir='ltr'>optimam</span> 
     </span>
     <span class='ocr_line' id='line_1_147' title="bbox 1429 3252 2507 3295; baseline -0.002 -10"><span class='ocrx_word' id='word_1_1271' title='bbox 1429 3263 1499 3285; x_wconf 87' lang='lat' dir='ltr'>esse</span> <span class='ocrx_word' id='word_1_1272' title='bbox 1523 3259 1554 3285; x_wconf 90' lang='lat' dir='ltr'>et</span> <span class='ocrx_word' id='word_1_1273' title='bbox 1577 3254 1740 3286; x_wconf 90' lang='lat' dir='ltr'>subtilem.</span> <span class='ocrx_word' id='word_1_1274' title='bbox 1764 3254 1807 3285; x_wconf 89' lang='lat' dir='ltr'>Et</span> <span class='ocrx_word' id='word_1_1275' title='bbox 1830 3263 1869 3285; x_wconf 84' lang='lat' dir='ltr'>ex</span> <span class='ocrx_word' id='word_1_1276' title='bbox 1897 3263 1938 3286; x_wconf 90' lang='lat' dir='ltr'>eo</span> <span class='ocrx_word' id='word_1_1277' title='bbox 1967 3253 2060 3295; x_wconf 88' lang='lat' dir='ltr'>quod</span> <span class='ocrx_word' id='word_1_1278' title='bbox 2085 3253 2287 3285; x_wconf 82' lang='lat' dir='ltr'>intellectum</span> <span class='ocrx_word' id='word_1_1279' title='bbox 2313 3253 2348 3283; x_wconf 92' lang='lat' dir='ltr'>in</span> <span class='ocrx_word' id='word_1_1280' title='bbox 2371 3258 2447 3284; x_wconf 86' lang='lat' dir='ltr'>actu</span> <span class='ocrx_word' id='word_1_1281' title='bbox 2469 3252 2507 3284; x_wconf 86' lang='lat' dir='ltr'>fit</span> 
     </span>
     <span class='ocr_line' id='line_1_148' title="bbox 1429 3297 2505 3341; baseline 0 -11"><span class='ocrx_word' id='word_1_1282' title='bbox 1429 3308 1534 3330; x_wconf 90' lang='lat' dir='ltr'>unum</span> <span class='ocrx_word' id='word_1_1283' title='bbox 1557 3308 1634 3331; x_wconf 92' lang='lat' dir='ltr'>cum</span> <span class='ocrx_word' id='word_1_1284' title='bbox 1655 3298 1866 3340; x_wconf 88' lang='lat' dir='ltr'>intelligente,</span> <span class='ocrx_word' id='word_1_1285' title='bbox 1882 3299 2030 3341; x_wconf 85' lang='lat' dir='ltr'>sequitur</span> <span class='ocrx_word' id='word_1_1286' title='bbox 2045 3307 2064 3329; x_wconf 93' lang='lat' dir='ltr'>a</span> <span class='ocrx_word' id='word_1_1287' title='bbox 2078 3298 2183 3338; x_wconf 86' lang='lat' dir='ltr'>signo,</span> <span class='ocrx_word' id='word_1_1288' title='bbox 2201 3297 2228 3328; x_wconf 85' lang='lat' dir='ltr'>sl</span> <span class='ocrx_word' id='word_1_1289' title='bbox 2244 3297 2284 3328; x_wconf 91' lang='lat' dir='ltr'>sit</span> <span class='ocrx_word' id='word_1_1290' title='bbox 2298 3297 2363 3328; x_wconf 86' lang='lat' dir='ltr'>tale</span> <span class='ocrx_word' id='word_1_1291' title='bbox 2378 3298 2413 3329; x_wconf 91' lang='lat' dir='ltr'>in</span> <span class='ocrx_word' id='word_1_1292' title='bbox 2430 3303 2505 3330; x_wconf 90' lang='lat' dir='ltr'>actu</span> 
     </span>
     <span class='ocr_line' id='line_1_149' title="bbox 1428 3341 2506 3385; baseline 0 -11"><span class='ocrx_word' id='word_1_1293' title='bbox 1428 3353 1486 3385; x_wconf 88' lang='lat' dir='ltr'>per</span> <span class='ocrx_word' id='word_1_1294' title='bbox 1509 3344 1758 3376; x_wconf 84' lang='lat' dir='ltr'>abstractionem</span> <span class='ocrx_word' id='word_1_1295' title='bbox 1781 3353 1800 3375; x_wconf 92' lang='lat' dir='ltr'>a</span> <span class='ocrx_word' id='word_1_1296' title='bbox 1822 3344 1966 3380; x_wconf 84' lang='lat' dir='ltr'>materia,</span> <span class='ocrx_word' id='word_1_1297' title='bbox 1989 3352 2060 3375; x_wconf 89' lang='lat' dir='ltr'>non</span> <span class='ocrx_word' id='word_1_1298' title='bbox 2074 3342 2184 3374; x_wconf 75' lang='lat' dir='ltr'>solum</span> <span class='ocrx_word' id='word_1_1299' title='bbox 2207 3341 2300 3383; x_wconf 88' lang='lat' dir='ltr'>quod</span> <span class='ocrx_word' id='word_1_1300' title='bbox 2322 3342 2506 3384; x_wconf 82' lang='lat' dir='ltr'>intelligens</span> 
     </span>
     <span class='ocr_line' id='line_1_150' title="bbox 1428 3387 2505 3430; baseline -0.001 -11"><span class='ocrx_word' id='word_1_1301' title='bbox 1428 3389 1468 3419; x_wconf 88' lang='lat' dir='ltr'>sit</span> <span class='ocrx_word' id='word_1_1302' title='bbox 1487 3389 1708 3427; x_wconf 84' lang='lat' dir='ltr'>immateriale,</span> <span class='ocrx_word' id='word_1_1303' title='bbox 1725 3388 1783 3420; x_wconf 89' lang='lat' dir='ltr'>sed</span> <span class='ocrx_word' id='word_1_1304' title='bbox 1798 3390 1896 3421; x_wconf 84' lang='lat' dir='ltr'>etiam</span> <span class='ocrx_word' id='word_1_1305' title='bbox 1911 3387 2002 3430; x_wconf 86' lang='lat' dir='ltr'>quod</span> <span class='ocrx_word' id='word_1_1306' title='bbox 2017 3397 2056 3419; x_wconf 84' lang='lat' dir='ltr'>ex</span> <span class='ocrx_word' id='word_1_1307' title='bbox 2072 3387 2137 3419; x_wconf 89' lang='lat' dir='ltr'>hoc</span> <span class='ocrx_word' id='word_1_1308' title='bbox 2151 3387 2335 3428; x_wconf 89' lang='lat' dir='ltr'>intelligens</span> <span class='ocrx_word' id='word_1_1309' title='bbox 2350 3392 2399 3419; x_wconf 88' lang='grc' dir='ltr'>εει</span> <span class='ocrx_word' id='word_1_1310' title='bbox 2413 3387 2505 3429; x_wconf 87' lang='lat' dir='ltr'>quod</span> 
     </span>
     <span class='ocr_line' id='line_1_151' title="bbox 1428 3434 1679 3466; baseline 0.008 -2"><span class='ocrx_word' id='word_1_1311' title='bbox 1428 3434 1560 3465; x_wconf 86' lang='lat' dir='ltr'>materia</span> <span class='ocrx_word' id='word_1_1312' title='bbox 1583 3440 1679 3466; x_wconf 87' lang='lat' dir='ltr'>caret.</span> 
     </span>
    </p>

    <p class='ocr_par' dir='ltr' id='par_1_19' title="bbox 1428 3476 2504 3699">
     <span class='ocr_line' id='line_1_152' title="bbox 1483 3476 2504 3520; baseline 0.001 -11"><span class='ocrx_word' id='word_1_1313' title='bbox 1483 3479 1553 3510; x_wconf 90' lang='lat' dir='ltr'>XV.</span> <span class='ocrx_word' id='word_1_1314' title='bbox 1582 3478 1706 3516; x_wconf 80' lang='lat' dir='ltr'>Quinto</span> <span class='ocrx_word' id='word_1_1315' title='bbox 1722 3480 1748 3510; x_wconf 76' lang='lat'>·.</span> <span class='ocrx_word' id='word_1_1316' title='bbox 1777 3478 1949 3510; x_wconf 71' lang='lat' dir='ltr'>potissima</span> <span class='ocrx_word' id='word_1_1317' title='bbox 1977 3476 2217 3518; x_wconf 83' lang='lat' dir='ltr'>perfectionum</span> <span class='ocrx_word' id='word_1_1318' title='bbox 2241 3484 2289 3509; x_wconf 85' lang='lat' dir='ltr'>est</span> <span class='ocrx_word' id='word_1_1319' title='bbox 2316 3483 2354 3509; x_wconf 87' lang='lat' dir='ltr'>ut</span> <span class='ocrx_word' id='word_1_1320' title='bbox 2381 3478 2504 3520; x_wconf 86' lang='lat' dir='ltr'>aliquid</span> 
     </span>
     <span class='ocr_line' id='line_1_153' title="bbox 1428 3522 2502 3564; baseline 0.007 -10"><span class='ocrx_word' id='word_1_1321' title='bbox 1428 3524 1467 3554; x_wconf 87' lang='lat' dir='ltr'>sit</span> <span class='ocrx_word' id='word_1_1322' title='bbox 1488 3523 1738 3555; x_wconf 84' lang='lat' dir='ltr'>intellectivum:</span> <span class='ocrx_word' id='word_1_1323' title='bbox 1769 3532 1845 3555; x_wconf 83' lang='lat' dir='ltr'>eum</span> <span class='ocrx_word' id='word_1_1324' title='bbox 1868 3531 1927 3564; x_wconf 85' lang='lat' dir='ltr'>per</span> <span class='ocrx_word' id='word_1_1325' title='bbox 1955 3522 2020 3553; x_wconf 81' lang='lat' dir='ltr'>hoc</span> <span class='ocrx_word' id='word_1_1326' title='bbox 2044 3522 2084 3553; x_wconf 87' lang='lat' dir='ltr'>sit</span> <span class='ocrx_word' id='word_1_1327' title='bbox 2107 3522 2356 3563; x_wconf 83' lang='lat' dir='ltr'>quodammodo</span> <span class='ocrx_word' id='word_1_1328' title='bbox 2380 3525 2502 3561; x_wconf 69' lang='lat' dir='ltr'>omnin,</span> 
     </span>
     <span class='ocr_line' id='line_1_154' title="bbox 1428 3567 2503 3610; baseline 0.002 -12"><span class='ocrx_word' id='word_1_1329' title='bbox 1428 3569 1578 3599; x_wconf 88' lang='lat' dir='ltr'>omnium</span> <span class='ocrx_word' id='word_1_1330' title='bbox 1602 3567 1819 3610; x_wconf 83' lang='lat' dir='ltr'>perfectiones</span> <span class='ocrx_word' id='word_1_1331' title='bbox 1841 3567 1875 3598; x_wconf 92' lang='lat' dir='ltr'>in</span> <span class='ocrx_word' id='word_1_1332' title='bbox 1900 3576 1934 3598; x_wconf 90' lang='lat' dir='ltr'>se</span> <span class='ocrx_word' id='word_1_1333' title='bbox 1956 3567 2088 3597; x_wconf 89' lang='lat' dir='ltr'>habens.</span> <span class='ocrx_word' id='word_1_1334' title='bbox 2114 3567 2202 3609; x_wconf 86' lang='lat' dir='ltr'>Ergo</span> <span class='ocrx_word' id='word_1_1335' title='bbox 2225 3567 2315 3599; x_wconf 88' lang='lat' dir='ltr'>Deus</span> <span class='ocrx_word' id='word_1_1336' title='bbox 2339 3574 2387 3599; x_wconf 85' lang='lat' dir='ltr'>est</span> <span class='ocrx_word' id='word_1_1337' title='bbox 2409 3569 2503 3600; x_wconf 90' lang='lat' dir='ltr'>intel-</span> 
     </span>
     <span class='ocr_line' id='line_1_155' title="bbox 1429 3610 2502 3654; baseline 0.002 -11"><span class='ocrx_word' id='word_1_1338' title='bbox 1429 3613 1573 3644; x_wconf 80' lang='lat' dir='ltr'>lectivus.</span> <span class='ocrx_word' id='word_1_1339' title='bbox 1590 3630 1612 3637; x_wconf 90' lang='lat'>-</span> <span class='ocrx_word' id='word_1_1340' title='bbox 1629 3613 1719 3644; x_wconf 85' lang='lat' dir='ltr'>Patet</span> <span class='ocrx_word' id='word_1_1341' title='bbox 1741 3611 1985 3653; x_wconf 76' lang='lat' dir='ltr'>consequentia.</span> <span class='ocrx_word' id='word_1_1342' title='bbox 2000 3624 2003 3626; x_wconf 33' lang='lat' dir='ltr'>v</span> <span class='ocrx_word' id='word_1_1343' title='bbox 2020 3610 2107 3650; x_wconf 83' lang='lat' dir='ltr'>Quia</span> <span class='ocrx_word' id='word_1_1344' title='bbox 2135 3611 2208 3644; x_wconf 86' lang='lat' dir='ltr'>Deo</span> <span class='ocrx_word' id='word_1_1345' title='bbox 2231 3612 2321 3644; x_wconf 86' lang='lat' dir='ltr'>nulla</span> <span class='ocrx_word' id='word_1_1346' title='bbox 2343 3612 2502 3654; x_wconf 83' lang='lat' dir='ltr'>perfectio</span> 
     </span>
     <span class='ocr_line' id='line_1_156' title="bbox 1429 3656 2500 3699; baseline 0.001 -10"><span class='ocrx_word' id='word_1_1347' title='bbox 1429 3657 1518 3689; x_wconf 90' lang='lat' dir='ltr'>deest</span> <span class='ocrx_word' id='word_1_1348' title='bbox 1541 3667 1657 3689; x_wconf 87' lang='lat' dir='ltr'>eorum</span> <span class='ocrx_word' id='word_1_1349' title='bbox 1680 3665 1764 3699; x_wconf 86' lang='lat' dir='ltr'>quae</span> <span class='ocrx_word' id='word_1_1350' title='bbox 1793 3656 2068 3697; x_wconf 84' lang='lat' dir='ltr'>compositionem</span> <span class='ocrx_word' id='word_1_1351' title='bbox 2098 3656 2131 3687; x_wconf 88' lang='lat' dir='ltr'>in</span> <span class='ocrx_word' id='word_1_1352' title='bbox 2160 3657 2233 3688; x_wconf 89' lang='lat' dir='ltr'>Deo</span> <span class='ocrx_word' id='word_1_1353' title='bbox 2261 3667 2329 3689; x_wconf 90' lang='lat' dir='ltr'>non</span> <span class='ocrx_word' id='word_1_1354' title='bbox 2360 3664 2500 3699; x_wconf 86' lang='lat' dir='ltr'>ponunt.</span> 
     </span>
    </p>
   </div>
   <div class='ocr_carea' id='block_1_7' title="bbox 2541 910 2730 939">
    <p class='ocr_par' dir='ltr' id='par_1_20' title="bbox 2541 910 2730 939">
     <span class='ocr_line' id='line_1_157' title="bbox 2541 910 2730 939; baseline 0.005 -7"><span class='ocrx_word' id='word_1_1355' title='bbox 2541 912 2550 920; x_wconf 83' lang='lat'><strong>‘</strong></span> <span class='ocrx_word' id='word_1_1356' title='bbox 2565 910 2623 938; x_wconf 84' lang='lat' dir='ltr'>Cap.</span> <span class='ocrx_word' id='word_1_1357' title='bbox 2634 916 2662 938; x_wconf 88' lang='lat' dir='ltr'>n,</span> <span class='ocrx_word' id='word_1_1358' title='bbox 2672 917 2697 938; x_wconf 80' lang='lat'>4,</span> <span class='ocrx_word' id='word_1_1359' title='bbox 2707 916 2730 939; x_wconf 89' lang='lat'>7.</span> 
     </span>
    </p>
   </div>
   <div class='ocr_carea' id='block_1_8' title="bbox 2532 3474 2747 3502">
    <p class='ocr_par' dir='ltr' id='par_1_21' title="bbox 2532 3474 2747 3502">
     <span class='ocr_line' id='line_1_158' title="bbox 2532 3474 2747 3502; baseline 0 -4"><span class='ocrx_word' id='word_1_1360' title='bbox 2532 3475 2541 3485; x_wconf 91' lang='grc'><em>·</em></span> <span class='ocrx_word' id='word_1_1361' title='bbox 2557 3474 2594 3498; x_wconf 77' lang='lat' dir='ltr'>Cf.</span> <span class='ocrx_word' id='word_1_1362' title='bbox 2605 3480 2630 3499; x_wconf 83' lang='lat' dir='ltr'>n.</span> <span class='ocrx_word' id='word_1_1363' title='bbox 2639 3480 2683 3502; x_wconf 80' lang='grc' dir='ltr'><strong>ιιι,</strong></span> <span class='ocrx_word' id='word_1_1364' title='bbox 2694 3475 2747 3498; x_wconf 80' lang='lat' dir='ltr'>init.</span> 
     </span>
    </p>
   </div>
  </div>
 </body>
</html>
