2768 4134
32 2715 95 2739 'Ch
114 2714 248 2737 comment.

33 2747 171 2797 ἓξΡειρἚ,
178 2740 248 2790 3:¹1¹&

34 3250 45 3261 ·
53 3249 105 3272 Fon.
113 3254 173 3272 nov
180 3248 248 3277 (Ven.

36 3275 109 3306 ¹⁴97)-

795 286 982 323 SUMMA
1012 286 1234 324 CONTRA
1263 286 1537 333 GENTILES,
1566 287 1660 323 LIB.
1682 287 1723 333 II,
1754 286 1865 324 CAP.
1886 288 1966 324 LV.

277 366 368 403 tem'.
401 364 650 412 Quibusdam
669 377 763 402 vero
788 365 935 415 absque
959 365 1280 426 apprehensione,
1303 378 1349 403 ex

278 420 360 457 sola
388 418 634 456 inclinatione
664 419 898 456 naturalium
926 419 1218 469 principiorum,
1248 432 1349 469 quae

279 473 460 510 naturalis
497 474 677 522 appetitus
714 472 753 509 in
786 472 1022 522 quibusdam
1055 473 1209 510 dicitur:
1254 473 1351 510 sicut

277 538 394 575 grave
414 526 558 576 appetit
573 538 655 563 esse
675 526 872 563 deorsum.
893 527 1066 576 Utroque
1081 534 1212 564 autem
1227 526 1349 563 modo

278 579 376 617 inest
405 580 522 617 rebus
554 581 728 616 naturale
767 579 1002 618 desiderium
1031 579 1198 618 essendi:
1239 579 1350 617 cuius

279 633 434 682 signum
467 641 523 670 est
556 633 649 682 quia
682 641 718 669 et
755 645 800 671 ea
829 646 930 683 quae
959 634 1179 682 cognitione
1207 641 1349 679 carent,

278 687 459 724 resistunt
473 687 814 736 corrumpentibus
829 688 1048 725 secundum
1062 687 1245 724 virtutem
1260 699 1349 724 suo-

278 752 367 777 rum
395 739 677 790 principiorum
713 741 965 787 naturalium3
1001 749 1038 778 et
1070 753 1115 778 ea
1148 753 1249 790 quae
1287 752 1350 777 co—

277 793 490 843 gnitionem
528 794 688 841 habent,
727 795 906 832 resistunt
948 794 1094 832 eisdem
1132 794 1350 831 secundum

277 847 445 885 modum
474 860 567 885 suae
605 848 844 896 cognitionis.
883 850 948 886 Illa
984 847 1097 897 igitur
1133 843 1353 896 cognitione

277 901 447 938 carentia
475 914 648 951 quorum
675 901 873 952 principiis
901 902 998 939 inest
1025 901 1146 939 virtus
1174 901 1224 938 ad
1258 913 1349 937 con-

278 955 517 992 servandum
554 967 637 993 esse
669 963 905 1006 perpetuum
939 956 989 993 ita
1021 955 1129 1005 quod
1167 962 1351 991 maneant

278 1021 434 1059 semper
461 1009 600 1047 eadem
629 1009 846 1047 secundum
875 1021 1099 1054 numerum,
1129 1007 1351 1045 naturaliter

277 1070 465 1113 appetunt
494 1069 577 1100 esse
605 1071 841 1113 perpetuum
861 1062 977 1100 etiarn
1007 1062 1225 1100 secundum
1245 1061 1350 1098 idem

277 1128 458 1154 numero.
490 1117 675 1164 Quorum
703 1125 834 1154 autem
870 1115 1059 1166 principia
1093 1128 1174 1152 non
1206 1115 1351 1152 habent

278 1170 327 1207 ad
356 1171 433 1208 hoc
461 1170 655 1217 virtutem,
685 1171 752 1208 sed
782 1171 911 1207 solum
949 1170 998 1207 ad
1036 1170 1351 1207 conservandum

278 1236 361 1261 esse
389 1232 624 1274 perpetuum
660 1224 879 1261 secundum
915 1223 1021 1261 idem
1059 1223 1196 1272 specie,
1235 1222 1351 1260 etiam

278 1277 331 1315 sic
346 1278 568 1315 naturaliter
582 1285 770 1328 appetunt
783 1277 1092 1338 perpetuitatem.
1108 1277 1220 1314 Hanc
1240 1276 1353 1325 igitur

277 1331 549 1373 differentiam
556 1339 708 1381 oportet
727 1340 764 1368 et
791 1331 832 1368 in
852 1330 938 1368 his'
930 1330 1094 1368 mveniri
1115 1330 1257 1380 quibus
1286 1330 1351 1367 de-

278 1384 464 1423 siderium
484 1384 636 1423 essendi
655 1397 748 1422 cum
767 1384 985 1433 cognitione
1005 1384 1118 1422 inest:
1150 1392 1192 1421 ut
1212 1383 1352 1420 scilicet

277 1438 340 1476 illa
368 1451 469 1488 quae
498 1451 579 1476 non
607 1446 848 1487 cognoscunt
866 1450 949 1475 esse
977 1437 1051 1475 nisi
1079 1445 1122 1474 ut
1149 1449 1266 1483 nunc,
1286 1438 1352 1474 de-

277 1492 447 1529 siderant
475 1504 558 1529 esse
586 1500 629 1529 ut
657 1503 778 1538 nunc3
808 1503 890 1528 non
910 1499 1041 1528 autem
1066 1502 1230 1540 semper,
1260 1491 1352 1539 quia

275 1557 360 1582 esse
389 1545 671 1595 sempiternum
690 1557 771 1582 non
791 1545 1102 1595 apprehendunt.
1123 1543 1352 1581 Desiderant

275 1606 408 1636 tamen
445 1610 528 1635 esse
566 1606 802 1648 perpetuum
840 1597 997 1647 speciei:
1036 1605 1167 1635 tamen
1190 1597 1351 1645 ,absque

275 1651 513 1700 cognitione;
543 1651 636 1701 quia
663 1651 786 1688 virtus
813 1650 1046 1699 generativa,
1076 1663 1177 1700 quae
1206 1650 1255 1687 ad
1276 1651 1352 1686 hoe

276 1705 454 1752 deservit,
483 1705 738 1755 praeambula
766 1712 833 1750 est,
871 1712 908 1741 et
945 1716 1027 1741 non
1055 1703 1260 1741 subiacens
1287 1715 1352 1740 co—

275 1758 447 1808 gnitioni.
476 1760 542 1796 Illa
570 1758 684 1807 igitur
711 1770 812 1807 quae
841 1757 970 1807 ipsum
1001 1769 1083 1794 esse
1116 1765 1352 1807 perpetuum

275 1820 516 1862 cognoscunt
553 1819 590 1849 et
626 1811 936 1862 apprehendunt,
975 1810 1193 1848 desiderant
1221 1811 1352 1860 ipsum

274 1865 438 1905 naturali
466 1865 670 1908 desiderio.
697 1866 784 1903 Hoc
813 1873 945 1903 autern
966 1864 1148 1902 convenit
1168 1863 1351 1902 omnibus

2402 288 2475 336 395

1459 367 1610 403 Adhuc.
1629 367 1914 416 Quaecumque
1933 366 2121 416 incipiunt
2136 379 2218 404 esse
2234 375 2270 404 et
2286 367 2477 415 desinunt,

1404 432 1474 469 per
1502 420 1667 457 eandem
1688 420 1900 469 potentiam
1920 420 2064 458 habent
2083 428 2312 470 utrumque:
2339 422 2477 459 eadem

1406 473 1511 510 enim
1540 482 1596 510 est
1623 473 1794 523 potentia
1823 474 1871 510 ad
1901 486 1983 511 esse
2012 482 2049 511 et
2077 475 2126 511 ad
2160 487 2240 511 non
2274 487 2367 512 esse.
2400 476 2476 513 Sed

1406 526 1640 563 substantiae
1669 526 1916 586 intelligentes
1950 540 2031 564 non
2063 536 2275 577 potuerunt
2307 528 2476 589 incipere

1366 603 1374 623 5
1406 592 1488 617 eSSC
1517 592 1590 617 nlsl
1617 592 1688 629 pes
1706 588 1917 629 potentlam
1938 593 2053 630 prlml
2078 589 2236 629 agellus:
2266 594 2347 619 110ss
2370 582 2476 620 essim

1406 642 1494 670 sunt
1531 646 1578 670 ex
1615 633 1785 679 materia,
1824 646 1924 682 quae
1961 634 2127 683 potuerit
2168 635 2392 684 praefuisse,
2434 644 2477 673 ut

1406 694 1605 724 ostensum
1643 687 1743 723 est*.
1778 664 1896 735 Igitur
1937 700 2008 724 nec
2049 696 2105 724 est
2142 689 2270 738 aliqua
2306 689 2512 738 potentia·

1406 741 1454 777 ad
1488 753 1568 777 non
1603 753 1686 777 esse
1720 753 1855 778 earum
1890 740 1961 777 nisi
2000 741 2038 777 in
2073 741 2199 791 primo
2234 750 2378 791 agente,
2418 756 2475 781 se-

1406 794 1582 831 cundum
1611 794 1718 843 quod
1747 802 1874 844 potest
1901 806 1982 831 non
2012 794 2174 832 influere
2200 795 2253 832 eis
2283 808 2376 833 esse.
2398 797 2475 834 Sed

1366 869 1391 883 ιο
1406 860 1453 884 ex
1481 848 1555 884 hac
1583 849 1663 885 sola
1696 847 1866 908 potentia
1899 847 1995 885 nihil
2026 856 2152 897 potest
2183 848 2258 885 dici
2290 850 2475 899 corrupti-

1405 901 1491 938 bile.
1521 902 1628 938 Tum
1653 901 1743 950 quia
1774 914 1833 938 res
1861 901 2043 939 dicuntur
2061 901 2296 939 necessariae
2325 910 2362 939 et
2384 915 2475 940 con-

1405 954 1591 1003 tingentes
1612 955 1829 992 secundum
1857 955 2070 1004 potentiam
2099 967 2199 1005 quae
2220 963 2275 992 est
2296 956 2334 992 in
2355 956 2419 1002 eis,
2440 965 2476 993 et

1406 1020 1486 1045 non
1515 1009 1733 1045 secundum
1762 1008 1975 1058 potentiam
1995 1009 2079 1055 Dei,
2100 1016 2142 1046 ut
2171 1009 2322 1059 supra*
2351 1017 2475 1046 osten-

1406 1074 1495 1099 sum
1524 1070 1590 1099 est.
1621 1063 1727 1100 Tum
1758 1062 1873 1099 etiam
1909 1062 2000 1112 quia
2034 1063 2153 1109 Deus,
2187 1063 2254 1113 qui
2284 1070 2339 1100 est
2372 1063 2475 1100 insti—

1367 1135 1389 1155 ις
1405 1123 1509 1152 tutor
1536 1124 1708 1162 naturae,
1737 1128 1818 1153 non
1848 1116 2035 1153 subtrahit
2064 1116 2179 1157 rebus
2208 1116 2247 1154 id
2284 1117 2392 1166 quod
2421 1125 2476 1154 est

1406 1169 1610 1218 proprium
1643 1169 1788 1207 naturis
1817 1182 1968 1215 earum3
1999 1178 2199 1207 ostensum
2229 1170 2316 1207 est*
2344 1178 2476 1208 autem

1407 1223 1514 1272 quod
1536 1223 1739 1272 proprium
1770 1223 1915 1260 naturis
1943 1223 2260 1260 intellectualibus
2289 1231 2344 1260 est
2367 1224 2475 1273 quod

1407 1276 1480 1313 sint
1507 1285 1734 1326 perpetuae;
1764 1277 1868 1314 unde
1898 1278 1974 1314 hoc
2003 1276 2056 1314 eis
2094 1289 2116 1314 a
2153 1278 2238 1315 Deo
2276 1289 2357 1314 non
2385 1277 2474 1314 sub-

1406 1331 1589 1367 trahetur.
1612 1331 1710 1368 Sunt
1739 1330 1851 1379 igitur
1879 1330 2111 1368 substantiae
2136 1330 2406 1368 intellectuales
2429 1343 2475 1367 ex

1367 1383 1516 1420 -oomni
1544 1392 1651 1433 parte
1680 1383 1998 1433 incorruptibiles.

1461 1436 1562 1474 Hinc
1582 1445 1637 1474 est
1656 1438 1763 1486 quod
1783 1437 1822 1474 in
1843 1438 1998 1475 Psalmo
2019 1438 2187 1475 Laudate
2204 1439 2410 1474 Dominum
2431 1437 2476 1474 de

1407 1491 1518 1527 caelis
1532 1491 1561 1536 ⁷³²,
1592 1490 1880 1527 connumeratis
1906 1490 2048 1539 angelis
2075 1499 2110 1527 et
2138 1490 2363 1528 caelestibus
2390 1502 2473 1527 cor-

1406 1543 1578 1592 poribus,
1608 1543 1900 1592 subiungitur*:
1928 1545 2056 1581 Statuit
2085 1557 2128 1581 ea
2157 1547 2194 1581 in
2224 1550 2415 1581 aeternum
2442 1550 2475 1580 et

1408 1598 1444 1633 in
1468 1597 1658 1634 saeculum
1682 1597 1831 1643 saeculi,
1859 1609 1928 1646 per
1952 1597 2058 1646 quod
2080 1597 2366 1647 praedictorum
2389 1610 2474 1646 per-

1367 1668 1391 1688 ²5
1407 1650 1571 1698 petuitas
1600 1650 1829 1698 designatur.

1461 1703 1673 1752 Dionysius
1688 1703 1815 1748 etiam,
1836 1703 1874 1740 in
1895 1716 1929 1740 lv
1945 1716 2027 1752 cap.
2048 1705 2093 1740 de
2106 1705 2191 1740 Div.
2213 1703 2371 1749 Nom.*,
2386 1703 2476 1739 dicit

1407 1756 1516 1805 quod
1539 1762 1696 1806 propter
1724 1757 1871 1794 divinae
1899 1759 2069 1794 bonitatis
2090 1757 2216 1793 radios
2242 1758 2476 1793 substiterunt

1408 1810 1654 1860 intelligibiles
1678 1816 1711 1847 et
1731 1810 1990 1847 intellectuales
2014 1811 2249 1856 substantiae,
2276 1816 2310 1846 et
2335 1816 2419 1846 sunt
2444 1816 2477 1847 et

1407 1865 1544 1910 vivunt,
1575 1869 1608 1900 et
1636 1865 1771 1901 hahent
1798 1866 1912 1901 vitam
1946 1864 2214 1911 indeficientem
2244 1870 2276 1900 et
2304 1865 2476 1901 immino-

276 1919 498 1958 substantiis
527 1916 834 1968 intelligentibus.
865 1919 1016 1957 Omnes
1045 1918 1157 1966 igitur
1176 1918 1351 1955 substan·
1368 1935 1393 1955 3⁰
1407 1918 1575 1963 rabilem,
1606 1919 1654 1954 ab
1692 1918 1866 1955 universa
1899 1919 2139 1967 corruptione
2173 1923 2206 1954 et
2233 1919 2477 1967 generatione

275 1973 349 2012 tiae
377 1973 628 2022 intelligentes
656 1972 820 2011 naturali
839 1972 1031 2010 desiderio
1061 1980 1248 2022 appetunt
1267 1984 1350 2008 esse

276 2039 443 2078 semper.
464 2028 566 2076 Ergo
587 2026 825 2077 impossibile
845 2035 901 2064 est
920 2026 1028 2076 quod
1053 2038 1135 2063 esse
1156 2025 1347 2062 deficiant.

331 2159 345 2176 2
366 2150 443 2184 quae]
463 2151 508 2184 qui
527 2150 649 2176 nDWPc.
741 2149 755 2175 5
775 2150 843 2175 inest
861 2151 883 2175 Α
902 2150 987 2180 solus;
1008 2155 1048 2174 est
1066 2150 1100 2175 in.

275 2186 473 2221 apprehendunt
491 2186 564 2218 sEP;
584 2194 626 2211 om
647 2185 678 2218 N,
698 2193 751 2211 non
771 2191 895 2220 appetunt
913 2185 1003 2211 ceteri.

275 2223 463 2248 intellectuales
482 2222 547 2247 de.
640 2221 671 2247 32
693 2229 799 2254 semper
816 2223 839 2247 A
857 2222 944 2252 solus;
964 2226 1129 2254 perpetuum.

331 2258 345 2284 3
365 2264 391 2284 et
409 2259 442 2284 ad
460 2258 510 2290 W;
529 2263 563 2284 et.
654 2266 672 2289 4
690 2257 873 2290 intelligentes]
893 2257 1082 2282 intellectuales
1101 2257 1149 2282 Pd.

275 2297 298 2320 A
315 2295 402 2324 solun
420 2295 503 2328 quod.
595 2293 628 2319 16
647 2293 755 2328 naturis]
775 2294 890 2318 materiis
911 2293 959 2324 αΕ,
979 2292 1077 2318 naturis
1101 2292 1216 2318 materiis
1235 2292 1267 2317 X.

277 2330 309 2356 23
329 2338 360 2356 ea
378 2330 414 2364 in]
434 2338 478 2356 eas
498 2331 524 2355 in
543 2330 608 2355 «Xe.
701 2329 734 2355 26
753 2330 814 2354 dicit
831 2329 959 2354 addimus
984 2336 1044 2354 cum
1065 2328 1188 2358 DNYZP,
1208 2336 1251 2353 om
1270 2329 1292 2352 A
1311 2334 1390 2357 casu;
1417 2327 1501 2359 inquit
1519 2328 1542 2357 b,
1562 2334 1604 2351 om
1624 2327 1715 2351 ceteri.

275 2371 376 2392 nerunt
395 2367 422 2392 Ρ.
516 2373 549 2399 29
568 2371 594 2390 et
613 2365 834 2391 imminorabilem
853 2372 895 2390 om
916 2364 948 2395 G,
968 2370 994 2389 et
1012 2364 1195 2389 minorabilem
1216 2372 1241 2393 α,
1261 2370 1286 2388 et
1304 2364 1448 2388 immunem
1468 2362 1519 2392 ΝΖ,
1539 2368 1563 2387 et
1583 2370 1634 2387 non
1653 2362 1798 2387 immunem
1817 2361 1849 2392 Y,
1869 2367 1894 2386 et
1913 2361 1944 2386 X.

277 2401 310 2428 32
329 2401 480 2436 variatione]
499 2402 622 2426 varietate
641 2401 718 2427 NYZ.

1193 2156 1224 2181 ¹7
1245 2148 1331 2182 etiam]
1353 2153 1378 2173 et
1397 2148 1486 2178 NXcd,
1506 2155 1548 2172 om
1569 2148 1597 2172 Ρ.

1096 2192 1129 2216 24
1147 2190 1303 2218 perpetuum
1320 2187 1383 2216 post
1409 2183 1503 2216 speciei
1524 2183 1645 2208 eDWPc.

1239 2255 1255 2280 8
1275 2263 1364 2281 earum
1383 2255 1475 2285 Dwz;
1495 2262 1597 2280 eorum.

1359 2298 1391 2324 ¹7
1410 2290 1520 2324 naturis]
1540 2290 1654 2315 materiis
1672 2291 1722 2320 αΧ,
1740 2290 1858 2322 spatium
1878 2290 1909 2315 E.

1407 1977 1439 2008 et
1468 1977 1587 2008 morte
1615 1971 1779 2008 mundae
1805 1973 2008 2017 existentes,
2040 1977 2073 2008 et
2100 1971 2263 2008 elevatae
2290 1972 2337 2008 ab
2366 1972 2476 2007 insta-

1405 2025 1471 2062 bili
1497 2031 1530 2061 et
1554 2026 1663 2072 fluxa
1692 2026 1909 2062 variatione.

1691 2154 1722 2181 19
1742 2152 1768 2172 et
1787 2147 1812 2171 in
1837 2147 1942 2177 EGNZ;
1968 2146 2045 2171 etiam
2069 2146 2093 2170 in
2113 2147 2144 2177 D,
2164 2147 2189 2171 in
2207 2147 2298 2172 ceteri.
2373 2147 2404 2172 23
2424 2155 2476 2172 non

1738 2182 1771 2208 30
1790 2181 2000 2216 intelligentibus]
2025 2182 2242 2207 intellectualibus
2268 2183 2359 2215 Nde3
2383 2184 2475 2209 statim

1688 2262 1704 2288 9
1723 2262 1776 2279 non
1795 2261 1838 2279 om
1858 2254 1907 2278 αΧ.
1999 2261 2033 2285 ¹4
2051 2254 2096 2286 qui
2109 2261 2151 2278 om
2167 2254 2216 2278 αΧ.
2310 2253 2340 2279 15
2361 2254 2386 2279 id
2405 2254 2476 2287 quod

2000 2289 2032 2314 28
2052 2289 2227 2323 subtrahetur]
2252 2289 2410 2314 subtrahitur
2429 2290 2476 2316 Pa.

1807 2333 1839 2358 27
1859 2324 2040 2359 substiterunt]
2065 2325 2253 2350 substituerunt
2276 2326 2373 2356 BCFX,
2392 2326 2476 2350 subsi-

2038 2360 2066 2386 31
2090 2366 2115 2385 et
2134 2360 2226 2395 morte]
2247 2361 2318 2394 quod
2332 2366 2415 2386 morte
2433 2361 2476 2387 Pc.

1039 2516 1376 2549 Commentario.
1406 2514 1717 2547 Ferrariensis

342 2625 439 2645 mmo
463 2614 539 2645 loco
567 2620 727 2654 quantum
757 2613 798 2644 ad
827 2615 911 2645 hanc
938 2620 1073 2655 partem,
1101 2614 1240 2644 ostendit
1272 2614 1351 2644 San-

344 2665 414 2690 ctus
447 2659 594 2690 Thomas
627 2668 754 2689 omnem
781 2659 993 2689 substantiam
1021 2659 1270 2689 intellectualem
1302 2659 1350 2687 in-

276 2704 519 2745 corruptibilem
544 2713 612 2734 esse
623 2705 649 2734 ἓ.

332 2749 355 2779 1.
379 2749 424 2779 Et
446 2749 561 2790 arguit
578 2748 689 2789 primo
713 2748 769 2778 sic.
795 2747 911 2778 Omnis
935 2747 1113 2787 corruptio,
1137 2753 1204 2777 tam
1228 2747 1350 2787 simpli-

277 2795 356 2825 citer
379 2803 478 2834 quam
501 2792 684 2823 seeundum
708 2792 797 2832 quid,
822 2791 858 2822 fit
881 2801 939 2832 per
963 2792 1201 2832 separationem
1225 2790 1350 2821 formae
1376 2807 1378 2809 >

276 2848 294 2869 a
317 2838 466 2869 materia:
491 2838 578 2878 quia,
603 2837 708 2867 forma
730 2842 893 2873 manente,
918 2841 1049 2876 oportet
1076 2845 1144 2866 rem
1169 2845 1247 2871 esse,
1274 2845 1350 2865 curn

275 2892 334 2923 per
356 2883 460 2923 ipsam
474 2882 651 2912 substantia
675 2881 730 2912 fiat
748 2881 919 2922 proprium
943 2881 1164 2921 susceptivum
1187 2889 1265 2911 esse.
1287 2879 1351 2910 Sed

275 2928 310 2958 in
340 2927 524 2958 substantiis
554 2926 826 2957 intellectualibus
856 2935 925 2955 non
952 2930 1060 2965 potest
1091 2924 1159 2955 fieri
1191 2925 1349 2964 separatio

276 2972 400 3003 formae
424 2982 442 3002 a
457 2972 606 3002 materia:
624 2980 701 3002 cum
716 2980 785 3001 non
802 2971 866 3000 sint
879 2979 919 3002 ¹ex
935 2970 1068 3000 materia
1085 2975 1116 3000 et
1131 2969 1237 2999 forma
1260 2979 1350 2999 corn-

275 3018 412 3058 positae.
437 3017 524 3056 Ergo
549 3021 610 3046 etc.

332 3071 361 3092 2.
386 3060 449 3092 Sed
473 3071 542 3091 non
564 3060 691 3091 videtur
715 3059 806 3100 quod
828 3060 888 3090 ista
916 3059 996 3089 ratio
1029 3058 1212 3089 concludat.
1237 3058 1351 3088 Posset

277 3107 365 3137 enim
390 3106 506 3147 aliquis
531 3105 570 3136 ad
593 3106 750 3136 maiorem
771 3104 877 3134 dicere
898 3103 988 3144 quod
1008 3109 1054 3133 est
1078 3113 1151 3133 vera
1176 3103 1216 3133 de
1240 3113 1350 3133 corru-

275 3151 389 3192 ptione
413 3160 519 3181 rerum
548 3150 815 3190 compositarum,
838 3158 907 3179 non
938 3153 1047 3179 autem
1072 3148 1112 3178 de
1140 3149 1350 3188 corruptione

276 3196 492 3237 spiritualium
508 3195 768 3226 substantiarum.
787 3193 881 3225 Unde
898 3193 1023 3229 Scotus‚
1041 3193 1085 3223 IV
1100 3192 1198 3228 Sent„
1217 3192 1247 3223 d.
1264 3202 1349 3228 xrm,

277 3250 308 3281 q.
325 3242 387 3278 η’,
411 3241 519 3281 inquit
542 3239 632 3280 quod
657 3249 722 3270 non
748 3238 852 3269 omnis
875 3238 1044 3278 corruptio
1069 3242 1116 3267 est
1131 3247 1196 3278 per
1217 3246 1350 3277 separa-

277 3286 397 3316 tionem
421 3285 519 3316 unius
541 3285 581 3315 ab
605 3284 692 3314 alio:
714 3293 782 3314 esse
798 3283 882 3313 enim
899 3283 1011 3324 angeli
1030 3287 1078 3312 est
1092 3282 1279 3312 destruibile
1287 3291 1352 3322 per

275 3330 511 3361 successionem
536 3329 674 3370 oppositi
697 3329 740 3359 ad
764 3328 867 3368 ipsum
892 3337 968 3358 esse.

333 3375 413 3405 Item
436 3384 506 3405 non
525 3374 651 3405 videtur
667 3373 830 3404 sufficiens
845 3373 926 3403 ratio
944 3371 1045 3412 quod,
1063 3370 1167 3401 forma
1187 3376 1349 3407 manente,

276 3425 406 3450 maneat
429 3429 508 3456 esse,
533 3420 610 3459 quia
625 3428 683 3459 per
698 3417 838 3448 formam
858 3417 1034 3447 substantia
1053 3415 1088 3446 fit
1111 3416 1289 3466 proprium.
1297 3425 1350 3445 su-

277 3465 460 3505 sceptivum
490 3473 569 3494 esse.
600 3464 677 3494 Non
709 3464 807 3499 enim,
832 3463 857 3492 si
888 3471 945 3502 per
971 3460 1095 3501 aliquid
1121 3460 1157 3490 fit
1180 3461 1350 3511 proprium

277 3510 498 3550 susceptivum
522 3508 659 3539 alicuius
685 3513 785 3544 actus,
809 3512 948 3548 oportet,
972 3511 1123 3536 manente
1146 3504 1203 3535 illo
1231 3505 1350 3544 princi-

277 3554 344 3594 pio,
365 3563 434 3584 rem
457 3553 575 3584 habere
598 3553 691 3583 illum
708 3558 827 3583 actum.
852 3552 936 3582 Nam
953 3561 1010 3591 per
1026 3550 1183 3591 principia
1205 3550 1350 3589 corporis

277 3597 314 3628 fit
337 3599 507 3639 proprium
536 3599 757 3638 susceptivum
786 3596 959 3627 albedinis.
984 3605 1052 3625 non
1081 3600 1189 3625 tamen
1220 3599 1351 3634 oportet

278 3647 323 3679 ut,
355 3643 416 3673 illis
446 3643 663 3679 manentibus,
695 3651 814 3682 corpus
844 3642 884 3671 sit
914 3641 1038 3676 album;
1071 3639 1216 3679 alioquin
1251 3647 1349 3668 omne

279 3696 398 3728 corpus
423 3693 505 3718 esset
529 3687 649 3717 album.

1463 2613 1492 2643 3.
1517 2612 1568 2642 Ad
1592 2613 1735 2651 primum
1765 2612 1884 2641 horum
1913 2611 2029 2641 dicitur
2053 2611 2143 2650 quod
2171 2610 2306 2641 Sanctus
2330 2611 2474 2641 Thomas

1405 2657 1521 2696 accipit
1544 2656 1631 2686 ssiam
1654 2656 1914 2696 propositionem
1935 2661 2089 2695 tanquam
2113 2656 2333 2685 universaliter
2355 2665 2473 2692 veram,

1405 2711 1443 2731 ex
1467 2702 1504 2731 iis
1529 2710 1612 2740 quae
1629 2700 1717 2740 apud
1735 2709 1795 2730 nos
1812 2705 1983 2740 apparent:
2001 2699 2148 2730 videmus
2169 2700 2255 2730 enim
2278 2700 2311 2729 in
2335 2700 2374 2729 iis
2390 2709 2474 2739 quae

1404 2745 1491 2785 apud
1508 2755 1568 2775 nos
1585 2750 1839 2785 corrumpuntur
1855 2745 2113 2780 substantialiter,
2138 2745 2381 2784 corruptionem
2404 2744 2473 2774 fieri

1404 2799 1462 2829 per
1485 2790 1721 2829 separationem
1751 2788 1875 2819 formae
1904 2789 2116 2820 substantialis
2146 2799 2163 2818 a
2192 2789 2339 2824 materia;
2365 2798 2473 2819 corru-

1404 2835 1551 2874 ptionem
1567 2840 1676 2864 autem
1693 2833 1924 2864 accidentalem
1940 2833 2009 2864 fieri
2025 2843 2082 2874 per
2098 2834 2332 2873 separationem
2351 2832 2474 2863 formae

1405 2878 1609 2909 accidentalis
1625 2889 1643 2908 a
1659 2879 1815 2909 subiecto.
1837 2878 2099 2909 Fundamentum
2116 2884 2224 2908 autem
2241 2878 2335 2908 huius
2353 2887 2473 2917 propo-

1404 2924 1528 2953 sitionis
1557 2929 1604 2954 est
1627 2924 1703 2963 quia
1727 2924 1760 2953 in
1785 2924 1875 2953 omni
1900 2924 2120 2963 corruptione,
2145 2928 2181 2953 ut
2203 2928 2290 2962 patet
2317 2932 2355 2952 ex
2382 2923 2473 2952 tertia

1403 2969 1528 2998 ratione
1551 2967 1684 2998 inferius
1709 2969 1823 3008 posita,
1848 2973 1977 3008 oportet
2008 2967 2129 3007 aliquid
2160 2977 2303 3003 manere,
2328 2966 2472 3006 alioquin

1403 3022 1472 3043 non
1496 3018 1579 3043 esset
1602 3013 1756 3049 mutatio;
1782 3019 1813 3043 et
1837 3018 1965 3052 oportet
1995 3011 2117 3052 aliquid
2140 3021 2207 3042 non
2231 3020 2369 3047 manere,
2395 3011 2473 3041 alio-

1405 3058 1485 3097 quin
1499 3067 1568 3087 non
1586 3063 1668 3088 esset
1685 3058 1861 3097 corruptio.
1886 3057 1921 3087 Id
1941 3056 2031 3097 quod
2046 3062 2154 3086 manet
2171 3062 2217 3086 est
2236 3056 2377 3091 materia,
2398 3056 2473 3095 quia

1404 3102 1537 3132 materia
1562 3107 1608 3132 est
1631 3103 1773 3142 primum
1797 3102 1978 3132 subiectum
2007 3106 2038 3131 et
2066 3101 2279 3141 generationis
2309 3106 2340 3130 et
2364 3109 2473 3130 corru-

1404 3147 1541 3187 ptionis:
1560 3146 1651 3187 quod
1666 3156 1732 3177 non
1757 3152 1867 3177 manet
1890 3152 1936 3176 est
1955 3145 2077 3185 aliquid
2093 3145 2279 3175 distinctum
2297 3155 2314 3174 a
2330 3145 2472 3180 materia,

1405 3191 1496 3231 quod
1527 3197 1575 3221 est
1603 3192 1772 3231 proprium
1801 3191 2021 3231 susceptivum
2052 3199 2130 3220 esse.
2164 3190 2238 3219 Hoc
2271 3194 2379 3219 autem
2405 3198 2472 3218 non

1404 3242 1512 3276 potest
1536 3245 1605 3266 esse
1627 3237 1688 3266 nisi
1712 3245 1769 3276 per
1792 3236 2028 3275 separationem
2052 3234 2174 3264 formae
2191 3244 2208 3264 a
2225 3234 2371 3264 materia:
2398 3234 2473 3273 quia

1405 3281 1550 3321 quandiu
1574 3280 1678 3311 forma
1701 3281 1811 3311 unitur
1834 3280 1995 3315 materiae,
2024 3279 2135 3309 tandiu
2159 3285 2205 3309 est
2228 3278 2396 3318 proprium
2420 3287 2473 3308 su-

1406 3326 1585 3365 sceptivum
1608 3326 1709 3365 ipsius
1734 3335 1811 3361 esse,
1837 3330 1872 3355 ut
1895 3325 1946 3354 hic
1971 3324 2095 3354 dicitur.

1459 3369 1554 3401 Unde
1571 3370 1615 3400 sic
1632 3375 1739 3410 potest
1755 3370 1882 3409 probari
1899 3369 2091 3409 propositio.
2106 3367 2141 3397 In
2158 3368 2247 3397 omni
2265 3366 2472 3407 corruptione

1405 3420 1534 3454 oportet
1553 3414 1676 3454 aliquid
1692 3423 1867 3450 remanere,
1885 3419 1916 3443 et
1935 3412 2056 3452 aliquid
2073 3411 2217 3442 desinere
2234 3421 2312 3441 esse.
2329 3410 2393 3442 Sed
2409 3411 2472 3441 hoc

1404 3469 1473 3489 non
1496 3465 1603 3499 potest
1628 3469 1695 3489 esse
1719 3459 1780 3488 nisi
1804 3467 1861 3498 per
1884 3458 2118 3497 separationem
2142 3455 2266 3486 formae
2285 3465 2303 3485 a
2325 3456 2471 3485 materia:

1405 3505 1481 3544 quia
1504 3504 1538 3534 in
1567 3513 1606 3534 eo
1632 3503 1722 3543 quod
1752 3508 1799 3533 est
1829 3502 2047 3542 compositum
2076 3510 2114 3531 ex
2141 3501 2273 3531 materia
2301 3505 2332 3530 et
2358 3500 2472 3536 forma,

1405 3549 1430 3578 si
1446 3553 1624 3578 remaneret
1646 3547 1749 3578 forma
1766 3548 1854 3577 unita
1870 3547 2031 3582 materiae,
2047 3550 2226 3576 remaneret
2242 3545 2472 3585 compositum,

1405 3593 1495 3633 quod
1519 3598 1566 3623 est
1581 3593 1749 3632 proprium
1766 3591 1986 3631 susceptivum
2002 3600 2085 3626 esse;
2102 3590 2136 3620 in
2153 3590 2258 3620 forma
2274 3594 2382 3620 autem
2398 3589 2473 3619 sub-

1405 3638 1538 3673 sistenti,
1554 3647 1622 3667 non
1639 3641 1784 3666 maneret
1799 3635 1920 3675 aliquid
1937 3636 1962 3665 si
1983 3635 2141 3665 desineret
2160 3644 2239 3670 esse,
2264 3639 2295 3664 et
2318 3644 2376 3674 per
2395 3643 2474 3664 con-

1404 3691 1543 3722 sequens
1567 3691 1633 3711 non
1658 3687 1741 3711 esset
1765 3681 1940 3720 corruptio.
1965 3680 2051 3720 Ergo
2077 3685 2137 3710 etc.

2527 695 2585 723 Cap.
2595 702 2650 718 mx
2665 703 2717 725 sqq.

2504 1027 2513 1035 ‘
2528 1025 2583 1052 Cap.
2594 1031 2648 1047 xxx.

2504 1181 2512 1189 ·
2523 1181 2549 1201 In
2565 1179 2610 1201 hoe
2625 1186 2674 1208 cap.

2503 1497 2511 1505 ·
2526 1495 2564 1517 Ps.
2580 1501 2673 1517 cxi-vm.

2502 1555 2511 1563 '¹
2526 1553 2593 1574 Vers.
2609 1553 2630 1574 6.

2502 1709 2511 1717 '
2527 1707 2550 1729 S.
2561 1707 2606 1728 Th.
2617 1708 2632 1728 l.
2644 1714 2662 1729 ι.
