2768 4134
323 260 394 296 156

315 337 478 377 exemplar
508 339 540 365 et
570 334 700 374 propria
722 332 804 363 ratio
828 340 944 362 eorum
968 340 1051 372 quae
1076 331 1121 361 sic
1144 331 1178 361 in
1206 331 1278 371 ipso
1310 339 1389 360 con-

314 383 465 412 tinentur.
489 378 552 410 Sed
578 379 612 409 in
636 378 707 408 Deo
734 377 845 408 omnia
872 375 1144 417 perfectionaliter
1171 375 1388 406 continentur.

314 427 399 466 Ergo
415 429 522 465 potest
538 423 642 463 accipi
657 428 694 454 ut
709 422 839 463 propria
855 422 936 452 ratio
953 421 1165 461 singulorum.
1187 419 1282 451 Unde
1299 418 1390 460 quod

314 476 360 501 est
382 468 552 510 proprium
581 468 760 508 unicuique
790 467 824 498 in
857 476 915 497 sua
946 466 1083 497 essentia
1113 463 1389 506 comprehendere

312 519 429 556 potest,
454 512 664 553 intelligendo
689 513 723 543 in
747 521 814 552 quo
839 520 931 542 suam
955 511 1127 542 essentiam
1150 509 1294 540 imitetur
1309 514 1341 540 et
1356 509 1390 539 in

313 569 380 600 quo
396 569 414 589 a
430 568 488 589 sua
503 557 704 598 perfectione
725 556 844 588 deficit.
869 555 1083 596 Intelligendo
1106 554 1194 585 enim
1218 554 1389 585 essentiam

312 613 404 635 suam
428 608 464 634 ut
486 602 676 634 imitabilem
700 612 758 643 per
780 600 918 632 modum
941 601 1025 631 vitae
1042 605 1074 630 et
1089 609 1158 630 non
1181 598 1388 640 cognitionis,

311 649 428 689 accipit
443 648 609 689 propriam
625 647 764 678 formam
781 652 813 677 et
827 646 987 677 rationem
1010 645 1153 686 plantae;
1178 642 1388 683 intelligendo

311 703 388 724 vero
413 702 486 733 eam
510 698 546 724 ut
568 692 759 723 imitabilem
790 700 848 732 per
877 689 1016 721 modum
1046 689 1242 729 cognitionis
1266 693 1297 718 et
1320 697 1389 718 non

311 735 503 773 intellectus,
527 737 645 778 accipit
673 736 839 778 propriam
871 734 1010 766 formam
1040 733 1201 770 animalis;
1225 738 1256 764 et
1279 733 1325 763 sic
1349 731 1389 768 de

311 783 390 814 aliis.
414 782 456 813 Et
480 782 525 812 sic
548 787 637 823 patet
660 780 750 822 quod
781 780 889 811 divina
919 779 1066 815 essentia,
1091 788 1130 809 ex
1161 787 1202 808 eo
1226 776 1317 818 quod
1342 782 1390 807 est

304 828 466 859 'omnibus
497 826 603 858 modis
635 825 787 867 perfecta,
812 829 920 866 potest
951 824 1055 864 accipi
1086 828 1122 854 ut
1152 823 1284 864 propria
1307 822 1387 852 ratio

311 872 524 914 singulorum.

367 917 421 951 IV.
445 915 690 948 Advertendum
715 920 762 945 est
784 919 886 945 totam
906 914 1065 944 rationem
1085 918 1117 943 et
1136 911 1387 950 fundamentum

312 962 419 995 Sancti
432 961 581 992 Thomae
598 970 666 991 esse
683 959 775 1000 quod
791 959 962 989 continens
985 958 1094 998 aliqua
1116 956 1388 998 perfectionaliter

310 1012 419 1048 potest
434 1005 538 1047 accipi
561 1011 597 1036 ut
620 1005 751 1046 propria
774 1004 856 1034 ratio
881 1012 996 1033 eorum
1012 1011 1096 1043 quae
1112 1001 1269 1032 continet.
1286 1001 1387 1040 Quod

311 1050 558 1091 intelligendum
570 1055 617 1080 est
628 1059 697 1080 non
709 1047 890 1079 secundum
901 1046 1113 1088 adaequatam
1130 1047 1290 1077 rationem
1306 1047 1386 1083 eius,

310 1095 367 1127 sed
390 1095 571 1126 secundum
595 1094 737 1134 aliquam
760 1091 1008 1133 inadaequatam
1033 1097 1064 1123 et
1087 1090 1293 1123 deficientem
1318 1091 1388 1122 eius

309 1142 479 1172 rationem.
510 1139 595 1170 Nam
625 1139 651 1169 si
682 1138 882 1178 acciperetur
914 1136 1006 1178 quod
1038 1137 1133 1178 plura
1162 1136 1309 1167 continet
1338 1145 1387 1167 se-

309 1185 456 1217 cundum
479 1194 572 1215 suam
594 1183 728 1214 totalem
751 1181 987 1223 perfectionem
1003 1182 1063 1213 sibi
1078 1181 1302 1223 adaequatam,
1317 1190 1386 1212 non

310 1235 393 1261 esset
407 1230 539 1271 propria
559 1228 640 1259 ratio
664 1233 907 1259 contentorum.
932 1227 1023 1258 Sicut
1045 1236 1202 1258 numerus
1226 1226 1386 1263 denarius,

309 1276 343 1306 in
367 1284 434 1315 quo
459 1283 574 1305 omnes
597 1272 765 1304 inferiores
788 1272 917 1303 numeri
940 1272 1030 1303 unite
1054 1278 1086 1303 et
1114 1270 1387 1313 perfectionaliter

309 1321 526 1355 continentur,
558 1327 626 1349 non
657 1317 784 1349 divisim
814 1323 968 1358 tanquam
1001 1316 1168 1348 distinctae
1198 1317 1333 1357 species,
1361 1317 1387 1347 si

309 1365 484 1405 accipiatur
507 1369 667 1405 quantum
691 1362 731 1394 ad
759 1371 851 1393 suam
882 1362 1016 1393 totalem
1047 1361 1294 1402 perfectionem,
1319 1371 1386 1392 non

309 1415 356 1441 est
379 1409 510 1451 propria
539 1408 620 1439 ratio
652 1413 707 1439 aut
737 1407 869 1448 propria
896 1406 1074 1438 similitudo
1097 1407 1281 1438 novenarii:
1310 1407 1386 1448 quia

307 1454 502 1486 novenarius
518 1463 588 1484 non
603 1452 763 1494 adaequat
777 1451 1014 1493 perfectionem
1031 1451 1162 1483 denarii.
1181 1451 1245 1483 Sed
1261 1452 1286 1482 si
1303 1452 1387 1483 acci-

309 1501 414 1541 piatur
437 1504 598 1540 quantum
622 1497 662 1529 ad
685 1496 921 1539 perfectionem
944 1495 1112 1528 novenarii
1136 1497 1169 1528 in
1192 1497 1265 1538 ipso
1281 1496 1386 1538 perfe-

309 1544 489 1576 ctionaliter
513 1549 544 1574 et
568 1543 658 1574 unite
675 1543 875 1580 existentem,
892 1543 937 1573 sic
959 1542 1115 1583 accipitur
1131 1547 1166 1573 ut
1190 1544 1321 1583 propria
1345 1543 1386 1573 si-

308 1589 459 1620 militudo
482 1588 660 1619 novenarii.

364 1632 611 1666 Advertendum
635 1633 742 1668 etiam,
767 1632 851 1663 circa
875 1631 1062 1672 exemplum
1079 1631 1119 1662 de
1135 1632 1266 1662 animali
1289 1632 1386 1662 ratio-

309 1680 384 1716 nali,
409 1688 484 1710 cum
509 1678 615 1719 inquit
638 1677 775 1709 Sanctus
799 1677 944 1708 Thomas
967 1677 1076 1718 ipsum
1099 1677 1202 1718 accipi
1231 1686 1327 1717 posse
1350 1682 1387 1708 ut

308 1725 479 1766 proprium
503 1723 667 1764 exemplar
696 1722 884 1753 animalium
914 1721 1148 1753 irrationalium
1177 1722 1239 1753 nisi
1263 1722 1386 1763 aliquas

308 1769 502 1801 differentias
526 1767 680 1799 adderent
702 1767 866 1808 positivaS,
883 1766 973 1808 quod
989 1767 1134 1808 loquitur
1158 1767 1386 1808 proportiona-

308 1814 380 1846 liter
403 1813 443 1845 ad
466 1822 630 1844 numeros.
663 1813 699 1843 In
729 1812 873 1843 numeris
897 1812 985 1843 enim
1009 1821 1047 1842 ex
1070 1811 1139 1842 sola
1166 1812 1385 1843 subtractione

307 1860 438 1890 unitatis
468 1863 613 1889 remanet
643 1857 703 1888 alia
732 1857 870 1898 species:
896 1866 934 1887 ex
957 1857 1027 1887 sola
1050 1857 1139 1887 enim
1166 1857 1386 1888 subtractione

308 1904 438 1934 unitatis
462 1913 480 1933 a
503 1911 641 1933 numero
666 1901 799 1932 denario
823 1907 969 1932 remanet
992 1910 1149 1932 numerus
1178 1901 1384 1932 novenarius.

308 1948 396 1984 Ideo,
421 1956 497 1979 cum
522 1946 743 1978 consideratur
765 1947 799 1977 in
822 1955 962 1977 numero
985 1946 1118 1976 denario
1134 1944 1292 1986 perfectio
1317 1946 1386 1977 eius

306 2002 407 2034 quam
429 1992 526 2023 habet
548 2001 617 2022 non
641 1990 843 2022 considerata
866 1990 979 2021 ultima
996 1991 1066 2021 eius
1085 1991 1219 2027 unitate,
1236 1990 1386 2022 conside·

305 2043 393 2068 ratur
415 2043 452 2068 ut
475 2037 606 2077 propria
630 2036 711 2066 ratio
735 2035 919 2067 novenarii:
943 2035 1024 2066 nihil
1048 2035 1136 2066 enirn
1166 2035 1254 2066 aliud
1278 2041 1326 2066 est
1349 2041 1386 2066 ut

306 2083 351 2113 sic
376 2091 475 2124 quam
499 2081 704 2112 novenarius.
730 2080 833 2112 Simili
849 2089 927 2121 ergo
943 2081 1079 2116 ratione,
1095 2081 1121 2111 si
1138 2089 1177 2111 ex
1192 2080 1267 2111 sola
1277 2090 1385 2111 remo-

306 2128 395 2158 tione
420 2126 594 2158 rationalis
618 2126 657 2156 ab
681 2126 812 2156 animali
832 2125 981 2156 rationali
1002 2125 1239 2166 relinqueretur
1261 2126 1386 2166 species

306 2172 452 2203 animalis
476 2180 560 2212 quae
585 2176 632 2202 est
655 2171 774 2202 animal
796 2170 991 2206 irrationale,
1015 2170 1253 2201 considerando
1276 2171 1309 2201 in
1325 2171 1386 2201 ho-

306 2218 394 2248 mine
417 2221 565 2248 naturam
589 2216 775 2246 sensitivam
798 2220 927 2246 semoto
951 2215 1110 2252 rationali,
1134 2215 1335 2255 acciperetur
1350 2221 1386 2246 ut

307 2262 438 2302 propria
461 2261 542 2291 ratio
566 2261 712 2291 animalis
734 2260 937 2296 irrationalis,
961 2261 1158 2300 inquantum
1181 2259 1260 2290 nihil
1292 2266 1385 2296 esset,

307 2312 343 2337 ut
366 2307 421 2342 sic,
447 2315 546 2347 quam
570 2305 688 2335 animal
712 2305 904 2335 irrationale.
929 2304 993 2335 Sed
1010 2305 1087 2345 quia
1102 2303 1143 2335 ad
1158 2305 1302 2345 speciem
1317 2305 1386 2335 ani-

307 2351 399 2382 malis
422 2350 613 2381 irrationalis
643 2359 711 2380 non
742 2349 860 2380 sufficit
889 2349 1030 2380 remotio
1061 2354 1093 2379 et
1123 2350 1267 2380 absentia
1289 2350 1386 2380 huius

307 2395 507 2427 differentiae
524 2404 608 2435 quae
624 2400 672 2425 est
688 2394 862 2430 rationale,
887 2393 943 2425 sed
967 2394 1210 2425 constituuntur
1225 2394 1297 2425 illae
1313 2404 1386 2435 spe-

307 2442 372 2472 cies
388 2450 446 2481 per
462 2439 656 2471 differentias
679 2439 833 2479 positivas
856 2439 979 2470 additas
1003 2439 1140 2469 animali
1145 2446 1158 2476 ,·
1180 2438 1267 2475 ideo,
1283 2449 1387 2480 quan-

307 2491 523 2526 tumcumque
546 2484 768 2516 consideretur
790 2484 823 2515 in
847 2484 920 2525 ipso
943 2489 1058 2515 natura
1089 2484 1239 2515 sensitiva
1264 2484 1386 2525 absque

307 2530 464 2566 rationali,
489 2539 557 2561 non
581 2528 802 2560 consideratur
825 2534 861 2559 ut
885 2529 1015 2569 propria
1038 2529 1120 2559 ratio
1141 2529 1287 2560 animalis
1310 2530 1386 2560 irra-

307 2575 435 2606 tionalis
452 2574 542 2615 quod
558 2574 702 2615 speciem
718 2573 864 2604 animalis
885 2573 962 2604 dicit
986 2573 1169 2614 positivam,
1187 2573 1244 2604 sed
1258 2579 1385 2605 tanturn

307 2626 343 2651 ut
373 2620 502 2661 propria
532 2619 613 2650 ratio
645 2618 792 2649 animalis
822 2619 970 2650 absolute
1001 2619 1138 2659 sumpti;
1163 2617 1255 2658 quod
1278 2624 1387 2660 potest

307 2665 370 2696 dici
393 2664 511 2696 animal
535 2664 719 2695 irrationale
741 2664 900 2703 negative,
925 2663 1002 2704 quia
1025 2673 1094 2694 non
1118 2662 1255 2694 includit
1278 2664 1311 2694 in
1327 2673 1386 2695 sua

307 2709 484 2751 quidditate
510 2709 685 2740 rationale.
710 2708 805 2740 Unde
829 2707 921 2749 quod
943 2708 1050 2749 inquit
1067 2707 1221 2739 Clemens
1236 2708 1385 2740 Philoso-

307 2755 401 2796 phus,
433 2754 598 2786 nobiliora
628 2763 696 2784 esse
727 2753 963 2795 ignobilior-um
994 2753 1206 2794 exemplaria,
1238 2762 1306 2784 non
1338 2759 1387 2784 est

306 2808 420 2830 verum
444 2805 604 2840 quantum
627 2798 668 2829 ad
691 2798 856 2839 propriam
883 2798 1043 2829 rationem
1074 2797 1304 2835 universaliter,
1328 2798 1385 2830 sed

307 2850 467 2885 quantum
491 2843 532 2875 ad
555 2843 688 2884 aliquid.

363 2890 401 2920 V.
416 2887 700 2920 Considerandum
713 2888 821 2924 etiam,
834 2896 910 2918 curu
924 2887 1040 2918 dicitur
1051 2887 1196 2918 divinam
1212 2888 1385 2919 essentiam

303 2943 401 2975 posse
424 2933 528 2974 accipi
552 2938 587 2964 ut
605 2932 779 2974 propriam
803 2933 975 2968 rationem,
1000 2932 1091 2973 quod
1120 2932 1183 2963 hoc
1214 2932 1386 2973 dupliciter

308 2984 416 3020 potest
430 2978 576 3019 intelligi.
598 2978 673 3009 Uno
690 2977 803 3014 modo,
820 2983 856 3008 ut
872 2978 1051 3018 proprietas
1068 2987 1102 3007 se
1118 2983 1225 3008 teneat
1241 2987 1278 3008 ex
1295 2984 1385 3019 parte

308 3024 353 3054 rei
377 3028 642 3064 repraesentatae.
667 3022 708 3053 Et
731 3028 810 3053 tunc
834 3022 950 3053 dicitur
973 3022 1103 3062 propria
1127 3022 1208 3052 ratio
1232 3022 1286 3053 illa
1301 3033 1385 3064 quae

308 3072 524 3109 repraesentat
554 3067 686 3109 propria
715 3067 771 3098 rei.
795 3085 818 3090 -
841 3067 916 3098 Alio
940 3067 1053 3103 modo,
1079 3073 1114 3098 ut
1144 3077 1177 3098 se
1208 3073 1316 3099 teneat
1346 3078 1386 3099 ex

309 3118 397 3153 parte
421 3112 546 3144 formae
568 3113 845 3153 repraesentantis.
871 3112 912 3142 Et
933 3117 1011 3143 tunc
1027 3112 1144 3142 dicitur
1159 3112 1289 3152 propria
1304 3114 1385 3144 ratio

308 3157 445 3189 alicuius
468 3167 553 3199 quae
576 3159 620 3188 ita
644 3162 692 3188 est
715 3157 796 3187 ratio
820 3157 922 3197 ipsius
945 3156 1036 3197 quod
1059 3166 1127 3187 non
1155 3157 1294 3188 alterius.

365 3202 473 3233 Primo
498 3201 611 3239 modo,
635 3210 704 3232 esse
727 3202 892 3242 propriam
916 3202 1074 3232 rationem
1098 3202 1301 3242 singulorum
1317 3212 1385 3233 non

311 3248 462 3278 convenit
486 3247 613 3278 divinae
637 3247 794 3278 essentiae
818 3255 855 3277 ex
879 3247 952 3287 ipso
983 3246 1149 3277 intellectu
1180 3247 1386 3288 concipiente

310 3292 412 3332 ipsam
437 3302 513 3324 cum
536 3291 725 3323 habitudine
749 3290 789 3322 ad
812 3300 872 3327 res,
898 3290 954 3322 sed
984 3301 1022 3322 ex
1053 3291 1254 3332 plenitudine
1282 3292 1386 3333 perfe-

311 3337 426 3368 ctionis
450 3346 537 3373 suae,
562 3346 627 3378 qua
650 3336 802 3367 omnium
822 3345 930 3367 rerum
954 3335 1169 3376 perfectiones
1192 3337 1226 3367 in
1250 3346 1283 3367 se
1308 3346 1387 3368 con-

311 3382 400 3413 tinet.
425 3382 494 3413 Nisi
511 3382 598 3413 enim
614 3383 649 3412 in
665 3382 770 3422 seipsa
785 3390 893 3412 rerum
910 3382 1059 3412 omnium
1077 3380 1292 3421 perfectiones
1308 3391 1387 3413 con-

312 3426 435 3463 tineret,
459 3436 527 3457 non
552 3432 685 3467 possent
715 3436 765 3457 res
796 3435 854 3467 per
884 3426 998 3466 ipsam,
1023 3431 1183 3466 quantum
1207 3426 1248 3457 ad
1276 3435 1386 3457 earum

314 3472 456 3511 proprias
481 3477 619 3508 naturas,
644 3471 809 3511 cognosci.
834 3489 856 3494 -
880 3470 1032 3502 Secundo
1056 3476 1165 3502 autem
1189 3470 1302 3507 modo,
1319 3481 1386 3502 non

313 3515 407 3546 habet
424 3515 512 3556 quod
529 3517 568 3546 sit
584 3517 714 3557 propria
734 3516 814 3546 ratio
831 3516 892 3546 nisi
916 3525 954 3546 ex
979 3515 1154 3546 intellectu.
1179 3515 1280 3554 Quod
1299 3517 1387 3547 enim

314 3558 420 3590 divina
444 3562 579 3591 essentia
602 3562 642 3591 sit
666 3562 835 3601 proprium
858 3561 995 3592 verbum
1011 3566 1042 3591 et
1059 3561 1190 3601 propria
1213 3561 1387 3601 conceptio

313 3602 358 3633 rei
375 3604 438 3634 hoc
454 3605 566 3640 mode,
583 3615 650 3636 non
667 3606 763 3636 habet
779 3606 839 3636 nisi
856 3606 1051 3646 inquantum
1067 3605 1250 3646 concipitur
1266 3615 1284 3635 a
1304 3605 1387 3641 Deo,

312 3648 380 3678 sive
403 3648 598 3688 intelligitur,
623 3655 658 3680 ut
681 3651 843 3681 imitabilis
860 3660 877 3680 a
898 3649 1098 3691 perfectione
1122 3650 1212 3681 istius
1237 3655 1268 3681 et
1291 3649 1388 3681 illius.

913 251 1102 289 SUMMA
1132 251 1355 288 CONTRA
1384 250 1660 298 GENTILES,
1691 250 1921 290 CAPss‘le.

1445 330 1580 370 Propter
1597 331 1662 361 hoc
1678 330 1911 371 dicitrSanctus
1926 332 2072 363 Thomas
2096 331 2188 372 quod
2211 332 2329 373 accipit
2351 334 2521 365 essentiam

1443 383 1537 405 suam
1563 380 1599 405 ut
1616 376 1790 416 propriam
1821 377 2001 409 rationem:
2025 376 2116 418 quod
2147 382 2195 413 est
2220 376 2339 414 dicere,
2368 378 2522 421 intelligit

1445 420 1547 460 ipsam
1571 419 1604 450 in
1629 420 1746 451 ordine
1772 421 1816 452 ad
1846 422 1909 453 hoc
1935 427 1967 453 et
1993 422 2085 458 illud,
2114 427 2146 452 et
2171 422 2218 453 sic
2241 422 2403 455 intellecta
2425 423 2522 454 habet

1443 464 1604 539 rfitionem
1629 463 1771 506 proprii'
1781 466 1971 507 exemplaris
1998 467 2096 502 huius
2123 472 2155 497 et
2181 462 2305 508 proprii
2332 465 2522 510 esemplaris

1443 518 1453 539 1
1478 518 1539 540 ius.
1917 530 1920 534 -
2385 532 2389 535 .

1499 553 1548 584 Ex
1571 553 1635 584 hoc
1651 559 1761 585 autem
1776 557 1866 595 patet
1881 555 1972 597 quod
1987 566 2056 587 non
2073 562 2119 587 est
2135 566 2228 587 mens
2240 556 2349 588 Sancti
2361 556 2521 592 Thomae,

1444 603 1480 628 ut
1496 598 1556 628 sibi
1572 598 1690 629 Scotus
1706 598 1833 630 videtur
1847 600 2030 641 imponere,
2055 601 2068 632 1
2084 601 2183 638 Sent„
2200 600 2231 632 d.
2248 612 2342 638 xxxv,
2359 601 2450 642 quod
2473 610 2522 632 re·

1443 648 1575 683 spectus
1589 643 1642 674 isti
1657 642 1785 674 divinae
1801 645 1959 677 essentiae
1973 645 2015 677 ad
2036 652 2197 682 creaturas
2211 646 2290 678 dent
2312 646 2373 678 sibi
2391 652 2428 683 ut
2445 655 2522 687 pro-

1442 687 1512 728 pria
1528 693 1747 720 creaturarum
1756 688 1989 732 repraesentet:
2003 690 2107 722 immo
2118 701 2156 723 ex
2172 701 2231 727 sua
2242 691 2444 732 perfectione
2457 691 2522 725 hoc

1442 732 1551 763 habet.
1568 732 1633 764 Sed
1648 742 1688 764 ex
1702 733 1770 764 istis
1785 733 1987 774 respectibus
2002 734 2099 766 habet
2117 737 2203 778 utin
2218 736 2312 778 plura
2328 735 2522 778 exemplaria

1443 784 1562 814 rerum,
1579 783 1611 808 et
1626 778 1660 808 in
1676 777 1785 818 plures
1801 778 1943 809 rationes
1958 782 2081 820 earum,
2100 779 2327 821 distinguatur:
2344 782 2415 822 ips‘a
2434 781 2521 812 enim

1443 827 1604 863 concepta
1617 832 1694 853 cum
1705 820 1895 854 habitudine
1907 828 1939 854 et
1953 824 2169 864 proportione
2180 823 2221 856 ad
2235 821 2384 857 naturam
2395 825 2521 867 lapidis,

1442 872 1599 908 tanquam
1611 867 1763 898 videlicet
1777 868 1942 899 imitabilis
1957 877 1976 898 a
1989 867 2107 909 lapidis
2121 874 2236 900 natura
2247 872 2360 902 eteius
2371 872 2406 902 in
2418 871 2522 912 seipsa

1442 911 1679 953 perfectionem
1693 913 1905 953 praehabens,
1924 912 2132 954 distinguitur
2154 914 2336 949 secundum
2361 916 2520 948 rationem

1442 967 1460 988 a
1475 957 1581 998 seipsa
1597 958 1741 998 praecise
1758 963 1794 988 ut
1816 958 1965 1000 imitabili
1981 967 1999 988 a
2013 958 2135 999 planta,
2152 964 2185 989 et
2199 959 2245 1000 sic
2261 959 2302 990 de
2318 958 2398 991 aliis.

1496 1001 1551 1033 VI.
1568 1001 1633 1033 Sed
1648 1001 1883 1034 advertendum
1900 1012 1939 1034 ex
1951 1001 2100 1038 doctrina
2111 999 2221 1043 Sancti
2233 1003 2384 1036 Thomae
2396 1003 2408 1035 Ι
2421 1005 2520 1042 Sene„

1441 1045 1472 1078 d.
1489 1057 1585 1083 xxvn,
1602 1056 1634 1088 q.
1651 1057 1684 1083 11,
1701 1056 1729 1078 a.
1748 1046 1778 1084 3,
1796 1046 1836 1078 ad
1851 1056 1884 1087 4,
1901 1047 1994 1089 quod
2016 1048 2185 1089 tripliciter
2207 1053 2317 1089 potest
2339 1048 2522 1081 intellectus

1441 1090 1516 1122 ferri
1546 1092 1580 1122 in
1610 1090 1765 1123 formam—
1782 1098 1987 1133 conceptam.
2012 1092 2089 1124 Uno
2117 1092 2231 1130 modo,
2255 1093 2451 1134 inquantum
2470 1100 2523 1125 ‘est

1440 1135 1619 1168 similitudo
1642 1137 1690 1167 rei
1712 1137 1870 1178 praecise:
1895 1136 1988 1174 idest,
2011 1138 2208 1178 inquantum
2223 1138 2407 1170 intellectus
2422 1139 2523 1170 utitur

1440 1182 1510 1222 ipsa
1532 1186 1569 1212 ut
1591 1181 1707 1213 medio
1733 1188 1792 1222 per
1816 1181 1914 1223 -quod
1943 1191 2013 1214 rem
2043 1183 2224 1223 cognoscit.
2254 1183 2311 1214 Et=
2328 1184 2375 1214 sic
2397 1183 2521 1217 nullam

1440 1226 1538 1258 habet
1560 1225 1856 1270 considerationem
1886 1226 1927 1258 de
1956 1227 2027 1268 ipsa
2053 1226 2170 1267 forma,
2194 1227 2255 1270 sed,
2273 1227 2465 1268 tantumvde
2485 1238 2521 1260 re

1440 1281 1499 1312 per
1521 1271 1626 1312 ipsam
1649 1277 1897 1312 repraesentata.
1913 1290 1937 1295 --
1952 1271 2028 1303 Alio
2045 1272 2158 1309 modo,
2175 1273 2372 1314 inquantum
2388 1279 2437 1312 est
2451 1274 2522 1305 talis

1440 1326 1490 1348 res
1513 1316 1576 1347 tale
1601 1326 1670 1347 esse
1693 1316 1816 1347 habens
1838 1317 1871 1348 in
1895 1317 2013 1348 anima.
2038 1317 2079 1348 Et
2094 1318 2140 1348 sic
2156 1317 2280 1349 nullam
2295 1318 2392 1349 habet
2415 1317 2521 1350 consi-

1441 1361 1643 1393 derationem
1655 1360 1696 1392 de
1711 1371 1745 1392 re
1761 1367 2008 1403 repraesentata,
2021 1361 2078 1393 sed
2094 1367 2221 1393 tantum
2233 1362 2274 1394 de
2289 1363 2359 1404 ipsa
2371 1362 2486 1394 forma.
2499 1382 2521 1386 -

1441 1406 1556 1451 Tertio
1572 1406 1686 1443 modo,
1703 1415 1762 1448 per
1777 1407 2058 1448 comparationem
2082 1407 2180 1438 unius
2203 1407 2243 1439 ad
2265 1407 2426 1439 alterum:
2442 1414 2522 1450 puta

1441 1451 1520 1483 dum
1545 1450 1729 1489 considerat
1751 1456 1856 1483 unum
1880 1461 1950 1483 esse
1977 1451 2106 1483 alterius
2136 1453 2456 1494 repraesentativum.
2479 1453 2522 1484 Et

1440 1497 1486 1528 sic
1510 1497 1607 1528 simul
1630 1494 1809 1538 utrumque
1833 1497 2013 1538 cognoscit.
2118 1530 2120 1532 ,
2143 1536 2146 1537 ⁷
2355 1534 2358 1538 Δ
2470 1525 2475 1530 .

1496 1541 1681 1573 Intellectus
1704 1541 1803 1583 igitur
1824 1541 1954 1573 divinus
1976 1542 2014 1576 in
2035 1542 2325 1574 essentiamsuam
2354 1542 2522 1584 tripliciter

1440 1591 1549 1627 potest
1572 1585 1657 1623 ferri,
1681 1586 1817 1618 scilicet:
1841 1605 1865 1609 -
1888 1586 2084 1628 Simpliciter
2099 1592 2131 1618 et
2146 1587 2305 1624 absolute,
2325 1588 2521 1629 inquantum

1441 1637 1489 1662 est
1512 1631 1583 1662 talis
1606 1641 1665 1662 res.
1690 1631 1732 1662 Et
1747 1632 1804 1668 sic,
1821 1631 2032 1672 intelligendo
2049 1631 2222 1663 essentiam
2237 1641 2341 1669 suam,
2356 1641 2425 1663 non
2441 1641 2521 1664 con—

1440 1677 1519 1717 cipit
1534 1677 1705 1718 proprium
1722 1677 1887 1717 exemplar
1902 1686 2010 1707 rerum
2025 1682 2057 1707 et
2073 1677 2239 1717 propriam
2255 1677 2415 1708 rationem
2435 1678 2522 1719 ipsa-

1440 1731 1514 1753 rum
1537 1721 1725 1763 formalitert
1739 1739 1773 1762 ,—
1795 1721 1837 1752 Et
1859 1722 2056 1762 inquantum
2080 1722 2181 1752 utitur
2199 1722 2270 1763 ipsa
2285 1728 2322 1753 ut
2337 1721 2448 1753 medio
2463 1732 2522 1763 per

1441 1765 1531 1807 quod
1547 1766 1608 1797 sibi
1620 1775 1670 1797 res
1682 1772 1807 1797 creatae
1819 1771 2109 1808 repraesentantur.
2122 1766 2165 1797 Et
2176 1767 2222 1797 sic
2235 1767 2332 1798 etiam
2343 1776 2412 1798 non
2427 1767 2521 1798 intel-

1440 1811 1509 1852 ligit
1523 1812 1628 1852 ipsam
1644 1816 1681 1842 ut
1696 1811 1867 1852 proprium
1883 1810 2058 1852 exemplar.
2070 1829 2093 1834 —
2105 1811 2147 1842 Et
2161 1811 2357 1852 inquantum
2372 1811 2522 1853 intelligit

1439 1856 1543 1897 ipsam
1560 1861 1596 1887 ut
1611 1855 1802 1886 imitabilem
1818 1865 1836 1886 a
1851 1861 1998 1887 creatura
2013 1855 2197 1888 secundum
2208 1856 2297 1887 hunc
2312 1855 2522 1898 perfectionis

1439 1900 1589 1937 modum,
1613 1906 1693 1941 puta
1715 1900 1898 1931 secundum
1920 1900 2057 1941 gradum
2081 1901 2175 1931 vitae.
2206 1900 2248 1931 Et
2275 1901 2338 1932 sic·>
2351 1898 2522 1942 comoscit

1438 1946 1543 1986 ipsam
1566 1950 1603 1976 ut
1626 1945 1792 1986 propriam
1815 1945 1976 1976 rationem
1995 1944 2187 1976 formaliter:
2212 1946 2291 1986 quia
2309 1945 2523 1987 apprehendit

1439 1990 1543 2031 ipsam
1567 1999 1645 2021 cum
1662 1989 1857 2021 habitudine
1880 1989 1921 2021 ad
1945 1995 2136 2027 creaturam,
2161 1999 2199 2021 ex
2223 1999 2289 2032 qua
2312 1991 2410 2022 habet
2425 1995 2464 2022 ut
2482 1991 2523 2022 sit

1439 2034 1617 2066 formaliter
1640 2034 1812 2075 proprium
1835 2034 2001 2076 exemplar
2024 2040 2198 2066 creaturae.

1495 2078 1591 2111 Unde
1613 2079 1801 2110 intellectus
1813 2078 1953 2116 divinus,
1969 2079 2217 2121 apprehendens
2241 2080 2414 2113 essentiam
2429 2089 2522 2112 suam

1439 2124 1598 2161 absolute,
1622 2123 1837 2165 apprehendit
1860 2125 2031 2165 proprium
2054 2125 2220 2166 exemplar
2240 2133 2350 2156 rerum
2372 2125 2522 2157 materia-

1439 2169 1521 2206 liter,
1546 2170 1624 2210 quia
1647 2168 1861 2210 apprehendit
1883 2169 1972 2200 illam
1995 2178 2064 2200 rem
2088 2175 2249 2210 quaeest
2278 2169 2444 2211 exemplar
2465 2169 2522 2202 de·

1439 2215 1654 2246 nominative:
1680 2223 1749 2245 non
1772 2219 1883 2245 autem
1914 2213 2128 2255 apprehendit
2158 2214 2327 2255 proprium
2356 2214 2523 2256 exemplar

1440 2258 1628 2295 formaliter,
1653 2259 1730 2300 quia
1752 2268 1822 2290 non
1845 2258 2060 2300 apprehendit
2088 2259 2193 2300 ipsam
2223 2268 2301 2290 cum
2331 2258 2521 2291 habitudine

1440 2303 1481 2335 ad
1503 2313 1583 2339 rem,
1608 2313 1648 2335 ex
1671 2313 1735 2345 qua
1759 2302 1938 2335 formaliter
1969 2303 2066 2335 habet
2095 2308 2134 2335 ut
2157 2304 2200 2335 sit
2228 2304 2362 2344 propria
2383 2303 2466 2335 ratio
2479 2310 2522 2336 :et

1440 2349 1611 2390 proprium
1635 2348 1810 2390 exemplar.
1835 2348 1927 2380 Sicut
1946 2347 2196 2390 apprehendens
2210 2354 2359 2379 naturam
2372 2348 2522 2380 animalis

1440 2394 1599 2429 absolute,
1623 2393 1838 2434 apprehendit
1852 2402 1957 2434 genus
1971 2393 2187 2429 materialiter,
2209 2393 2286 2434 quia
2308 2392 2521 2434 apprehendit

1441 2438 1529 2470 illam
1552 2447 1622 2469 rem
1652 2447 1737 2479 quae
1770 2437 2001 2470 denominatur
2029 2447 2148 2479 genus:
2172 2447 2242 2469 non
2265 2443 2375 2469 tamen
2405 2447 2521 2480 appre-

1440 2482 1553 2515 hendit
1575 2492 1679 2524 genus
1702 2482 1892 2520 formaliter,
1916 2483 1994 2524 quia
2014 2492 2086 2514 non
2109 2482 2324 2524 apprehendit
2338 2482 2428 2514 illam
2443 2492 2520 2515 cum

1440 2527 1630 2559 habitudine
1653 2527 1694 2559 ad
1717 2528 1854 2569 species,
1878 2537 1917 2559 ex
1941 2537 2007 2569 qua
2025 2527 2149 2569 aliquid
2164 2527 2262 2558 habet
2284 2532 2321 2559 ut
2344 2527 2522 2560 formaliter

1441 2579 1472 2604 et
1496 2573 1693 2614 completive
1709 2573 1749 2604 sit
1764 2582 1878 2613 genus.
1895 2590 1918 2596 -
1934 2572 2120 2604 Intellectus
2136 2577 2247 2604 autem
2262 2571 2391 2604 divinus
2406 2581 2522 2614 appre—

1440 2617 1586 2649 hendens
1615 2618 1788 2649 essentiam
1819 2627 1895 2648 cum
1925 2617 2116 2648 habitudine
2145 2617 2336 2648 imitationis
2366 2627 2384 2649 a
2413 2617 2521 2654 rebus,

1439 2662 1654 2703 apprehendit
1677 2663 1847 2703 proprium
1871 2662 2036 2703 exemplar
2058 2668 2090 2693 et
2113 2663 2280 2703 propriam
2300 2662 2461 2694 rationem
2475 2662 2521 2693 rei

1441 2707 1631 2738 formaliter:
1648 2708 1733 2738 sicut
1747 2706 1996 2748 apprehendens
2007 2707 2128 2738 animal
2139 2716 2216 2738 cum
2228 2706 2418 2738 habitudine
2429 2716 2522 2749 prae-

1439 2752 1584 2783 dicabilis
1607 2751 1649 2783 ad
1670 2753 1807 2793 species,
1831 2751 2047 2794 apprehendit
2071 2751 2250 2784 formaliter
2271 2761 2386 2793 genus.

1444 2823 1447 2825 ,
1495 2797 1631 2838 Propter
1654 2798 1718 2828 hoc
1743 2806 1821 2838 ergo
1844 2797 1952 2838 inquit
1974 2796 2112 2828 Sanctus
2135 2796 2282 2828 Thomas
2305 2795 2398 2838 quod
2420 2796 2520 2832 Deus.

1440 2841 1654 2883 intelligendo
1676 2842 1858 2880 vessentiam
1887 2851 1981 2873 suam
2014 2847 2051 2873 ut
2083 2841 2271 2873 imitabilem
2297 2851 2360 2883 per
2389 2841 2521 2872 modum

1434 2888 1582 2928 plantae,
1599 2887 1718 2928 accipit
1735 2887 1910 2928 propriam
1924 2887 2078 2929 sormam
2095 2891 2127 2918 et
2146 2887 2309 2918 rationem
2326 2886 2478 2928 plantae,
2491 2891 2523 2918 et

1439 2932 1552 2964 eadem
1568 2932 1655 2963 ratio
1672 2936 1720 2963 est
1735 2937 1881 2973 respectu
1897 2932 2062 2963 aliorum:
2084 2931 2177 2972 quasi
2201 2930 2323 2963 diceret
2345 2930 2438 2972 quod
2451 2940 2520 2962 non

1439 2976 1654 3018 apprehendit
1676 2977 1848 3008 essentiam
1871 2986 1965 3008 suam
1988 2982 2145 3017 tanquam
2168 2977 2334 3017 propriam
2360 2976 2521 3008 rationem

1439 3021 1575 3054 alicuius
1599 3021 1848 3053 reiformaliter
1870 3022 1932 3053 nisi
1954 3022 2151 3063 inquantum
2174 3022 2279 3062 ipsam
2302 3030 2379 3052 cum
2394 3020 2521 3052 tali-te·-

1439 3074 1554 3109 spectu
1577 3066 1740 3108 intelligia
1765 3066 1851 3103 licet,
1875 3066 2153 3108 apprehendendo
2173 3067 2278 3108 ipsam
2301 3066 2371 3097 sine
2393 3064 2457 3097 nli·
2471 3074 2520 3097 re-

1439 3119 1566 3154 spectu,
1582 3111 1805 3153 apprehendat
1820 3113 1987 3153 propriam
2003 3111 2163 3143 rationem
2179 3110 2436 3151 uniuscuiusque
2451 3118 2519 3141 ma-

1439 3157 1591 3189 terialiter
1615 3162 1647 3188 et
1669 3155 1962 3188 fundamentaliter.

1497 3201 1562 3234 Sed
1588 3200 1834 3238 advertendum,
1864 3211 1941 3233 cum
1969 3201 2088 3232 dicitur
2114 3199 2207 3241 quod
2233 3199 2324 3231 Deus
2349 3199 2522 3241 cognoscit

1441 3246 1612 3279 essentiam
1639 3256 1734 3278 suam
1762 3251 1799 3277 ut
1819 3246 1995 3288 propriam
2023 3245 2195 3280 rationem,
2222 3242 2341 3285 [quod]
2369 3252 2439 3274 non
2470 3249 2519 3275 est

1440 3301 1553 3324 sensus
1569 3291 1661 3333 quod
1677 3292 1814 3332 accipiat
1830 3293 1934 3333 ipsam
1946 3300 2016 3322 esse
2031 3289 2198 3331 propriam
2214 3289 2384 3324 rationem,
2398 3288 2473 3319 licet
2488 3293 2520 3320 et

1441 3337 1496 3368 illo
1518 3336 1620 3368 modo
1637 3342 1829 3377 cognoscat:
1854 3335 1911 3367 sed
1935 3334 2027 3376 quod
2041 3333 2212 3375 cognoscit
2227 3334 2332 3374 ipsam
2348 3333 2520 3364 essentiam

1442 3381 1584 3413 divinam
1609 3386 1768 3422 quantum
1785 3380 1826 3412 ad
1849 3380 1881 3412 id
1898 3379 1986 3412 unde
2009 3379 2105 3410 habet
2121 3377 2212 3419 quod
2228 3379 2268 3409 sit
2283 3378 2415 3419 propria
2433 3378 2519 3409 ratio

1441 3428 1497 3458 rei.
1515 3427 1606 3458 Sicut
1621 3435 1698 3457 cum
1714 3425 1852 3458 dicimus
1866 3424 2069 3456 intellectum
2084 3428 2233 3454 nostrum
2250 3423 2424 3464 concipere
2444 3426 2519 3463 pro-

1443 3473 1545 3512 priam
1569 3471 1712 3502 hominis
1734 3471 1906 3506 rationem,
1930 3478 1998 3500 non
2021 3468 2232 3508 intelligimus
2261 3466 2353 3508 quod
2384 3467 2520 3508 accipiat

1442 3516 1529 3547 illam
1554 3526 1623 3547 esse
1648 3516 1813 3557 propriam
1836 3514 1979 3545 hominis
2002 3513 2174 3548 rationem,
2198 3513 2275 3553 quia
2298 3511 2379 3543 illud
2407 3511 2447 3542 ad
2471 3521 2520 3543 re-

1443 3560 1558 3592 flexam
1583 3561 1808 3601 cognitionem
1823 3559 1977 3600 pertinet:
2002 3558 2059 3589 sed
2075 3557 2167 3598 quod
2182 3557 2301 3589 format
2320 3562 2519 3598 conceptum

1443 3606 1596 3642 hominis,
1621 3605 1688 3646 qui,
1713 3605 1758 3636 sic
1781 3604 1821 3635 ab
1844 3602 2012 3634 intellectu
2036 3602 2204 3638 formatus,
2229 3608 2277 3634 est
2307 3602 2438 3642 propria
2461 3601 2520 3632 ho-

1444 3651 1540 3681 minis
1564 3651 1655 3681 ratio.
