2768 4134
38 634 48 645 “
62 633 72 655 1
94 633 123 654 de
139 632 251 654 Partibus

36 659 148 686 Animal„
157 665 208 688 cap.
215 666 251 682 m.

35 2551 88 2578 ,ct
104 2551 241 2576 eumaem.

58 2592 75 2603 .
90 2585 168 2609 praec.
185 2579 241 2603 init.

46 2648 85 2673 et.
98 2655 166 2673 nav.

33 2866 36 2870 .
47 2830 86 2857 α.
99 2837 164 2854 num.
175 2837 202 2854 n.

762 286 951 323 SUMMA
979 286 1201 326 CONTRA
1229 288 1504 335 GENTILES,
1532 290 1627 330 LIB.
1649 291 1690 335 11,
1721 290 1831 328 CAP.
1851 291 2002 328 LXXII.

281 369 338 398 est
356 361 482 398 forma
496 361 752 400 accidentalis.
769 364 890 411 Quod
904 373 1036 403 autern
1056 365 1102 403 sit
1120 367 1246 404 forma
1264 368 1354 404 sub·

281 413 463 451 stantialis
490 414 608 451 totius
636 423 673 452 et
699 417 881 466 partium,
910 425 1013 467 patet
1040 431 1111 469 per
1143 421 1218 457 hoc
1246 421 1354 470 quod

280 468 330 505 ab
359 480 405 505 ea
433 467 589 505 sortitur
608 469 779 518 speciem
805 478 841 507 et
868 479 994 509 totum
1014 481 1050 509 et
1068 481 1207 522 partes.
1228 473 1353 519 Unde,

280 533 326 558 ea
361 521 605 568 abscedente,
638 534 767 572 neque
803 531 929 562 totum
967 537 1096 576 neque
1131 534 1260 576 partes
1297 539 1353 564 re-

279 582 440 613 manent
462 574 641 612 eiusdem
669 576 826 628 speciei:
856 590 950 616 nam
978 581 1116 617 oculus
1143 579 1290 618 mortui
1318 588 1355 618 et

279 640 370 666 caro
399 628 483 666 eius
502 640 583 666 non
602 628 785 667 dicuntur
803 630 876 668 nisi
896 632 1110 682 aequivoce
1124 633 1155 670 ³⁸.
1182 633 1223 671 Si
1242 633 1355 682 igitur

279 681 412 719 anima
439 689 496 719 est
524 690 632 719 actus
660 682 915 732 singularium
943 686 1130 735 partium3
1151 694 1258 724 actus
1286 699 1354 724 au-

277 743 358 773 tem
387 743 443 772 est
471 735 511 772 in
540 747 588 773 eo
617 736 728 774 cuius
758 746 813 774 est
839 746 961 776 actus:
988 739 1218 789 relinquitur
1245 741 1354 790 quod

278 787 325 825 sit
353 789 573 849 secundum
602 802 715 827 suam
744 791 951 829 essentiam
978 792 1019 830 in
1048 793 1219 843 qualibet
1246 802 1354 843 parte

282 854 469 892 corporis.

331 895 452 943 Quod
482 903 613 934 autem
641 904 729 943 tota,
760 898 1008 937 manifestum
1028 907 1095 937 est.
1118 901 1221 937 Cum
1248 899 1353 937 enim

275 957 403 987 toturn
432 950 583 988 dicatur
608 961 680 999 per
708 952 935 989 relationem
959 953 1008 990 ad
1036 961 1175 1003 partes,
1201 961 1354 1003 oportet

274 1009 390 1041 totum
420 1003 684 1042 diversimode
713 1004 835 1055 accipi
868 1005 966 1043 sicut
1000 1005 1263 1044 diversimode
1291 1019 1352 1044 ac-

275 1056 473 1107 cipiuntur
499 1065 639 1108 partes.
669 1057 820 1097 Dicitur
854 1067 986 1096 autem
1014 1072 1103 1109 pars
1131 1060 1350 1110 dupliciter:

273 1123 356 1149 uno
385 1111 548 1161 quidem
576 1111 711 1157 mod0,
740 1112 976 1162 inquantum
999 1113 1184 1153 dividitur
1206 1114 1352 1164 aliquid

273 1165 494 1203 secundum
523 1164 790 1215 quantitatem,
811 1165 908 1204 sicut
936 1166 1154 1205 bicubitum
1178 1176 1235 1205 est
1261 1180 1352 1218 pars

272 1218 458 1265 tricubiti3
488 1218 563 1256 alio
592 1219 727 1266 modo,
748 1220 983 1269 inquantum
1002 1220 1188 1258 dividitur
1205 1221 1350 1272 aliquid

272 1273 492 1311 secundum
523 1272 758 1314 divisionem
787 1273 986 1321 essentiae,
1021 1274 1119 1312 sicut
1154 1275 1279 1314 forma
1314 1284 1351 1313 et

272 1326 436 1371 materia
447 1326 648 1364 ..dicuntur
674 1334 804 1376 partes
832 1327 1051 1377 compositi.
1080 1328 1231 1366 Dicitur
1258 1341 1349 1378 ergo

270 1387 399 1417 totum
432 1387 470 1417 et
504 1379 725 1417 secundum
757 1380 1024 1430 quantitatem,
1060 1389 1097 1419 et
1131 1383 1350 1421 secundum

271 1433 460 1471 essentiae
486 1433 777 1483 perfectionem.
797 1435 948 1472 Totum
968 1442 1100 1472 autem
1120 1444 1158 1472 et
1184 1448 1274 1485 pars
1293 1448 1351 1474 se-

270 1486 453 1524 cundum*
484 1487 742 1537 quantitatem
776 1488 878 1525 dicta
912 1488 1048 1525 formis
1085 1501 1167 1526 non
1206 1501 1350 1527 conve-

269 1538 383 1580 niunt
410 1539 484 1578 nisi
512 1552 583 1590 per
610 1541 801 1588 accidens,
831 1541 972 1579 scilicet
999 1541 1234 1591 inquantum
1254 1542 1351 1580 divi-

269 1591 419 1632 duntur
445 1593 637 1632 divisione
670 1594 833 1633 subiecti
867 1594 1123 1644 quantitatem
1159 1595 1348 1633 habentis.

269 1648 420 1686 Totum
448 1646 582 1685 autem
610 1649 673 1685 vel
699 1661 790 1698 pars
823 1649 1044 1686 secundum
1071 1648 1350 1699 perfectionem

268 1700 457 1739 essentiae
485 1701 683 1739 invenitur
710 1701 751 1739 in
778 1701 914 1740 formis
942 1714 1014 1752 per
1047 1715 1100 1740 se.
1130 1725 1156 1730 -
1183 1703 1243 1741 De
1276 1704 1351 1740 hac

267 1753 383 1806 igitur
395 1755 578 1794 totalitate
598 1755 811 1806 loquendo,
827 1768 930 1806 quae
943 1768 1016 1806 per
1033 1768 1074 1793 se
1094 1755 1228 1794 formis
1243 1756 1350 1794 com-

266 1808 374 1860 petit,
402 1809 443 1847 in
471 1809 644 1860 qualibet
670 1809 797 1847 forma
817 1817 979 1860 apparet
997 1810 1107 1860 quod
1126 1817 1183 1847 est
1209 1818 1290 1847 tota
1308 1810 1349 1848 in

266 1870 350 1902 toto
365 1870 402 1901 et
415 1870 496 1901 tota
506 1863 546 1902 in
560 1863 733 1914 qualibet
742 1871 850 1914 parte
865 1863 964 1902 eius:
985 1875 1079 1901 nam
1093 1864 1239 1911 albedo,
1251 1863 1350 1901 sicut

267 1917 488 1955 seeundum
515 1925 639 1955 totam
672 1916 865 1955 rationem
892 1917 1081 1955 albedinis
1109 1925 1166 1954 est
1193 1917 1234 1954 in
1264 1925 1348 1954 toto

267 1982 444 2022 corpore,
466 1970 517 2008 ita
531 1979 569 2009 et
586 1971 627 2009 in
647 1971 820 2021 qualibet
837 1979 945 2021 parte
960 1971 1056 2009 eius.
1073 1971 1196 2008 Secus
1214 1978 1348 2008 autem

267 2031 324 2062 est
346 2024 396 2062 de
424 2024 607 2063 totalitate
626 2037 728 2074 quae
747 2037 819 2075 per
836 2024 1017 2063 accidens
1036 2023 1256 2062 attribuitur
1271 2024 1346 2061 for-

267 2077 358 2116 mis:
393 2077 448 2116 sic
480 2078 586 2118 enim
619 2091 699 2117 non
728 2091 942 2130 possumus
969 2078 1098 2117 dicere
1131 2078 1239 2128 quod
1267 2084 1346 2115 tota

323 2199 334 2218 ι
356 2191 400 2226 sit]
418 2197 460 2218 est
478 2191 580 2223 nWXc,
598 2192 686 2217 anima
703 2196 745 2217 est
762 2191 812 2217 Pa.
886 2198 900 2216 2
919 2190 1010 2225 totius]
1029 2196 1056 2217 et
1072 2191 1153 2216 totius
1171 2191 1240 2216 Gw.
1314 2198 1347 2224 ¹7

265 2233 355 2263 partes
373 2228 418 2254 Pc.
509 2227 542 2253 23
562 2227 714 2253 dividuntur
731 2228 775 2253 lta
793 2227 897 2258 DYPd‚·
916 2227 1039 2253 dividitur
1055 2227 1149 2254 ceteri.

319 2264 337 2291 6
354 2269 429 2299 parte
442 2266 508 2296 post
525 2265 643 2297 eorporis
662 2263 784 2289 aDWPc.

265 2299 347 2335 diget]
366 2308 420 2326 nou
438 2299 538 2332 indiget
555 2307 581 2325 α.
673 2306 707 2324 20
726 2306 840 2332 quorum
860 2299 904 2324 lta
922 2299 1010 2330 sWP3
1029 2306 1142 2332 quarum
1160 2299 1254 2324 ceteri.

2402 294 2478 341 457

1409 366 1548 406 albedo
1585 367 1631 404 sit
1665 368 1705 405 in
1737 368 1907 417 qualibet
1924 377 2043 418 parte.
2070 369 2111 407 Si
2129 369 2242 419 igitur
2269 379 2325 408 est
2352 372 2481 421 aliqua

1408 419 1534 457 forma
1548 433 1649 470 quae
1668 433 1749 458 non
1769 421 1963 459 dividatur
1981 422 2170 461 divisione
2192 424 2363 471 subiecti,
2383 425 2481 462 sicut

1410 481 1499 510 sunt
1511 473 1665 511 animae
1676 474 1903 512 animalium
1918 476 2188 524 perfectorum,
2200 490 2281 514 non
2296 478 2365 515 erit
2378 490 2480 528 opus

1409 525 1663 573 distinctione,
1684 539 1776 564 cum
1795 528 1850 564 eis
1878 540 1958 565 non
1977 537 2172 578 competat
2195 530 2267 567 nisi
2286 543 2366 568 una
2383 539 2478 568 tota-

1377 599 1386 619 ς
1409 578 1508 616 litas:
1538 580 1604 617 sed
1630 580 1804 617 absolute
1834 581 2045 619 dicendum
2073 590 2129 619 est
2147 595 2235 620 eam
2254 591 2374 622 totam
2396 597 2478 622 esse

1409 631 1450 668 in
1477 632 1648 682 qualibet
1669 641 1777 683 parte
1797 634 1982 683 corporis,
2003 657 2027 662 -
2048 636 2132 672 Nec
2151 644 2207 673 est
2229 638 2306 674 hoc
2324 637 2478 675 difficile

1409 686 1703 734 apprehendere
1736 686 1771 723 ei
1804 686 1871 736 qui
1907 686 2075 736 intelligit
2107 689 2279 726 animam
2311 702 2393 727 non
2425 691 2478 728 sic

1409 750 1492 775 esse
1521 738 1794 777 indivisibilem
1813 747 1856 777 ut
1882 748 2090 789 punctum;
2124 754 2252 791 neque
2272 743 2325 780 sic
2353 743 2477 781 incor—

1407 804 1576 841 poreum
1605 805 1794 843 corporeo
1818 793 2001 842 coniungi
2030 793 2126 830 sicut
2153 807 2318 844 corpora
2344 797 2393 834 ad
2421 797 2478 834 in-

1370 867 1395 882 10
1408 845 1537 883 vicem
1569 847 1875 895 coniunguntur;
1905 854 1948 884 ut
1980 859 2097 897 supra
2115 847 2135 869 '¹‘
2163 849 2381 897 expositum
2409 858 2476 888 est.

1462 900 1556 936 Non
1585 908 1640 937 est
1668 908 1800 937 autem
1818 900 2098 938 inconveniens
2117 900 2302 947 animam,
2322 914 2413 940 cum
2433 899 2479 940 sit

1407 953 1604 1001 quaedam
1621 954 1747 991 forma
1767 954 1941 1003 simplex,
1961 966 2044 991 esse
2064 962 2194 991 actum
2213 954 2382 1004 partium
2399 963 2479 993 tam

1407 1005 1662 1044 diversarum.
1693 1007 1798 1055 Quia
1821 1007 2033 1057 unicuique
2052 1007 2200 1045 formae
2220 1015 2371 1058 aptatur
2398 1021 2479 1046 ma-

1406 1059 1500 1096 teria
1528 1061 1746 1098 secundum
1775 1073 1887 1098 suam
1907 1061 2211 1109 congruentiam.
2233 1062 2392 1109 Quanto
2412 1074 2479 1099 au-

1368 1132 1390 1153 15
1406 1120 1486 1150 tem
1505 1113 1635 1164 aliqua
1653 1115 1780 1153 forma
1798 1123 1854 1152 est
1873 1114 2040 1152 nobilior
2067 1122 2103 1151 et
2131 1114 2352 1164 simplicior,
2372 1122 2479 1153 tanto

1406 1173 1462 1203 est
1490 1167 1648 1205 maioris
1676 1168 1837 1205 virtutis.
1871 1169 1984 1206 Unde
2018 1167 2158 1214 anima,
2188 1180 2289 1218 quae
2322 1176 2378 1206 est
2409 1181 2478 1206 no-

1405 1219 1591 1258 bilissima
1618 1221 1718 1258 inter
1744 1221 1888 1259 formas
1916 1221 2125 1267 inferiores,
2151 1223 2219 1259 etsi
2248 1222 2411 1272 simplex
2438 1222 2479 1260 in

1405 1274 1629 1321 substantia,
1650 1283 1706 1312 est
1729 1275 1928 1325 multiplex
1958 1275 1997 1311 in
2015 1274 2187 1325 potentia
2211 1283 2247 1313 et
2266 1277 2478 1313 multarum

1405 1327 1692 1376 operationum.
1729 1329 1842 1366 Unde
1871 1328 2015 1377 indiget
2049 1328 2210 1366 diversis
2248 1328 2400 1377 organis
2428 1328 2478 1366 ad

1365 1399 1391 1413 ω
1405 1393 1495 1418 suas
1527 1381 1773 1431 operationes
1801 1382 2064 1431 complendas,
2098 1393 2270 1431 quorum
2302 1382 2477 1420 diversae

1405 1434 1559 1472 animae
1596 1435 1790 1484 potentiae
1829 1435 1976 1484 proprii
2013 1443 2120 1472 actus
2158 1447 2240 1472 esse
2276 1435 2476 1473 dicuntur:

1405 1487 1503 1525 sicut
1521 1488 1628 1525 visus
1647 1489 1761 1534 oculi,
1790 1488 1946 1526 auditus
1972 1488 2138 1534 aurium,
2163 1496 2200 1525 et
2225 1488 2279 1525 sic
2306 1489 2355 1526 de
2383 1489 2476 1527 aliis.

1405 1541 1568 1591 Propter
1586 1542 1694 1591 quod
1715 1541 1895 1579 animalia
1914 1542 2081 1591 perfecta
2102 1542 2245 1579 habent
2264 1541 2477 1579 maximam

1404 1594 1666 1632 diversitatem
1694 1595 1733 1632 in
1763 1595 1927 1643 organis,
1955 1597 2108 1645 plantae
2136 1607 2231 1632 vero
2259 1595 2476 1633 minimam.

1365 1668 1388 1688 ,ς
1430 1686 1433 1687 ⁷
1458 1648 1543 1685 Hac
1571 1648 1685 1696 igitur
1712 1648 1916 1686 occasione
1937 1661 1959 1685 a
1978 1648 2215 1697 quibusdam
2234 1647 2478 1699 philosophis

1405 1700 1553 1738 dictum
1582 1709 1638 1738 est
1665 1701 1838 1738 animam
1868 1713 1951 1738 esse
1980 1701 2019 1738 in
2048 1702 2178 1750 aliqua
2204 1709 2312 1751 parte
2339 1714 2478 1751 corpo-

1405 1755 1471 1791 ris:
1502 1754 1600 1792 sicut
1628 1754 1677 1792 ab
1710 1754 1796 1804 ipso
1825 1754 2037 1801 Aristotele,
2067 1754 2106 1791 in
2135 1755 2232 1792 libro
2268 1756 2314 1792 de
2353 1757 2478 1793 Causa

1403 1811 1535 1847 Motus
1561 1809 1796 1846 Animalium
1811 1808 1842 1855 *‚
1872 1807 2011 1846 dicitur
2038 1820 2120 1846 esse
2149 1808 2188 1845 in
2223 1809 2351 1855 corde,
2386 1809 2478 1859 quia

1403 1861 1533 1911 aliqua
1560 1861 1825 1912 potentiarum
1852 1861 1936 1899 eius
1963 1861 2014 1899 illi
2042 1861 2141 1911 parti
2174 1862 2347 1912 corporis
2375 1862 2476 1911 attri-

1363 1933 1389 1953 ιο
1402 1915 1545 1953 buitur.
1575 1915 1643 1953 Vis
1675 1915 1782 1952 enim
1810 1915 1968 1961 motiva,
1997 1915 2046 1952 de
2081 1928 2160 1964 qua
2187 1916 2408 1953 Aristoteles
2435 1916 2475 1954 in

1401 1969 1500 2007 libro
1528 1969 1593 2006 illo
1626 1968 1773 2016 agebat,
1802 1976 1859 2005 est
1890 1968 2150 2018 principaliter
2181 1968 2220 2006 in
2249 1970 2377 2015 corde,
2405 1982 2477 2019 per

1402 2023 1509 2073 quod
1539 2021 1670 2059 anima
1689 2021 1729 2059 in
1751 2029 1878 2059 totum
1897 2034 2040 2071 corpus
2061 2030 2214 2059 motum
2234 2030 2271 2060 et
2291 2023 2383 2060 alias
2401 2024 2474 2060 hu-

1401 2075 1572 2114 iusmodi
1600 2074 1846 2125 operationes
1874 2075 2067 2112 diffundit.

1367 2191 1465 2224 aliquid
1483 2198 1525 2216 om
1546 2190 1632 2215 nDW.
1706 2196 1739 2214 20
1757 2194 1842 2214 totum
1861 2188 1895 2222 et]
1915 2194 1999 2214 totum
2014 2188 2100 2220 oeDW,
2113 2194 2139 2214 et
2156 2193 2242 2214 totum
2258 2196 2282 2215 c.

2356 2196 2385 2215 ιιι
2401 2189 2472 2224 pars]

1244 2226 1273 2252 31
1296 2227 1414 2260 qualibet
1428 2230 1493 2260 post
1510 2231 1584 2260 parte
1603 2225 1688 2251 aEPc.

858 2270 890 2296 ¹7
910 2263 937 2288 in
955 2262 1107 2297 substantia}
1127 2263 1155 2288 in
1172 2262 1318 2288 substantia
1335 2262 1370 2288 sit
1386 2263 1419 2294 D,
1437 2263 1472 2288 sit
1489 2262 1516 2287 in
1534 2261 1680 2287 substantia
1691 2261 1781 2285 YZPc.

1855 2260 1888 2286 18
1907 2260 1958 2294 est]
1971 2265 2012 2285 est
2028 2265 2117 2285 tamen
2135 2260 2194 2291 ch,
2208 2267 2251 2285 om
2264 2260 2309 2287 W.
2383 2268 2415 2294 ¹9
2433 2261 2473 2286 in-

1031 2376 1370 2411 Commentario.
1401 2376 1713 2409 Ferrariensis

332 2469 378 2491 mn
401 2465 570 2490 ostensum
599 2458 641 2488 sit
663 2457 821 2498 quoniam
853 2457 962 2488 anima
988 2457 1186 2489 intellectiva
1213 2457 1345 2497 corpori

269 2471 523 2537 Cimmediate
546 2503 668 2538 unitur,
691 2501 922 2533 declarandum
944 2507 1042 2533 restat
1061 2502 1165 2543 ipsam
1189 2506 1290 2532 totam
1314 2506 1346 2532 et

267 2546 301 2581 iri
325 2554 394 2581 toto
418 2554 450 2580 et
472 2549 506 2579 in
529 2547 674 2589 qualibet
689 2551 788 2587 parte
811 2556 880 2577 esse
890 2547 918 2577 ἥ.
943 2546 1039 2578 Circa
1056 2548 1121 2578 hoc
1144 2552 1255 2578 autem
1278 2546 1344 2577 duo

267 2594 344 2626 facit
366 2594 504 2625 Sanctus
527 2593 688 2624 Thomas:
713 2592 821 2632 primo
845 2592 933 2622 enim
954 2593 1163 2633 propositum
1187 2591 1346 2628 ostendit;

267 2638 425 2676 secundo,
449 2637 608 2680 quasdam
632 2638 836 2668 obiectiones
859 2637 1003 2668 excludit
1017 2638 1045 2667 *.

294 2694 297 2696 ’
324 2685 348 2715 Ι.
372 2683 544 2723 Quantum
567 2682 608 2714 ad
630 2683 785 2722 primum,
803 2691 879 2713 cum
895 2682 975 2713 duas
997 2687 1104 2722 partes
1126 2682 1242 2712 habeat
1265 2689 1345 2710 con-

267 2729 383 2766 clusio,
407 2728 530 2759 scilicet
553 2733 586 2758 et
609 2726 700 2767 quod
724 2727 835 2757 anima
860 2732 908 2758 est
935 2728 967 2757 in
993 2732 1061 2757 toto
1093 2731 1124 2757 et
1147 2726 1183 2756 in
1204 2724 1347 2766 qualibet

261 2778 370 2816 parte,
388 2778 420 2804 et
443 2771 534 2813 quod
550 2773 583 2802 in
601 2773 667 2803 inis
683 2778 731 2803 est
746 2776 834 2802 tota:
848 2772 966 2812 primo,
983 2772 1099 2812 probat
1117 2771 1254 2812 primam
1272 2778 1345 2810 par-

266 2825 351 2855 tem;
375 2817 534 2854 secundo,
550 2816 728 2848 secundam
740 2817 768 2846 *.

322 2863 464 2893 Primam
479 2867 605 2902 partem
621 2862 667 2892 sic
682 2861 809 2902 probat.
834 2861 875 2891 Et
890 2861 1009 2900 primo,
1033 2860 1120 2902 quod
1142 2860 1185 2890 sit
1207 2859 1240 2889 in
1265 2863 1343 2889 toto.

265 2908 387 2939 Anima
409 2911 457 2938 est
480 2911 571 2937 actus
594 2907 742 2946 corporis
765 2905 919 2945 organici,
936 2915 1004 2936 non
1020 2905 1119 2936 unius
1142 2904 1256 2944 organi
1274 2908 1345 2933 tan-

266 2958 348 2983 tum.
372 2952 461 2992 Ergo
485 2957 534 2982 est
556 2951 591 2981 in
618 2956 701 2988 toto,
726 2956 758 2981 et
780 2958 849 2980 non
872 2950 906 2980 in
930 2959 995 2980 una
1018 2955 1108 2990 parte
1131 2954 1270 2984 tantum,
1295 2957 1344 2978 se-

267 2996 412 3028 cundum
429 2996 602 3027 essentiam
618 3005 721 3032 suam,
739 2993 920 3025 secundum
945 3004 1044 3035 quam
1073 2999 1120 3024 est
1144 2993 1250 3024 forma
1274 3001 1345 3022 cor-

266 3042 364 3083 poris.
390 3059 411 3063 —
434 3040 594 3071 Probatur
617 3040 863 3080 consequentia.
895 3039 982 3077 Quia
1012 3044 1143 3079 oportet
1172 3037 1344 3078 proprium

266 3091 376 3117 actum
400 3095 469 3116 esse
493 3086 526 3115 in
550 3086 684 3126 proprio
709 3083 912 3125 perfectibili.

325 3130 423 3167 Quod
446 3139 523 3161 vero
540 3130 583 3161 sit
598 3130 631 3160 in
648 3130 797 3160 omnibus
806 3128 968 3170 partibus,
993 3127 1146 3168 arguitur.
1163 3126 1220 3157 Est
1239 3125 1344 3156 forma

265 3175 478 3216 singularium
493 3176 645 3215 partium.
663 3175 749 3215 Ergo
767 3179 814 3205 est
829 3174 863 3204 in
880 3172 1033 3203 omnibus
1056 3171 1210 3213 partibus.
1226 3188 1250 3193 -
1264 3170 1343 3200 Pro-

265 3220 360 3251 batur
383 3220 628 3260 consequentia.
645 3219 732 3258 Quia
747 3224 838 3250 actus
862 3222 910 3248 est
925 3218 958 3248 in
975 3226 1016 3247 eo
1032 3217 1124 3247 cuius
1141 3221 1189 3246 est
1204 3220 1303 3245 actus.
1319 3232 1343 3236 —

265 3264 472 3295 Antecedens
495 3274 630 3305 quoque
654 3264 819 3304 probatur.
836 3262 923 3300 Quia
946 3261 1022 3292 alias
1040 3270 1109 3292 non
1132 3265 1215 3290 esset
1239 3259 1343 3289 forma

265 3309 481 3340 substantialis
509 3309 579 3340 talis
610 3309 765 3349 corporis,
795 3307 852 3338 sed
878 3305 1098 3337 accidentalis:
1126 3304 1209 3335 sicut
1238 3303 1343 3334 forma

265 3353 395 3390 domus,
411 3363 496 3394 quae
519 3359 568 3384 est
583 3352 688 3384 forma
710 3353 811 3383 totius
828 3357 859 3382 et
876 3360 943 3382 non
964 3350 1174 3390 singularium
1190 3348 1341 3389 partium,

266 3403 314 3428 est
332 3397 437 3428 forma
453 3398 668 3429 accidentalis.
686 3398 761 3428 Hoc
777 3401 886 3428 autem
903 3400 950 3425 est
966 3394 1098 3425 falsum:
1115 3393 1218 3423 immo
1235 3393 1342 3423 anima

266 3448 313 3473 est
337 3442 442 3473 forma
469 3443 683 3474 substantialis
713 3443 813 3473 totius
844 3446 875 3471 et
904 3439 1055 3480 partium,
1080 3447 1156 3469 cum
1180 3438 1218 3468 ab
1247 3446 1283 3467 ea
1310 3442 1342 3467 et

264 3492 373 3518 totum
403 3493 435 3518 et
459 3493 566 3528 panes
593 3488 735 3527 speciem
762 3486 944 3516 sortiantur.
973 3482 1074 3521 Quod
1100 3487 1188 3522 patet
1212 3491 1250 3512 ex
1276 3481 1341 3532 hoc

265 3532 367 3572 quod,
391 3541 429 3562 ea
451 3531 633 3568 recedente,
657 3541 719 3563 nec
742 3536 850 3561 totum
865 3538 927 3560 nec
942 3533 1047 3569 partes
1066 3532 1234 3558 remanent
1257 3534 1341 3555 e1us-

266 3576 341 3608 dem
370 3576 507 3617 speciei:
539 3576 656 3607 oculus
685 3576 772 3607 enim
796 3580 828 3606 et
856 3583 930 3605 caro
954 3572 1075 3603 mortui
1097 3580 1165 3602 non
1189 3570 1342 3601 dicuntur

265 3621 327 3652 nisi
350 3621 541 3661 aequivoce.
565 3621 652 3661 Ergo
677 3626 738 3651 etc.

322 3665 417 3697 Circa
431 3665 659 3706 probationem
675 3664 905 3700 antecedentis,
918 3660 1150 3693 advertendum
1167 3658 1257 3700 quod
1271 3667 1340 3688 non

409 3728 503 3752 ὅσιαι
522 3727 632 3752 Com-na
652 3726 785 3751 Gemma
805 3725 836 3750 D.
854 3725 970 3749 Tanna
988 3722 1058 3747 Tou.
1077 3722 1095 3746 1.

1396 2455 1472 2486 ideo
1495 2455 1642 2492 infertur,
1673 2456 1700 2486 si
1731 2456 1839 2486 anima
1861 2464 1930 2486 non
1953 2460 2001 2485 est
2024 2454 2128 2485 forma
2150 2454 2292 2495 partium
2315 2455 2470 2495 corporis,

1398 2500 1489 2540 quod
1513 2506 1561 2531 est
1583 2500 1689 2531 forma
1713 2499 1929 2536 accidentalis,
1957 2499 2050 2540 quasi
2076 2499 2166 2529 nulla
2193 2498 2299 2529 forma
2322 2499 2472 2530 acciden-

1397 2544 1468 2576 talis
1491 2546 1532 2576 sit
1554 2544 1660 2575 forma
1682 2545 1783 2575 totius
1807 2550 1839 2574 et
1853 2544 2009 2584 partium:
2030 2561 2052 2565 -
2068 2544 2133 2574 hoc
2157 2543 2245 2574 enim
2268 2548 2316 2574 est
2338 2542 2469 2574 falsum:

1397 2599 1474 2620 nam
1497 2588 1614 2620 albedo
1638 2594 1686 2620 est
1709 2588 1814 2619 forma
1836 2589 1937 2618 totius
1961 2593 1992 2618 et
2015 2588 2165 2627 partium,
2182 2593 2219 2618 ut
2241 2587 2294 2618 hic
2318 2586 2471 2618 dicitur·-

1398 2633 1454 2665 sed
1477 2634 1555 2674 quia
1577 2634 1685 2664 omnis
1700 2632 1804 2664 forma
1820 2633 1920 2663 totius
1936 2641 2022 2672 quae
2036 2641 2104 2662 non
2129 2636 2176 2662 est
2198 2630 2303 2662 forma
2317 2632 2469 2671 partium,

1399 2684 1446 2710 est
1461 2677 1566 2709 forma
1581 2677 1797 2708 accidentalis.
1814 2677 1858 2708 Ut
1874 2677 1962 2707 enim
1978 2676 2095 2707 dicitur
2110 2676 2227 2712 Prima,
2244 2685 2300 2716 qu.
2316 2686 2419 2713 Lxxw,
2438 2676 2469 2712 8,

1397 2733 1470 2754 cum
1495 2728 1598 2753 totum
1621 2722 1779 2753 consistat
1793 2731 1834 2752 ex
1852 2721 2012 2761 partibus,
2028 2721 2148 2762 forma
2173 2720 2273 2751 totius
2294 2730 2379 2761 quae
2402 2730 2468 2750 non

1397 2768 1454 2799 dat
1477 2777 1545 2799 esse
1573 2767 1716 2808 singulis
1733 2766 1885 2807 partibus
1912 2765 2076 2805 corporis,
2104 2770 2152 2795 est
2166 2765 2287 2806 forma
2311 2774 2395 2806 quae
2422 2769 2470 2795 est

1397 2812 1589 2853 compositio
1606 2816 1638 2842 et
1655 2811 1749 2847 ordo,
1774 2815 1810 2841 ut
1832 2816 1880 2841 est
1892 2811 2014 2852 forma
2032 2809 2157 2840 domus.
2185 2809 2274 2840 Talis
2297 2814 2405 2840 autem
2422 2813 2470 2839 est

1388 2859 1509 2900 forma
1532 2856 1754 2887 accidentalis.

1453 2902 1490 2933 11.
1514 2901 1578 2932 Pro
1601 2899 1744 2931 secunda
1770 2905 1860 2940 parte
1888 2898 2119 2935 conclusionis,
2142 2903 2234 2928 notat
2256 2897 2362 2938 primo
2387 2897 2467 2928 San-

1397 2952 1467 2977 ctus
1490 2946 1636 2976 Thomas
1660 2944 1752 2985 quod
1774 2943 1894 2984 duplex
1918 2949 1965 2974 est
1987 2949 2111 2973 totum:
2136 2942 2258 2973 scilicet
2284 2941 2466 2973 secundum

1397 2991 1624 3031 quantitatem
1649 2995 1680 3020 et
1704 2988 1885 3019 secundum
1915 2988 2071 3019 essentiae
2095 2986 2341 3027 perfectionem.
2364 3004 2387 3008 —
2410 2986 2466 3017 Se-

1397 3035 1506 3067 cundo
1529 3040 1622 3065 notat
1637 3034 1728 3074 quod
1743 3034 1846 3074 prima
1861 3033 2001 3063 totalitas
2016 3041 2084 3062 non
2101 3031 2254 3062 convenit
2276 3030 2389 3061 formis
2404 3031 2466 3061 nisi

1395 3091 1454 3122 per
1468 3079 1628 3116 accidens,
1646 3077 1826 3109 secundum
1843 3077 1933 3118 quod
1954 3076 2140 3107 dividuntur
2156 3075 2313 3106 divisione
2329 3075 2466 3105 subiecti

1396 3125 1526 3166 quanti;
1553 3124 1693 3154 totalitas
1720 3129 1828 3153 autem
1859 3121 2001 3152 secunda
2030 3121 2091 3151 illis
2119 3120 2271 3150 convenit
2294 3129 2352 3159 per
2375 3128 2418 3149 se.
2442 3137 2466 3141 —

1395 3171 1494 3201 Notat
1516 3169 1612 3199 tertio
1636 3167 1737 3208 quod,
1754 3168 1780 3197 si
1796 3167 1835 3197 sit
1858 3166 1965 3206 aliqua
1985 3165 2090 3196 forma
2106 3174 2190 3204 quae
2213 3174 2281 3194 non
2305 3163 2466 3194 dividatur

1395 3214 1555 3246 divisione
1578 3212 1726 3249 subiecti,
1751 3212 1833 3242 sicut
1859 3211 1984 3241 animae
2015 3209 2203 3240 animalium
2232 3207 2463 3248 perfectorum,

1394 3259 1441 3290 illi
1465 3257 1618 3288 convenit
1640 3262 1767 3287 tantum
1790 3254 1931 3286 secunda
1953 3254 2102 3290 totalitas,
2126 3262 2193 3284 non
2218 3258 2326 3283 autem
2348 3252 2462 3292 prima.

1394 3304 1436 3334 Et
1459 3301 1500 3333 de
1522 3302 1583 3332 hac
1605 3301 1793 3341 intelligitur
1814 3300 1848 3329 in
1872 3298 2095 3329 conclusione.

1449 3345 1591 3377 Adverte
1606 3346 1659 3376 hic
1680 3344 1770 3385 quod
1786 3343 1921 3374 Sanctus
1937 3342 2082 3373 Thomas
2105 3351 2173 3372 non
2190 3341 2297 3372 solum
2321 3341 2463 3371 animam

1393 3391 1622 3422 intellectivam
1646 3389 1739 3430 ponit
1762 3389 1971 3423 inextensam‚
1995 3386 2051 3417 sed
2084 3386 2181 3416 etiam
2212 3386 2334 3415 animas
2356 3384 2462 3425 perfe-

1395 3441 1523 3467 ctorum
1546 3434 1750 3465 animalium:
1784 3432 1969 3472 relinquens
1998 3440 2035 3461 ex
2065 3430 2129 3460 hoc
2159 3430 2282 3460 animas
2310 3428 2462 3469 imperfe-

1394 3485 1523 3511 ctorum
1547 3478 1735 3509 animalium
1762 3482 1906 3507 extensas
1930 3484 1998 3506 esse
2027 3480 2059 3505 et
2081 3474 2265 3505 divisibiles.
2281 3473 2390 3504 Huius
2412 3483 2462 3504 ra-

1392 3525 1518 3555 tionem
1540 3522 1614 3554 vide
1636 3522 1752 3558 Prima,
1776 3530 1831 3561 qu.
1848 3530 1950 3556 Lxxw,
1967 3529 1995 3549 a.
2014 3520 2044 3549 8.

1447 3568 1605 3599 Probatur
1628 3575 1704 3607 ergo
1721 3564 1862 3596 secunda
1877 3573 1949 3605 pars
1972 3562 2191 3594 conclusionis
2208 3561 2358 3602 exemplo
2375 3561 2461 3592 albe-

1393 3612 1486 3649 dinis,
1511 3621 1605 3652 quae,
1629 3611 1711 3641 sicut
1734 3608 1913 3640 secundum
1928 3613 2031 3638 totam
2053 3607 2212 3637 rationem
2235 3605 2392 3637 albedinis
2414 3611 2462 3636 est

1391 3658 1426 3688 in
1449 3662 1530 3693 toto,
1554 3657 1598 3686 ita
1621 3660 1652 3685 et
1675 3655 1708 3685 in
1732 3659 1831 3695 parte.
1855 3653 1941 3693 Ergo
1965 3651 2109 3682 similiter
2132 3651 2238 3682 anima
2261 3655 2309 3681 est
2331 3651 2365 3681 in
2388 3655 2459 3681 toto

2284 3710 2317 3736 58

2506 862 2514 870 ·
2529 859 2587 888 Cap.
2597 866 2643 883 ινι.

2505 1819 2514 1828 ·
2523 1819 2562 1840 ΑΙ.
2577 1819 2607 1841 de
2614 1819 2717 1842 Animal.

2504 1845 2721 1894 &astruet-..ts

2503 1898 2564 1920 tibus
2604 1899 2716 1927 Animal„

2503 1930 2554 1952 cap.
2564 1931 2600 1947 ur.
