2768 4134
53 453 63 463 ·
77 451 113 473 Cf.
132 456 183 478 cap.
199 456 266 478 uni,

2 479 5 486 ‘
55 478 144 500 Tertia.

58 1148 91 1163 ...ss-1
118 1157 122 1165 ,

55 1173 71 1194 ὶ
78 1174 85 1192 t

38 2647 41 2652 ,
58 2625 70 2637 ”
83 2623 121 2648 Cf.
138 2623 273 2647 Commeat.

32 2671 33 2674 ,
58 2657 110 2680 cap.
125 2657 189 2674 mv.

58 2696 71 2725 ὲ
85 2700 123 2736 ct.
138 2719 163 2736 ιι.
176 2718 224 2735 xvi.

1 2749 6 2762 ³
31 2748 33 2750 Ι
45 2757 123 2782 ''‘·Cf.
137 2764 160 2780 11.
171 2763 220 2785 m,
234 2757 274 2780 tin.

867 268 1055 305 SUMMA
1084 269 1306 307 CONTRA
1335 270 1613 319 GENTlLES,
1642 271 1753 308 CAP.
1774 272 1923 309 LXVlI.

348 348 457 384 Patet
484 347 597 396 igitur
618 360 664 385 ex
684 347 792 385 dictis
816 347 1020 396 quomodo
1047 348 1211 386 obiectio
1239 349 1368 396 cogni-

294 400 442 438 tionem
471 400 777 449 contingentium
802 399 842 437 in
866 401 951 437 Deo
975 401 1208 450 impugnans
1237 402 1283 439 sit
1311 415 1368 439 re-

293 454 474 503 pellenda
487 453 518 490 ³⁸.
549 455 642 491 Non
671 453 777 491 enim
805 454 1066 503 posteriorum
1086 455 1246 492 variatio
1266 455 1368 505 prio-

294 507 401 544 ribus
438 506 731 544 variabilitatem
769 506 929 544 inducit:
967 520 1058 544 cum
1095 508 1289 556 contingat
1321 520 1368 545 ex

2421 286 2487 322 191

1424 349 1633 399 loquimur,
1658 350 1830 388 coexistit
1858 352 2078 398 aeternitati,
2108 354 2169 390 vel
2197 353 2312 391 etiam
2338 362 2492 404 tempus

1423 403 1673 451 praeteritum
1693 404 1817 452 (quod
1839 404 2058 451 designatur
2077 417 2168 442 cum
2191 406 2368 454 dicimus,
2390 409 2492 445 Deus

1423 457 1557 504 scivit):
1579 456 1685 492 unde
1701 456 1888 493 habitudo
1903 458 2087 506 temporis
2102 459 2292 507 praeteriti
2306 462 2368 497 vel
2382 472 2491 510 prae-

1424 507 1540 546 sentis
1577 509 1625 545 ad
1668 509 1843 546 futurum
1880 510 2088 547 aeternitati
2125 512 2352 560 attribuitur,
2391 526 2491 562 quae

294 560 420 598 causis
447 559 672 597 necessariis
695 559 830 609 primis
854 560 1012 598 effectus
1036 561 1193 598 ultimos
1221 561 1368 599 contin-
1392 570 1400 590 ³
1425 561 1588 599 omnino
1618 561 1652 598 ei
1685 573 1767 598 non
1795 562 1989 612 competit.
2021 564 2068 600 Et
2096 576 2143 601 ex
2171 565 2247 602 1100
2274 566 2410 603 accidit
2435 579 2490 604 se-

293 621 424 662 gentes
452 613 676 663 procedere.
710 614 788 651 Res
820 621 951 651 autem
979 627 1002 651 a
1030 615 1115 651 Deo
1145 614 1258 652 scitae
1287 627 1368 652 non

295 675 386 704 sunt
403 666 553 716 priores
572 666 655 703 eius
674 666 841 714 scientia,
863 667 958 704 sicut
981 668 1087 716 apud
1110 680 1184 705 nos
1208 676 1275 714 est,
1300 669 1368 705 sed

295 727 385 757 sunt
412 732 459 757 ea
490 719 734 770 posteriores.
773 721 866 757 Non
904 720 1016 769 igitur
1053 721 1236 770 sequitur,
1266 722 1297 758 si
1330 721 1368 758 id

295 773 403 823 quod
428 780 484 810 est
511 785 533 810 a
555 773 641 810 Deo
666 772 805 810 scitum
833 773 973 811 variari
998 781 1133 824 potest,
1154 775 1262 824 quod
1286 774 1368 811 eius

295 825 452 864 scientia
487 826 608 876 possit
639 826 714 864 falli
747 828 809 864 vel
846 827 1180 877 qualitercumque
1217 827 1367 864 variari.

295 880 507 918 Secundum
536 893 763 930 consequens
791 880 903 928 igitur
934 879 1176 929 decipiemur
1205 880 1247 926 si,
1278 881 1370 930 quia

295 941 427 971 nostra
453 933 620 982 cognitio
649 945 781 971 rerum
809 932 1054 970 variabilium
1081 933 1274 971 variabilis
1302 942 1368 980 est,

294 994 454 1037 propter
481 988 559 1024 hoc
586 986 625 1023 in
651 986 761 1024 omni
793 986 1012 1034 cognitione
1046 987 1120 1023 hoc
1154 987 1369 1024 necessario

295 1041 469 1078 accidere
497 1048 665 1091 putetur.

348 1095 512 1141 Rursus,
542 1106 636 1131 cum
663 1092 812 1140 dicitur,
841 1093 943 1130 Deus
970 1094 1046 1140 scit,
1078 1094 1139 1130 vel
1159 1094 1273 1139 sciuit,
1300 1095 1370 1131 lzoc

284 1148 475 1196 futurum,
514 1146 692 1184 medium
729 1145 932 1195 quoddam
970 1145 1154 1195 accipitur
1186 1146 1284 1184 inter
1315 1146 1370 1184 di-

295 1201 428 1239 vinam
457 1199 655 1238 scientiam
689 1206 725 1236 et
761 1211 846 1236 rem
873 1198 1019 1246 scitam,
1049 1199 1188 1236 scilicet
1215 1208 1370 1249 tempus

295 1254 334 1292 in
362 1265 444 1304 quo
473 1260 530 1291 est
558 1252 714 1298 locutio,
745 1260 921 1302 respectu
950 1252 1061 1289 cuius
1089 1252 1183 1290 illud
1211 1253 1319 1302 quod
1348 1266 1371 1290 a

294 1306 380 1345 Deo
409 1307 549 1357 scitum
577 1305 718 1343 dicitur
742 1313 798 1343 est
825 1305 1011 1343 futurum.
1042 1306 1135 1343 Non
1159 1313 1290 1343 autem
1315 1314 1371 1343 est

279 1355 471 1400 ‘futuram‘
494 1367 671 1410 respectu
695 1358 849 1397 divinae
877 1358 1069 1405 scientiae,
1090 1372 1202 1410 quae,
1223 1359 1263 1396 in
1286 1372 1371 1397 mo-

294 1421 428 1453 mento
450 1412 681 1451 aeternitatis
707 1412 884 1461 existens,
905 1413 955 1450 ad
979 1425 1113 1450 omnia
1140 1412 1372 1462 praesentia-

294 1467 380 1506 liter
405 1479 447 1504 se
475 1467 602 1504 habet.
633 1468 828 1516 Respectu
862 1465 986 1513 cuius,
1015 1465 1047 1503 si
1078 1474 1234 1515 tempus
1266 1467 1372 1504 locu-

294 1520 410 1559 tionis
436 1521 485 1558 de
508 1519 641 1557 medio
665 1520 925 1566 subtrahatur,
953 1531 1034 1556 non
1060 1527 1116 1556 est
1143 1519 1270 1557 dicere
1296 1521 1373 1557 hoc

294 1573 378 1612 0550
393 1573 592 1623 cognitum
607 1573 719 1624 quasi
739 1585 820 1610 non
835 1573 1012 1619 existens,
1028 1580 1071 1610 ut
1086 1574 1217 1610 locum
1233 1573 1373 1610 habeat

295 1626 471 1689 quaestio
500 1639 579 1678 qua
607 1626 806 1678 quaeritur
833 1639 884 1664 an
914 1626 1035 1676 possit
1062 1638 1143 1663 non
1172 1638 1273 1663 esse:
1305 1626 1372 1663 sed

295 1693 351 1721 stc
377 1680 577 1730 cognitum
610 1680 759 1719 dicetur
786 1693 810 1718 a
837 1681 924 1718 Deo
952 1687 995 1718 ut
1022 1679 1102 1717 iam
1130 1679 1170 1717 in
1198 1692 1269 1717 sua
1296 1679 1373 1717 exi-

295 1734 432 1773 suenda
459 1734 602 1772 visum.
632 1735 726 1782 Quo
751 1733 890 1784 posito,
911 1745 994 1771 non
1021 1740 1196 1771 remanet
1222 1732 1373 1783 praedi-

295 1796 378 1827 eme
406 1787 625 1838 quaestioni
654 1790 781 1826 locus:
811 1787 904 1837 quia
936 1787 1045 1837 quod
1081 1786 1159 1824 iarn
1194 1794 1263 1832 est,
1293 1798 1371 1824 non

295 1849 432 1903 potest,
463 1849 656 1892 quantum
685 1841 735 1879 ad
763 1841 857 1878 illud
885 1841 1042 1887 instans,
1068 1852 1148 1877 non
1173 1852 1267 1878 esse.
1297 1839 1373 1878 De—
1429 1842 1466 1877 in
1499 1840 1689 1877 saeculum
1727 1841 1883 1889 respicit.
1920 1839 1969 1876 Et
1999 1840 2124 1876 Isaiae
2151 1842 2290 1875 xrvn1⁵z
2319 1838 2501 1875 Praedixi

1424 615 1588 652 cundum
1616 615 1788 652 accidens
1815 614 1901 652 falli.

1478 669 1691 714 Praeterea,
1711 667 1743 704 si
1762 669 2076 717 unumquodque
2099 681 2122 706 a
2146 670 2230 707 Deo
2249 673 2492 719 cognoscitur

1424 721 1522 758 sicut
1553 720 1851 771 praesentialiter
1877 721 2022 768 visum,
2052 721 2106 758 sic
2137 724 2395 762 necessarium
2423 725 2492 762 erit

1424 786 1507 812 esse
1531 774 1639 824 quod
1663 774 1771 811 Deus
1797 774 2004 823 cognoscit,
2025 774 2123 811 sicut
2149 777 2409 815 necessarium
2437 786 2492 815 est

1397 840 1410 854 ⁰
1425 828 1579 866 Sortem
1598 827 1731 865 sedere
1751 839 1798 864 ex
1826 828 1902 865 hoc
1925 827 2033 878 quod
2059 828 2191 865 sedere
2215 829 2378 867 videtur.
2406 831 2493 868 Hoc

1424 890 1556 918 autem
1584 893 1666 918 non
1697 881 1959 919 necessarium
1994 889 2049 918 est
2085 881 2271 929 absolute,
2299 884 2372 930 vel,
2402 891 2444 920 ut
2471 896 2494 921 a

1424 934 1660 984 quibusdam
1696 933 1846 980 dicitur,
1883 936 2093 971 necessitate
2123 938 2394 984 consequentis:
2426 937 2494 973 sed

1425 988 1498 1025 sub
1517 987 1751 1033 conditione,
1768 989 1831 1024 vel
1846 989 2056 1024 necessitate
2074 990 2366 1037 consequentiae.
2387 989 2494 1026 Haec

1425 1040 1531 1078 enim
1559 1040 1826 1078 conditionalis
1859 1048 1915 1077 est
1947 1040 2175 1078 necessaria:
2205 1042 2247 1078 Si
2271 1041 2414 1079 videtur
2439 1054 2494 1079 se-

1386 1108 1408 1128 ις
1425 1095 1524 1141 dere,
1539 1094 1648 1132 sedet.
1665 1093 1777 1132 Unde
1793 1101 1840 1140 et,
1857 1093 1887 1131 si
1902 1093 2169 1131 conditionalis
2187 1093 2227 1131 in
2242 1095 2494 1144 categoricam

1425 1148 1683 1193 transferatur,
1713 1154 1755 1184 ut
1774 1146 1934 1194 dicatur,
1964 1147 2075 1190 Quod
2099 1147 2243 1186 videtur
2268 1148 2406 1194 sedere,
2432 1161 2493 1185 ne-

1425 1214 1524 1238 cesse
1542 1207 1593 1238 est
1610 1201 1749 1246 sedere,
1770 1208 1872 1249 patet
1898 1213 1985 1238 eam
2011 1201 2057 1237 de
2081 1201 2176 1237 dicto
2196 1200 2437 1247 intellectam,
2458 1209 2494 1238 et

1425 1256 1680 1304 compositam,
1709 1265 1792 1290 esse
1820 1265 1971 1300 veram;
1996 1254 2042 1291 de
2069 1265 2111 1290 re
2132 1265 2226 1290 vero
2253 1253 2492 1301 intellectam,

1426 1315 1463 1344 et
1477 1308 1644 1354 divisam,
1662 1318 1743 1344 esse
1763 1306 1908 1344 falsam.
1926 1307 1974 1344 Et
1989 1306 2093 1343 sicin
2110 1306 2181 1354 his,
2197 1314 2234 1343 et
2251 1307 2292 1344 in
2311 1306 2494 1344 omnibus

1386 1373 1413 1388 ²⁰
1426 1359 1614 1398 similibus
1643 1371 1743 1410 quae
1771 1359 1844 1398 Dei
1872 1359 2070 1398 scientiam
2106 1359 2206 1397 circa
2237 1359 2494 1408 contingentia

1427 1421 1696 1463 oppugnantes
1724 1421 2051 1462 argumentantur,
2084 1414 2286 1451 secundum
2313 1416 2494 1464 composi-

1427 1469 1564 1504 tionem
1593 1473 1626 1504 et
1653 1467 1870 1505 divisionem
1898 1467 2087 1504 failuntur.

1481 1520 1601 1567 Quod
1630 1527 1761 1558 autem
1799 1520 1906 1556 Deus
1942 1519 2069 1556 futura
2105 1519 2363 1568 contingentia
2378 1519 2493 1566 sciat,

1428 1573 1543 1610 etiam
1563 1573 1786 1610 auctoritate
1802 1572 2019 1622 Scripturae
2035 1573 2174 1610 Sacrae
2189 1572 2411 1610 ostenditur.
2429 1572 2494 1610 Di-

1388 1641 1412 1661 ας
1428 1625 1526 1663 011111·
1540 1625 1643 1663 00110
1664 1628 1751 1676 Sap.
1772 1638 1830 1663 vm
1841 1624 1866 1673 ⁸,
1882 1626 1930 1663 de
1946 1625 2077 1663 divina
2092 1625 2304 1676 Sapientia:
2325 1627 2444 1676 Signa
2463 1631 2496 1662 et

1429 1685 1596 1718 monstra
1618 1681 1684 1717 scit
1707 1686 1907 1728 antequam
1924 1681 2038 1727 fiant,
2063 1685 2096 1716 et
2122 1685 2269 1716 eventus
2286 1685 2495 1728 temporum

1429 1739 1462 1770 et
1493 1734 1741 1770 saeculorum.
1778 1733 1826 1770 Et
1861 1732 1976 1770 Eccli.
2001 1744 2106 1769 xxxix
2117 1736 2161 1769 ²⁴:
2191 1733 2281 1769 Non
2315 1738 2366 1769 est
2398 1733 2496 1781 quic-

1429 1798 1542 1837 quam
1566 1787 1820 1824 absconditum
1841 1787 1889 1822 ab
1909 1785 2022 1822 oculis
2042 1787 2136 1822 eius.-
2163 1798 2187 1822 a
2211 1785 2359 1822 saeculo
2385 1796 2498 1834 usque

294 1900 422 1947 ceptio
450 1894 564 1944 igitur
586 1894 723 1933 accidit
751 1907 797 1932 ex
827 1895 902 1932 hoc
931 1894 1040 1944 quod
1058 1901 1213 1944 tempus
1232 1893 1272 1931 in
1292 1906 1372 1943 quo
1390 1908 1416 1930 ιο
1429 1895 1495 1931 tibi
1520 1906 1570 1931 ex
1595 1899 1700 1931 tunc.-
1728 1898 1926 1942 antequam
1954 1893 2132 1937 venirent,
2162 1892 2326 1930 indicavi
2349 1892 2423 1928 tibi.

349 2016 363 2036 ι
383 2009 506 2043 obiectio]
525 2009 635 2035 abiectio
654 2009 713 2035 GY.

295 2045 313 2071 8
330 2045 418 2079 igitur]
438 2045 509 2071 enim
528 2045 591 2071 arc.

815 2007 1001 2041 coguitionem]
1021 2007 1199 2040 cognitionum
1219 2008 1262 2033 Pe.

298 2079 330 2107 15
350 2081 442 2107 dicitur
459 2079 574 2115 legimus
592 2088 652 2107 cum
672 2079 801 2111 NWZPc3
821 2079 882 2105 dicit
900 2079 923 2104 Α
941 2086 1014 2109 casu,
1034 2081 1061 2104 et
1078 2079 1169 2104 ceteri.

299 2152 331 2179 25
351 2152 494 2186 quaeritur]
513 2152 615 2185 quaerit
634 2159 659 2177 α.

296 2196 381 2222 supra
398 2189 549 2222 rasuram).
641 2186 674 2213 38
694 2187 745 2212 iam
764 2186 813 2220 est]
831 2187 883 2212 inm
902 2194 955 2212 non
974 2191 1016 2211 est
1034 2186 1099 2211 aDc.

353 2231 368 2250 2
387 2223 499 2250 dicimus
517 2224 646 2259 Absolun
666 2223 767 2248 dicitur.
857 2230 875 2255 4
893 2221 970 2256 quae]
990 2222 1063 2255 quod
1083 2221 1167 2246 eil-IPc.

299 2266 333 2321 xz
351 2259 519 2293 intellectam]
539 2259 695 2285 intellectiva
715 2266 746 2290 ας
766 2265 833 2284 mox
852 2257 1024 2291 compositiva
1042 2260 1068 2282 et
1086 2256 1243 2284 intellectiva
1262 2256 1291 2281 C.

299 2301 313 2321 2

758 2150 792 2176 26
810 2150 919 2184 dicetur]
939 2151 1068 2175 diceretur
1086 2150 1197 2175 aEYPc.

1368 2014 1381 2032 2
1402 2006 1568 2040 impugnans}
1597 2014 1747 2040 repugnans
1772 2006 1855 2031 Nch.
1961 2005 1974 2030 3

697 2051 725 2070 11
749 2044 910 2078 decipiemur
935 2043 1059 2075 GNYZb3
1085 2043 1231 2076 decipimur
1255 2043 1341 2074 aEPc,
1365 2042 1491 2075 decipitur
1515 2043 1547 2074 D,
1571 2042 1736 2076 decipiuntur
1753 2042 1798 2067 W.

1263 2077 1295 2103 16
1314 2077 1445 2111 accipitur]
1465 2078 1546 2103 acturi
1565 2086 1590 2104 α.

295 2122 385 2143 turum
405 2115 500 2150 (supra
519 2115 679 2150 marginem,
699 2123 713 2141 e
731 2115 810 2150 signo
830 2115 1001 2140 inserendum
1019 2117 1082 2146 post
1101 2114 1160 2139 Non
1179 2114 1278 2147 autem)
1297 2115 1319 2138 A
1339 2115 1425 2144 solun
1442 2117 1506 2146 post
1524 2113 1654 2138 scientiae.

1293 2157 1308 2174 11
1327 2150 1384 2174 Deo
1399 2153 1463 2181 post
1482 2153 1511 2174 ut
1528 2149 1579 2174 iam
1599 2149 1666 2180 GW,
1685 2156 1727 2174 om
1748 2148 1797 2182 pN.

1258 2220 1275 2246 8
1294 2220 1341 2254 sic]
1361 2221 1428 2246 sicut
1447 2220 1519 2245 aDE.

1384 2263 1416 2280 22
1437 2255 1569 2289 falluntur]
1589 2255 1703 2280 fallimur
1722 2255 1770 2280 «E.

351 2303 366 2322 a
385 2295 492 2321 saeculo
509 2302 597 2328 usque
615 2294 730 2323 CGNW,
750 2299 775 2320 et
793 2301 808 2319 a
827 2294 934 2319 saeculo
953 2300 1039 2326 usque
1058 2293 1086 2321 Z,
1106 2300 1120 2317 a
1140 2293 1246 2317 saeculo
1265 2296 1291 2317 et
1308 2299 1394 2324 usque
1411 2291 1501 2317 ceteri.

1995 2005 2169 2038 posteriorum
2196 2005 2334 2036 DNZde;
2361 2005 2499 2039 posterior.

1899 2041 1921 2066 si
1945 2041 1992 2071 ‘²⁶3
2017 2049 2059 2066 om
2084 2041 2115 2073 N,
2139 2041 2236 2066 scilicet
2260 2041 2317 2072 sW,
2337 2041 2384 2065 sed
2407 2041 2498 2067 ceteri.

1684 2084 1716 2112 ¹9
1735 2077 1794 2102 Non
1813 2081 1899 2102 autem
1918 2076 2027 2108 NZch;
2046 2076 2099 2101 Nec
2118 2075 2146 2108 C,
2160 2076 2218 2102 Non
2231 2077 2322 2102 ceteri.
2405 2081 2446 2101 eat
2458 2076 2497 2101 fu-

1740 2112 1772 2138 33
1792 2112 1854 2146 non]
1874 2112 1895 2137 si
1914 2111 2033 2144 BFHpD,
2053 2112 2100 2137 sed
2119 2111 2148 2143 C,
2168 2112 2204 2136 sic
2223 2119 2306 2144 supra
2325 2118 2448 2136 rasuram
2465 2111 2497 2137 G.

1893 2147 2026 2172 existentia
2044 2148 2068 2172 Α
2085 2147 2158 2172 solus
2176 2146 2266 2180 (pN?);
2285 2147 2399 2172 essentia
2416 2146 2456 2180 (in
2476 2147 2498 2172 N

1613 2226 1642 2245 tt
1664 2220 1715 2251 vel,
1735 2219 1772 2252 ut]
1792 2219 1834 2244 vel
1853 2219 1886 2250 G,
1904 2223 1934 2243 ut
1951 2218 2004 2250 NZ,
2022 2218 2101 2244 velud
2118 2218 2198 2243 BDY.
2290 2217 2323 2242 16
2341 2217 2377 2251 ut]
2398 2226 2458 2242 cum
2473 2225 2499 2242 α.

1863 2252 1896 2279 26
1915 2259 1940 2279 et
1959 2253 2077 2287 eventus]
2097 2258 2126 2279 ut
2143 2258 2252 2278 eventus
2271 2253 2318 2283 az,
2337 2258 2443 2278 eventus
2455 2252 2499 2278 W.

1064 2387 1401 2423 commentaria
1430 2387 1741 2420 Fen-ariensis

361 2498 454 2519 aava
489 2486 676 2522 conclusio,
711 2485 822 2516 tertiae
850 2483 1051 2525 respondens
1086 2483 1280 2518 obiectioni,
1316 2487 1378 2512 est:

302 2500 635 2573 TContingentium
655 2529 879 2572 singularium
903 2529 943 2560 ab
966 2533 1100 2559 aeterno
1131 2527 1222 2558 Deus
1254 2525 1380 2569 infalli-

300 2578 396 2610 bilem
418 2575 587 2608 scientiam
603 2575 725 2611 habuit,
750 2583 809 2605 nec
829 2579 935 2605 tamen
957 2572 1183 2614 contingentia
1206 2581 1275 2602 esse
1297 2570 1380 2602 desi·

301 2627 391 2654 stunt
406 2622 433 2652 ’ἱ
463 2620 558 2652 Circa
574 2629 674 2660 quam
692 2619 941 2651 conclusionem
959 2619 1018 2648 tria
1042 2617 1117 2648 facit
1137 2617 1274 2648 Sanctus
1289 2615 1379 2646 Tho-

301 2677 387 2699 mas:
419 2666 537 2707 primo,
572 2665 677 2706 ipsam
710 2665 889 2696 rationibus
923 2661 1113 2698 contii-man
1149 2660 1304 2696 secundo,
1340 2659 1381 2690 ad

303 2711 523 2745 obiectionem
547 2709 713 2740 inductam
733 2707 908 2750 respondet
924 2708 956 2744 *3
980 2707 1085 2743 tertio,
1102 2706 1309 2746 propositum
1325 2714 1380 2734 au-

304 2756 506 2790 ctoritatibus
530 2754 720 2785 corroborat
731 2754 758 2784 ³.

362 2801 386 2832 1.
411 2800 581 2839 Quantum
604 2798 646 2829 ad
668 2798 822 2839 primum,
843 2795 1037 2827 advertenda
1056 2800 1131 2826 sunt
1154 2794 1220 2825 duo
1244 2794 1278 2823 in
1301 2802 1380 2823 con-

305 2846 462 2879 clusione.
490 2845 611 2880 Primo,
636 2842 727 2883 quod
761 2841 797 2872 fit
829 2841 953 2872 mentio
984 2840 1024 2871 de
1054 2838 1279 2880 singularibus
1302 2847 1380 2868 con-

305 2890 514 2933 tingentibus
535 2888 621 2927 Quia
638 2886 729 2928 quod
745 2887 834 2917 Deus
850 2890 1027 2926 cognoscat
1042 2883 1262 2924 contingentia
1278 2891 1381 2922 quan-

304 2942 376 2968 tum
399 2934 440 2966 ad
462 2939 591 2965 naturas
614 2931 821 2967 universales,
845 2931 909 2961 hoc
933 2928 1154 2961 difficultatem
1177 2937 1246 2958 non
1269 2926 1380 2957 habet:

307 2990 383 3012 cum
412 2980 482 3020 ipsa
513 2977 706 3009 universalia
735 2975 960 3006 necessitatem
991 2973 1155 3014 quandam
1185 2972 1324 3003 habeant
1350 2976 1382 3001 et

306 3024 610 3059 immutabilitatem,
639 3027 670 3052 01
698 3021 744 3052 510
775 3019 868 3051 subdi
901 3019 1026 3060 possint
1057 3023 1160 3048 certae
1191 3015 1380 3057 cognitioni.

307 3070 372 3102 Sed
395 3067 487 3110 quod
509 3067 682 3108 singularia
706 3069 891 3105 cognoscat,
916 3073 984 3094 non
1014 3072 1146 3103 parvam
1169 3062 1266 3092 habet
1289 3059 1381 3090 dubi-

307 3116 477 3150 tationem,
501 3117 634 3154 propter
664 3120 780 3142 eorum
806 3108 1065 3144 mutabilitatem,
1092 3117 1131 3137 ex
1161 3116 1226 3146 qua
1255 3104 1382 3135 videtur

309 3159 400 3201 quod
429 3163 535 3190 certae
566 3162 598 3188 01
624 3155 785 3187 infallibili
815 3153 1005 3194 cognitioni,
1029 3152 1134 3192 qualis
1160 3156 1208 3181 est
1237 3149 1381 3190 cognitio

308 3205 427 3240 divina,
452 3201 547 3234 subdi
570 3211 639 3232 non
661 3201 797 3241 possint.
821 3199 957 3239 Propter
977 3197 1052 3233 hoc,
1073 3201 1110 3227 ut
1133 3193 1281 3226 ostendat
1303 3193 1382 3225 San-

310 3256 380 3281 ctus
413 3248 560 3279 Thomas
593 3245 676 3276 velle
706 3255 740 3276 se
773 3253 906 3275 omnem
940 3241 1161 3273 difficultatem
1194 3239 1318 3275 tollere,
1349 3239 1382 3268 in

310 3293 523 3326 conclusione
555 3297 586 3323 et
615 3289 706 3331 quod
734 3289 774 3320 ad
802 3289 944 3319 divinam
970 3287 1137 3317 scientiam
1168 3290 1200 3316 et
1226 3283 1318 3324 quod
1343 3282 1383 3313 ad

310 3338 566 3378 contingentiam
590 3335 728 3376 pertinet
751 3333 894 3368 assumit,
911 3332 1062 3372 inquiens
1085 3329 1176 3371 quod
1199 3334 1231 3359 et
1253 3328 1294 3359 de
1317 3327 1384 3358 istis

310 3385 407 3415 habet
429 3383 519 3413 Deus
543 3381 766 3422 cognitionem
790 3377 1005 3420 infallibilem,
1022 3385 1090 3406 non
1107 3374 1272 3405 fallibilem
1289 3378 1320 3403 et
1335 3373 1384 3403 in-

311 3434 432 3460 certam
447 3427 531 3458 sicut
546 3436 618 3463 nos,
635 3425 675 3456 ab
699 3430 844 3456 aeterno.
870 3422 906 3453 In
929 3431 998 3462 quo
1023 3420 1115 3452 datur
1137 3418 1271 3458 intelligi
1295 3416 1385 3457 quod

311 3484 350 3505 ea
378 3472 546 3513 cognoscit
577 3476 752 3511 antequam
782 3469 855 3503 sint,
879 3472 912 3498 et
938 3472 1047 3497 tamen
1070 3462 1295 3505 contingentia
1319 3471 1387 3492 esse

313 3528 379 3550 non
403 3517 580 3550 desistunt:
601 3515 694 3552 idest,
711 3524 749 3545 ex
774 3523 814 3544 eo
838 3511 928 3553 quod
945 3511 990 3542 sic
1005 3521 1024 3541 a
1038 3510 1110 3540 Deo
1131 3512 1384 3548 cognoscuntur,

311 3573 382 3594 11οο
405 3562 529 3594 10111101
551 3561 591 3591 ab
614 3560 691 3601 ipsis
715 3557 935 3598 contingentia
959 3561 990 3586 et
1012 3553 1218 3589 mutabilitas,
1235 3557 1272 3583 ut
1286 3551 1387 3592 aliqui

312 3607 430 3639 volunt
458 3605 608 3642 suadere;
633 3605 735 3635 immo
767 3609 798 3634 et
828 3600 987 3633 certitudo
1019 3599 1145 3631 divinae
1176 3597 1328 3628 scientiae
1355 3601 1387 3626 et

312 3662 421 3683 rerum
445 3650 666 3691 contingentia
690 3648 786 3679 simul
809 3652 902 3678 stant.

1489 2480 1527 2511 11.
1543 2480 1709 2511 Probatur
1724 2489 1805 2521 ergo
1822 2478 1989 2510 conclusio
2007 2478 2119 2519 primo
2136 2477 2183 2508 sic
2194 2478 2220 2508 *.
2245 2477 2354 2508 Divini
2376 2477 2500 2508 intelle-

1434 2531 1504 2556 ctus
1520 2526 1655 2556 intuitus
1675 2525 1714 2555 ab
1734 2530 1864 2554 aeterno
1877 2522 1976 2554 fertur
1988 2532 2085 2563 super
2102 2522 2362 2562 unumquodque
2386 2531 2500 2552 eorum

1434 2579 1517 2611 quae
1547 2569 1702 2610 temporis
1734 2577 1830 2599 cursu
1852 2573 2059 2608 peraguntur,
2082 2573 2181 2607 prout
2211 2571 2258 2597 est
2279 2575 2440 2607 praesens,
2464 2571 2501 2597 ut

1433 2623 1529 2654 supra
1553 2619 1599 2644 est
1622 2619 1799 2644 ostensum.
1815 2612 1902 2652 Ergo
1918 2611 1998 2642 nihil
2013 2610 2163 2651 prohibet
2185 2611 2292 2642 Deum
2310 2611 2350 2641 de
2373 2611 2499 2641 contin-

1432 2658 1582 2700 gentibus
1593 2658 1632 2688 ab
1645 2663 1775 2688 aeterno
1788 2655 1988 2687 infallibilem
2000 2656 2166 2686 scientiam
2176 2655 2303 2685 habere.
2311 2673 2334 2677 —
2342 2654 2499 2684 Probatur

1433 2702 1676 2743 consequentia.
1701 2700 1787 2739 Quia
1802 2700 1907 2731 omnis
1931 2699 2074 2740 cognitio
2091 2708 2174 2739 quae
2196 2708 2291 2739 supra
2309 2699 2498 2738 contingens

1433 2747 1533 2778 fertur
1556 2752 1593 2778 ut
1616 2751 1663 2777 est
1685 2755 1847 2786 praesens,
1872 2750 1957 2775 certa
1980 2753 2048 2774 esse
2071 2748 2187 2784 potest.

1488 2791 1539 2822 Ad
1555 2791 1652 2822 huius
1667 2790 1824 2830 assumpti
1840 2789 2087 2820 declarationem
2103 2793 2194 2818 notat
2209 2787 2343 2818 Sanctus
2355 2786 2498 2817 Thomas

1434 2835 1524 2877 quod
1548 2836 1738 2875 contingens
1753 2844 1822 2866 non
1844 2839 2003 2875 repugnat
2025 2832 2206 2863 certitudini
2225 2832 2417 2872 cognitionis
2438 2831 2499 2864 nisi

1433 2879 1614 2912 secundum
1637 2879 1727 2920 quod
1750 2879 1895 2910 futurum
1919 2883 1979 2908 est:
2005 2877 2089 2918 quia,
2114 2886 2190 2908 cum
2213 2877 2314 2917 possit
2335 2885 2403 2906 non
2426 2885 2499 2906 eve-

1433 2926 1512 2962 nire,
1530 2925 1712 2956 existimans
1727 2925 1836 2964 ipsum
1852 2922 1998 2954 futurum
2013 2931 2081 2953 esse
2097 2927 2204 2962 potest
2218 2921 2293 2952 falli.
2314 2919 2499 2951 Secundum

1433 2976 1543 3002 autem
1559 2969 1650 3010 quod
1665 2978 1815 3010 praesens
1828 2973 1885 3005 est,
1898 2972 2004 3008 potest
2019 2976 2076 3007 per
2092 2965 2314 2997 certitudinem
2331 2965 2497 3004 cognosci:

1435 3015 1512 3056 quia
1532 3024 1592 3055 pro
1616 3020 1695 3045 tunc
1710 3023 1778 3044 non
1801 3017 1908 3054 potest
1923 3022 1991 3043 non
2008 3021 2086 3048 esse,
2102 3011 2176 3042 licet
2191 3011 2224 3042 in
2240 3009 2384 3041 futurum
2399 3009 2500 3048 possit

1434 3070 1503 3091 non
1519 3069 1602 3095 esse;
1620 3057 1710 3100 quod
1725 3058 1790 3089 iam
1805 3058 1943 3098 pertinet
1959 3056 1999 3087 ad
2015 3057 2205 3096 contingens
2221 3061 2256 3085 ut
2275 3060 2323 3085 est
2343 3053 2498 3084 futurum.

1433 3103 1529 3136 Unde
1552 3110 1657 3135 certus
1681 3107 1728 3133 est
1750 3112 1862 3134 sensus
1877 3101 1990 3132 videns
2004 3101 2172 3132 hominem
2188 3108 2323 3135 currere,
2347 3098 2422 3129 licet
2436 3098 2499 3128 hoc

1435 3149 1526 3190 quod
1549 3149 1623 3180 dico
1646 3147 1808 3178 hominem
1832 3156 1966 3178 currere
1988 3146 2028 3176 sit
2050 3146 2250 3184 contingens.

1492 3193 1587 3224 Circa
1608 3191 1689 3224 illud
1712 3197 1914 3232 assumptum
1937 3190 1978 3221 ad
1999 3190 2224 3230 probationem
2240 3187 2499 3226 consequentiae,

1435 3244 1514 3270 nota
1537 3237 1627 3279 quod
1643 3237 1778 3268 Sanctus
1790 3236 1935 3267 Thomas
1950 3235 2055 3275 inquit
2070 3233 2289 3274 cognitionem
2305 3241 2387 3271 quae
2403 3230 2501 3261 fertur

1436 3293 1533 3323 supra
1557 3283 1748 3322 contingens
1771 3286 1807 3312 ut
1825 3289 1974 3321 praesens
1998 3284 2054 3315 051,
2070 3287 2167 3319 posse
2189 3286 2257 3307 esse
2279 3281 2409 3310 certam,
2433 3284 2501 3305 non

1437 3333 1546 3359 autem
1569 3327 1716 3358 absolute
1740 3335 1808 3356 esse
1837 3330 1968 3356 certam.
1999 3323 2086 3361 Quia
2114 3331 2181 3353 non
2213 3326 2260 3352 est
2288 3320 2503 3351 necessarium

1436 3373 1534 3404 talem
1556 3371 1778 3412 cognitionem
1794 3379 1863 3400 esse
1879 3374 2014 3400 certam:
2030 3372 2138 3408 potest
2156 3366 2242 3396 enim
2266 3364 2372 3404 decipi
2390 3373 2502 3395 sensus

1438 3418 1521 3447 circa
1537 3416 1724 3447 communia
1740 3414 1899 3445 sensibilia
1914 3412 2102 3454 praesentia,
2119 3415 2150 3441 et
2165 3410 2260 3440 etiam
2276 3410 2359 3439 circa
2373 3408 2503 3448 propria

1437 3471 1495 3502 per
1518 3460 1676 3492 accidens.
1709 3458 1772 3490 Sed
1798 3464 1916 3493 tamen,
1943 3457 2018 3487 licet
2040 3465 2107 3486 non
2138 3454 2178 3484 sit
2207 3462 2337 3484 necesse
2360 3458 2397 3483 ut
2419 3457 2504 3483 certa

1438 3506 1488 3543 sit,
1505 3515 1574 3536 non
1589 3509 1746 3545 repugnat
1765 3510 1872 3534 tamen
1887 3502 1956 3538 sibi,
1973 3506 2009 3531 ut
2029 3505 2076 3530 est
2096 3498 2238 3538 cognitio
2257 3498 2304 3528 rei
2319 3497 2503 3538 praesentis,

1439 3549 1531 3591 quod
1553 3550 1594 3580 sit
1616 3553 1714 3579 certa:
1740 3556 1815 3578 cum
1838 3547 1945 3587 ipsum
1968 3543 2058 3585 quod
2081 3552 2230 3583 praesens
2255 3547 2302 3572 est
2324 3541 2425 3582 possit
2447 3550 2505 3581 per

1439 3593 1665 3625 certitudinem
1687 3591 1851 3632 cognosci.
1876 3590 1917 3621 Et
1939 3589 2013 3620 ideo
2036 3588 2090 3618 illa
2112 3587 2254 3627 cognitio
2275 3587 2308 3616 in
2332 3595 2397 3626 qua
2419 3594 2505 3616 error

1441 3638 1621 3670 secundum
1646 3647 1679 3668 se
1705 3635 1847 3667 accidere
1874 3643 1942 3665 non
1968 3637 2085 3673 potest,
2109 3631 2149 3662 ad
2172 3631 2373 3670 contingens,
2399 3635 2436 3661 ut
2459 3635 2506 3660 est

2529 2477 2536 2485 ·
2552 2474 2586 2496 Cf.
2602 2480 2623 2495 n.
2638 2479 2668 2495 vi.
