2742 4152
870 272 1060 310 SUMMA
1088 273 1312 313 CONTRA
1338 277 1613 327 GENTILES,
1645 282 1754 320 CAP.
1775 285 1838 332 IX,
1859 286 1905 323 X.

282 348 494 389 intelligendi,
511 350 546 380 in
562 359 602 381 eo
620 350 742 381 multae
758 355 834 381 sunt
852 351 1009 382 veritates.
1027 351 1115 382 Cum
1131 362 1207 393 ergo
1223 353 1359 385 dicimus

284 393 450 434 duplicem
477 403 546 425 esse
577 394 763 426 divinorum
788 395 956 425 veritatem
986 396 1081 426 nobis
1106 396 1264 434 traditam,
1292 408 1359 429 non

284 439 330 470 sic
354 443 401 469 est
423 438 670 479 intelligendum
693 439 785 480 quasi
805 438 970 480 duplicem
994 439 1034 471 de
1057 441 1164 481 seipso
1189 441 1278 472 Deus
1304 443 1360 473 ha-

283 483 358 514 beat
381 483 604 524 cognitionem
634 493 773 524 eamque
806 483 902 514 nobis
925 483 1107 515 tradiderit:
1136 484 1193 516 sed
1221 487 1297 526 quia
1320 487 1360 517 de

283 527 321 558 iis
338 536 422 568 quae
445 527 546 564 Deus,
562 529 597 559 in
613 529 720 569 seipso
744 537 810 559 una
825 529 1013 568 cognitione
1037 538 1249 569 cognoscens,
1266 531 1361 561 nobis

282 571 445 609 revelavit,
476 571 642 614 duplicem
670 582 732 604 nos
761 572 984 613 cognitionem
1016 573 1247 615 duplicemque
1278 575 1360 606 veri-

283 620 383 650 tatem
404 615 573 648 habemus.

339 660 503 697 Secundo,
526 661 573 692 sic
595 670 773 702 possumus
795 670 968 702 exponere.
994 662 1119 694 Veritas
1143 663 1232 694 enim
1255 662 1362 705 dupli-

283 705 362 736 citer
389 705 493 747 accipi
515 710 639 746 potest:
669 710 734 742 aut,
758 706 905 746 inquam,
933 706 1115 738 secundum
1143 707 1233 748 quod
1257 713 1304 738 est
1327 708 1361 738 in

281 759 317 780 re
341 750 487 790 cognita;
512 754 568 781 aut
590 749 772 781 secundum
788 750 879 791 quod
902 755 950 782 est
972 752 1007 782 in
1025 751 1201 782 intellectu.
1226 751 1290 783 Hic
1313 752 1361 783 lo-

283 794 394 835 quitur
405 793 542 826 Sanctus
557 794 703 825 Thomas
719 794 759 826 de
770 796 903 826 veritate
918 795 1100 827 secundum
1116 795 1207 836 quod
1219 801 1266 827 est
1281 797 1315 827 in
1327 806 1361 827 re

283 839 422 879 cognita,
438 848 508 870 non
523 843 633 870 autem
645 838 827 871 secundum
844 839 935 881 quod
947 845 994 871 est
1005 841 1040 870 in
1054 840 1231 871 intellectu.
1248 840 1361 871 Enun-

281 882 401 914 tiabilia
424 883 513 914 enim
535 882 576 914 de
600 883 715 915 eadem
737 894 772 915 re
795 884 966 925 dupliciter
979 884 1187 925 multiplicari
1208 890 1361 926 possunt:

283 932 339 958 aut
353 927 475 959 scilicet
498 928 575 968 quia
590 928 624 959 in
646 929 718 969 ipsa
739 938 774 960 re
797 934 874 960 sunt
895 928 1020 960 diversa
1035 938 1074 960 ex
1098 930 1216 970 quibus
1237 929 1362 961 diversa

282 972 493 1003 enuntiabilia
515 973 767 1009 constituuntur,
783 973 867 1004 sicut
882 972 922 1004 de
937 973 1072 1005 homine
1094 974 1222 1004 musico
1239 979 1271 1005 et
1286 974 1360 1005 albo

281 1016 470 1057 intelligitur
484 1017 594 1058 ipsum
618 1027 687 1048 esse
702 1018 868 1048 musicum
883 1023 914 1048 et
936 1018 1046 1058 ipsum
1061 1027 1131 1048 esse
1154 1017 1282 1055 album;
1307 1024 1362 1050 aut

283 1061 361 1103 quia
387 1070 437 1092 res
465 1061 600 1102 quidem
622 1062 656 1092 in
680 1071 714 1092 se
736 1061 973 1103 simplicissima
1001 1067 1048 1093 est
1072 1063 1229 1104 omnique
1258 1063 1361 1094 diver-

282 1105 374 1136 sitate
397 1115 520 1142 carens,
547 1105 605 1137 sed
626 1110 746 1142 tamen,
775 1106 853 1147 quia
875 1106 1057 1138 intellectus
1084 1107 1188 1148 ipsam
1212 1117 1361 1148 compre-

281 1149 424 1181 hendere
439 1159 509 1181 non
524 1155 641 1191 potest,
659 1149 802 1181 diversos
817 1149 858 1181 de
873 1151 943 1191 ipsa
959 1156 1138 1192 conceptus
1154 1151 1362 1192 imperfectos

281 1193 581 1236 inadaequatosque
596 1194 725 1232 format,
743 1204 782 1226 ex
801 1195 921 1236 quibus
935 1194 1059 1226 diversa
1075 1197 1242 1228 constituit
1258 1206 1361 1228 enun-

281 1237 403 1271 tiabilia
429 1248 515 1270 vera.
539 1239 660 1271 Sensus
688 1249 765 1280 ergo
796 1239 906 1272 Sancti
933 1238 1084 1271 Thomae
1112 1245 1160 1271 est
1188 1240 1279 1282 quod
1302 1242 1361 1272 ista

282 1282 403 1324 duplex
426 1284 551 1320 veritas,
568 1284 635 1315 sive
659 1284 908 1315 enuntiabilium
923 1294 1076 1316 verorum
1100 1284 1275 1322 diversitas,
1291 1295 1362 1318 non

1414 362 1461 408 est
1484 367 1522 388 ex
1545 365 1634 400 parte
1660 361 1760 400 ipsius
1784 363 1844 393 Dei
1872 365 2066 405 accipienda,
2091 368 2182 407 quasi
2208 368 2330 399 scilicet
2352 369 2386 399 in
2408 370 2480 409 ipso

1413 406 1477 451 sint
1492 402 1614 433 diversa
1629 404 1716 435 unde
1732 408 1977 439 enuntiabilium
1994 410 2155 442 diversitas
2171 413 2358 453 accipiatur;
2378 414 2479 444 immo

1413 454 1483 484 ipse
1507 451 1554 496 est
1576 456 1642 477 una
1664 454 1695 478 et
1718 450 1854 489 simplex
1879 453 1992 483 veritas
2016 463 2054 484 ex
2077 461 2165 495 parte
2191 457 2246 494 rei,
2271 458 2347 497 quia
2370 458 2480 494 omnia

1414 488 1595 538 praedlcata
1624 500 1707 531 quae
1740 492 1865 524 divinae
1896 497 2050 528 essentiae
2080 500 2303 538 attribuuntur,
2334 502 2416 532 inter
2446 511 2480 532 se

1414 531 1501 562 idem
1525 539 1599 564 sunt
1615 540 1712 575 atque
1728 537 1824 567 etiam
1840 547 1916 569 cum
1931 541 2091 572 subiecto:
2116 543 2171 574 sed
2195 550 2242 574 est
2265 555 2302 575 ex
2326 551 2415 586 parte
2430 547 2480 577 in-

1414 576 1560 607 tellectus
1583 580 1683 609 nostri
1708 579 1921 612 diversimode
1942 589 1973 614 et
1989 584 2117 616 diversis
2141 590 2349 629 conceptibus
2372 590 2479 621 Deum

1414 620 1629 672 intelligentis,
1646 623 1818 665 aliquaque
1841 625 1880 656 de
1895 627 1967 666 ipso
1991 630 2182 668 naturaliter,
2199 632 2304 673 aliqua
2327 643 2402 665 vero
2423 644 2480 675 per

1415 665 1645 697 revelationem
1668 670 1903 708 cognoscentis.

1471 709 1510 740 11.
1534 710 1609 741 Hoc
1629 713 1814 751 praemisso,
1832 714 1998 755 subiungit
2018 715 2153 748 Sanctus
2169 718 2313 750 Thomas
2336 721 2426 761 quod
2441 722 2481 753 ad

1415 753 1707 786 manifestationem
1726 758 1864 788 veritatis
1887 759 2070 791 naturaliter
2092 767 2188 792 notae
2212 768 2243 793 et
2265 773 2322 803 per
2343 766 2480 796 rationes

1415 797 1680 830 demonstrativas
1704 805 1735 830 et
1756 810 1815 842 per
1837 803 2028 842 probabiles,
2055 810 2126 836 tum
2149 815 2188 836 ex
2212 808 2481 848 philosophorum

1414 847 1486 873 tum
1502 852 1540 873 ex
1556 843 1748 875 Sanctorum
1772 845 1858 876 libris
1882 847 2042 885 collectas,
2058 850 2301 890 procedendum
2325 858 2381 883 est.
2396 871 2419 875 —
2434 853 2482 883 Ex

1416 895 1484 927 quo
1501 894 1632 929 apparet
1647 898 1715 919 non
1732 899 1799 920 esse
1816 900 1930 922 omnes
1949 893 2088 924 rationes
2110 894 2143 924 in
2163 895 2227 925 hoc
2242 895 2323 926 libro
2340 906 2358 926 a
2373 902 2481 928 sancto

1415 930 1558 962 Doctore
1574 933 1693 972 positas
1709 943 1768 974 pro
1785 933 2042 967 demonstrativis
2059 937 2288 970 defendendas:
2310 950 2386 971 curn
2400 941 2483 982 ipse-

1415 981 1485 1006 met
1502 975 1587 1007 dicat
1609 987 1643 1008 se
1666 978 1747 1009 velle
1771 979 1893 1020 aliquas
1916 981 2098 1021 probabiles
2120 982 2283 1014 inducere.

1471 1019 1523 1051 Ad
1546 1021 1839 1054 manifestationem
1860 1034 1937 1067 vero
1960 1026 2099 1057 veritatis
2123 1028 2402 1068 supernaturaliter
2424 1038 2484 1059 no—

1415 1069 1476 1101 tae,
1500 1074 1569 1095 non
1593 1075 1661 1096 esse
1685 1066 1779 1098 debet
1802 1069 1938 1100 intentio
1963 1069 2003 1100 ad
2025 1071 2089 1102 hoc
2112 1077 2148 1102 ut
2172 1071 2366 1103 adversarius
2389 1074 2484 1103 ratio-

1415 1109 1511 1140 nibus
1527 1111 1750 1142 convincatur:
1768 1112 1823 1143 sed
1838 1118 1874 1143 ut
1889 1114 2028 1145 rationes
2043 1114 2295 1147 adversariorum
2310 1117 2483 1154 solvantur,

1415 1158 1447 1184 et
1474 1154 1589 1185 veritas
1617 1164 1655 1185 ex
1683 1158 1870 1188 auctoritate
1900 1157 2081 1199 Scripturae
2109 1161 2270 1191 miraculis
2298 1160 2485 1192 confirmata

1415 1197 1611 1229 ostendatur.
1636 1199 1712 1230 Non
1728 1202 1786 1231 erit
1809 1207 1916 1233 tamen
1932 1203 2045 1234 inutile
2067 1205 2206 1235 rationes
2229 1206 2414 1236 verisimiles
2436 1207 2484 1237 in-

1415 1241 1533 1273 ducere
1557 1242 1598 1274 ad
1620 1242 1765 1275 fidelium
1782 1247 1968 1278 exercitium
1992 1253 2023 1279 et
2045 1249 2206 1286 solatium,
2222 1259 2291 1281 non
2315 1255 2422 1281 autem
2445 1249 2485 1282 ad

1415 1286 1612 1330 adversarios
1636 1289 1888 1321 convincendos.

1335 1408 1416 1452 „W

879 1572 1427 1631 CAPITULUM
1479 1575 1900 1633 DECIMUM

693 1700 778 1741 DE
812 1700 1104 1743 OPINIONE
1137 1702 1481 1745 DICENTIUM
1515 1703 1691 1757 QUOD
1726 1705 1904 1747 DEUM
1937 1705 2089 1747 ESSE

541 1770 991 1812 DEMONSTRARI
1025 1771 1155 1813 NON
1189 1772 1428 1814 POTEST
1463 1773 1594 1816 CUM
1627 1774 1722 1816 SIT
1755 1775 1873 1816 PER
1907 1775 1981 1817 SE
2013 1776 2234 1818 NOTUM

307 1954 311 1961 Δ
347 1940 369 1961 Α(
462 1928 476 1959 :¹
494 1921 563 1947 Assc
600 1917 730 1947 autem
770 1909 1028 1948 consideratio
1065 1922 1145 1960 qua
1182 1911 1270 1960 quis
1304 1910 1360 1948 ni-

306 2008 313 2021 *
394 1966 419 1983 ‘-
460 1963 471 1993 3
506 1962 598 2000 titur
625 1963 676 2000 ad
713 1963 1067 2002 demonstrandum
1103 1964 1236 2003 Deum
1264 1976 1359 2012 esse,

280 2174 414 2226 possit,
433 2183 472 2213 et
498 2175 553 2214 sic
571 2176 706 2214 Deum
723 2188 807 2214 esse
835 2176 1095 2215 demonstrari
1122 2189 1203 2214 non
1222 2184 1359 2227 potest.

281 2228 407 2277 Quod
432 2228 595 2279 quidem
622 2228 778 2268 videtur
805 2242 853 2268 ex
880 2229 954 2268 his.

333 2283 408 2320 Illa·
436 2282 544 2320 enim
581 2294 652 2332 per
697 2295 738 2320 se
775 2295 861 2321 esse
901 2290 995 2321 nota
1037 2281 1220 2321 dicuntur
1260 2296 1362 2334 quae

281 2335 411 2374 statim
427 2335 529 2374 notis
547 2335 722 2374 terminis
740 2343 1046 2385 cognoscuntur:
1077 2335 1186 2384 sicut,
1206 2337 1360 2386 cognito
1417 2343 1479 2374 est.
1510 2338 1574 2376 Sic
1601 2350 1693 2387 ergo
1721 2351 1815 2376 cum
1843 2338 1994 2387 dicitur,
2021 2341 2125 2377 Deus
2143 2346 2205 2386 est,
2226 2337 2489 2390 praedicatum

1471 1913 1623 1950 Adhuc.
1668 1913 1957 1963 Propositiones
1998 1914 2078 1952 illas
2117 1923 2267 1964 oportet
2303 1928 2385 1953 esse
2422 1928 2488 1954 no-

366 1994 399 2005 „
1416 1964 1581 2004 tissimas
1613 1966 1654 2003 in
1682 1966 1826 2016 quibus
1860 1967 1966 2005 idem
2002 1968 2051 2005 de
2080 1967 2208 2018 seipso
2235 1969 2487 2018 praedicatur,

302 2068 308 2077 .
356 2028 430 2071 ᾖν»
473 2020 476 2022 ’
508 2015 709 2065 superflua
722 2017 881 2054 fortasse
896 2015 1135 2067 quibusdam
1153 2017 1361 2065 videbitur,
1417 2025 1472 2066 ut,
1500 2021 1632 2056 Homo
1661 2026 1712 2057 est
1739 2021 1875 2065 homo,·
1907 2021 1970 2058 vel
2006 2033 2175 2070 quarum
2206 2022 2423 2071 praedicata
2450 2022 2489 2059 in

359 2095 372 2102 ⁴.
462 2074 464 2077 ’
508 2069 577 2119 qui
609 2077 786 2107 asserunt
813 2070 923 2119 quod
950 2070 1083 2107 Deum
1112 2082 1194 2107 esse
1222 2082 1294 2120 per
1321 2082 1361 2108 se
1417 2071 1709 2110 definitionibus
1723 2072 1986 2111 subiectorum
2008 2073 2270 2121 includuntur,
2287 2082 2339 2123 ut,
2359 2077 2488 2113 Homo

281 2129 422 2160 notum
448 2130 515 2170 est,
536 2122 588 2160 ita
606 2122 716 2172 quod
735 2123 819 2160 eius
838 2122 1077 2161 contrarium
1105 2123 1261 2172 cogitari
1279 2136 1362 2161 non
1384 2136 1394 2157 ⁵
1417 2131 1468 2161 est
1495 2126 1650 2162 animal.
1670 2127 1713 2163 In
1741 2126 1827 2163 Deo
1857 2134 1988 2164 autem
2017 2128 2095 2164 hoc
2121 2139 2214 2176 prae
2234 2127 2315 2165 aliis
2343 2127 2488 2165 inveni-

1416 2185 1494 2225 tur,
1524 2186 1567 2215 ut
1603 2178 1701 2216 infra
1718 2179 1739 2202 *
1771 2180 2007 2227 ostendetur,
2037 2180 2146 2230 quod
2178 2193 2296 2219 suum
2324 2193 2406 2218 esse
2434 2189 2490 2219 est

1417 2243 1488 2268 sua
1515 2231 1696 2280 essentia,
1727 2244 1772 2270 ac
1800 2232 1832 2270 si
1864 2232 1970 2270 idem
2007 2232 2054 2270 sit
2090 2234 2200 2283 quod
2236 2234 2490 2284 respondetur

1416 2284 1466 2322 ad
1494 2285 1766 2334 quaestionem
1794 2286 1883 2335 quid
1909 2292 1971 2333 est,
2000 2294 2037 2324 et
2066 2287 2116 2325 ad
2144 2287 2418 2336 quaestionem⁴
2439 2300 2487 2325 an

281 2388 381 2450 quid
405 2396 464 2426 est
487 2396 617 2427 totum
644 2397 682 2427 et
713 2389 809 2439 quid
837 2397 895 2428 est
921 2402 1023 2440 pars,
1062 2389 1187 2427 statim
1217 2402 1361 2439 cogno·
1377 2405 1402 2421 ιο
1416 2392 1479 2428 vel
1507 2398 1563 2428 est
1590 2390 1698 2430 idem
1730 2391 1916 2440 subiecto,
1946 2394 2008 2430 vel
2036 2394 2171 2431 saltem
2198 2393 2238 2431 in
2265 2394 2487 2432 definitione

280 2449 400 2481 scitur
426 2443 536 2492 quod
573 2455 693 2481 omne
728 2450 856 2485 totum
892 2450 948 2481 est
975 2442 1103 2481 maius
1135 2455 1207 2481 sua
1238 2452 1360 2494 parte.

281 2495 524 2535 Huiusmodi
550 2503 684 2534 autem
712 2504 769 2534 est
796 2498 874 2534 hoc
901 2497 1011 2547 quod
1034 2496 1201 2535 dicimus
1235 2499 1360 2535 Deum

281 2561 369 2588 mse.
399 2549 513 2588 Nam
533 2549 696 2588 nomine
723 2549 798 2588 Dei
825 2549 1072 2600 intelligimus
1104 2549 1250 2599 aliquid
1278 2563 1360 2600 quo

281 2602 409 2641 maius
436 2602 594 2652 cogitari
621 2615 705 2642 non
736 2611 874 2653 potest.
904 2604 993 2641 Hoc
1022 2610 1155 2641 autem
1182 2602 1223 2641 in
1251 2603 1359 2642 intel-

1416 2443 1581 2504 subiecti
1604 2444 1825 2483 includitur.
1856 2446 1904 2483 Et
1931 2445 1983 2484 ita
2010 2447 2141 2485 Deum
2169 2459 2252 2485 esse
2270 2459 2341 2497 per
2359 2460 2399 2484 se
2419 2459 2487 2485 no-

1415 2504 1501 2536 tum
1529 2505 1610 2535 er1t.

1468 2551 1659 2601 Amplius,
1696 2551 1810 2599 Quae
1838 2552 2059 2590 naturaliter
2090 2561 2179 2590 sunt
2211 2560 2314 2599 nota,
2346 2565 2416 2603 per
2447 2565 2487 2590 se

1414 2612 1723 2653 cognoscuntur:
1766 2617 1849 2643 non
1897 2605 2002 2643 enim
2044 2606 2093 2644 ad
2134 2618 2180 2644 ea
2219 2606 2487 2654 cognoscenda

280 2657 385 2694 lectu
399 2656 590 2695 formatur
608 2656 658 2694 ab
681 2668 729 2695 eo
753 2657 822 2706 qui
841 2656 949 2694 audit
967 2664 1004 2694 et
1022 2655 1194 2705 intelligit
1211 2669 1359 2694 nomen
1375 2670 1398 2692 ιε
1414 2657 1673 2707 inquisitionis
1710 2658 1840 2696 studio
1876 2658 2111 2708 pervenitur.
2150 2660 2199 2695 At
2236 2659 2365 2696 Deum
2403 2671 2484 2695 esse

280 2709 369 2748 Dei:
399 2716 443 2747 ut
470 2709 526 2748 sic
552 2711 689 2748 saltem
717 2709 758 2747 in
786 2710 980 2748 intellectu
1007 2709 1087 2747 iam
1115 2710 1247 2747 Deum
1275 2722 1359 2748 esse

280 2769 468 2813 oporteat.
506 2763 593 2801 Nec
627 2770 755 2812 potest
790 2762 832 2801 in
868 2762 1068 2800 intellectu·
1095 2764 1224 2800 solum
1253 2775 1357 2801 esse:

280 2828 377 2854 nam
402 2816 512 2866 quod
540 2815 581 2854 in
618 2815 812 2854 intellectu
839 2823 878 2854 et
905 2828 946 2854 re
975 2823 1041 2863 est,
1071 2816 1198 2853 maius
1227 2823 1283 2853 est
1310 2828 1358 2854 eo

280 2869 391 2919 quod
409 2869 451 2907 in
469 2870 553 2907 solo
572 2869 767 2907 intellectu
795 2877 872 2915 est;
901 2869 989 2907 Deo
1008 2876 1141 2907 autem
1159 2868 1255 2907 nihil
1275 2882 1359 2907 esse

281 2922 409 2960 maius
427 2922 511 2972 ipsa
529 2921 701 2960 nominis
720 2922 817 2960 ratio
836 2922 1086 2960 demonstrat.
1113 2922 1226 2960 Unde
1245 2930 1360 2961 restat
1372 2938 1400 2954 ιο

1414 2710 1637 2749 naturaliter
1664 2719 1805 2750 notum
1833 2719 1904 2749 est:
1934 2724 2025 2750 cum
2050 2712 2090 2749 in
2109 2712 2239 2749 Deum
2266 2711 2485 2749 naturaliter

1414 2763 1652 2802 desiderium
1667 2764 1837 2802 hominis
1851 2765 1982 2803 tendat
1996 2765 2092 2802 sicut
2106 2765 2145 2802 in
2159 2764 2340 2802 ultimum
2349 2764 2482 2811 finem,

1414 2825 1457 2855 ut
1483 2817 1582 2855 infra
1594 2817 1615 2840 ’¹‘
1633 2818 1788 2868 patebit.
1819 2819 1888 2856 Est
1914 2818 2027 2867 igitur
2044 2830 2114 2868 per
2132 2829 2172 2855 se
2191 2825 2330 2855 notum
2353 2818 2480 2854 Deum

1414 2882 1509 2908 esse.

1467 2925 1574 2962 Item.
1609 2925 1706 2963 Illud
1742 2936 1813 2973 per
1849 2937 1890 2962 se
1926 2932 2066 2962 notum
2098 2931 2248 2973 oportet
2283 2935 2365 2960 esse
2402 2935 2481 2972 quo

281 2975 392 3025 quod
418 2975 654 3014 Deum-esse
682 2986 753 3024 per
771 2987 812 3012 se
831 2983 973 3012 notum
990 2983 1058 3023 est,
1079 2975 1190 3025 quasi
1209 2988 1256 3014 ex
1275 2975 1359 3026 ipsa
1413 2977 1548 3016 omnia
1566 2977 1640 3015 alia
1658 2985 1957 3026 cognoscuntur.
1978 2979 2085 3015 Deus
2104 2984 2235 3014 autern
2257 2975 2482 3014 huiusmodi

281 3027 561 3077 significatione
589 3027 762 3066 nominis
790 3028 1050 3066 manifestum.

1413 3038 1481 3068 est.
1511 3030 1620 3068 Sicut
1656 3031 1759 3068 enirn
1789 3031 1856 3068 lux
1884 3030 1974 3068 solis
1996 3029 2236 3080 'principium
2263 3036 2319 3067 est
2355 3028 2482 3066 omnis

335 3082 443 3120 Item.
475 3080 643 3130 Cogitari
670 3081 835 3131 quidem
856 3089 982 3131 potest
1010 3082 1119 3131 quod
1147 3081 1294 3132 aliquid
1312 3083 1359 3121 sit
1412 3083 1572 3122 visibilis
1599 3083 1870 3134 perceptionis,
1890 3083 1941 3122 ita
1967 3083 2098 3121 divina
2121 3084 2187 3120 lux
2205 3081 2332 3119 omnis
2350 3081 2481 3118 intelli-

281 3134 392 3184 quod
414 3147 498 3172 non
522 3134 644 3185 possit
668 3133 827 3183 cogitari
848 3147 932 3172 non
960 3147 1056 3173 esse.
1086 3135 1210 3183 Quod
1231 3136 1358 3175 maius

1414 3136 1536 3186 gibilis
1564 3136 1794 3186 cognitionis
1820 3136 2055 3187 principium
2074 3143 2146 3173 est:
2167 3147 2260 3172 cum
2279 3134 2324 3171 sit
2342 3133 2382 3171 in
2400 3146 2480 3182 quo

282 3195 339 3226 oet
366 3187 566 3226 evidenter
594 3200 642 3226 eo
671 3187 780 3237 quod
812 3195 940 3237 potest
966 3188 1124 3237 cogitari
1151 3201 1234 3227 non
1261 3202 1358 3228 esse.
1372 3209 1400 3231 as
1412 3202 1588 3240 prlmum
1623 3189 1793 3228 maxime
1834 3191 1968 3227 lumen
2007 3187 2234 3236 intelligibile
2275 3185 2479 3245 invenitur.

283 3240 347 3279 Sic
375 3253 466 3290 ergo
495 3242 582 3278 Deo
620 3240 766 3290 aliquid
803 3241 930 3279 maius
966 3241 1124 3291 cogitari
1155 3250 1297 3292 posset,
1327 3243 1358 3281 si
1415 3244 1579 3294 Oportet
1606 3243 1719 3292 igitur
1736 3243 1846 3292 quod
1863 3243 1995 3280 Deum
2013 3253 2095 3279 esse
2113 3253 2183 3290 per
2201 3251 2241 3276 se
2265 3246 2403 3276 notum
2422 3246 2478 3275 Sit.

281 3293 365 3344 ipse
392 3301 524 3344 posset
559 3294 717 3343 cogitari
753 3306 834 3332 non
861 3307 956 3332 esse.
986 3295 1109 3342 Quod
1136 3303 1193 3333 est
1224 3303 1359 3334 contra

1467 3297 1527 3334 Ex
1541 3296 1600 3334 his
1615 3296 1728 3345 igitur
1742 3304 1778 3333 et
1791 3295 1979 3333 similibus
1994 3293 2110 3343 aliqui
2124 3292 2332 3342 opinantur
2350 3292 2480 3329 Deum

282 3346 474 3386 rationem
497 3347 679 3386 nominis.
701 3347 949 3398 Relinquitur
966 3347 1080 3396 igitur
1098 3349 1208 3398 quod
1226 3349 1357 3388 Deum
1413 3362 1497 3388 esse
1512 3349 1567 3387 sic
1579 3361 1650 3399 per
1663 3362 1703 3387 se
1718 3357 1858 3386 notum
1872 3348 2030 3386 existere
2045 3354 2087 3384 ut
2101 3345 2338 3383 contrarium
2350 3351 2480 3382 mente

282 3412 366 3438 esse
394 3413 466 3450 per
491 3413 533 3439 se
560 3408 701 3439 notum
729 3408 796 3438 eSt.

335 3514 353 3540 8
371 3522 432 3541 esse
450 3522 494 3540 om
510 3515 564 3545 DZ,
583 3519 647 3541 ante
665 3523 712 3548 per
730 3523 760 3541 se
777 3516 827 3542 Yb.

283 3558 316 3576 22
335 3550 513 3584 manifestum]
532 3551 647 3576 Addunt
665 3556 706 3576 est
723 3551 754 3583 E,
774 3552 808 3577 ait
826 3551 893 3576 de.

282 3591 382 3619 posset,
401 3586 439 3611 sic
456 3586 528 3611 Deus
547 3587 655 3619 cogitari
674 3591 764 3619 posset
786 3595 840 3612 non
858 3594 927 3612 esse.

336 3628 348 3647 ι
370 3629 431 3647 esse
452 3622 603 3647 notissimas
623 3622 668 3647 Ita
685 3629 716 3652 α;

283 3655 378 3691 Deum]
398 3657 431 3682 ad
449 3657 536 3682 Deum
554 3657 587 3688 G,
606 3657 693 3683 Deum
711 3663 799 3683 autem
818 3657 900 3688 sNPc,
921 3665 984 3683 rasa
1003 3658 1052 3691 pN.

916 3524 932 3550 9
952 3515 1065 3549 cognito]
1086 3516 1199 3549 cognitio
1216 3517 1320 3542 BFHY.

1412 3516 1445 3542 18
1463 3516 1501 3551 re]
1521 3517 1547 3542 in
1565 3524 1594 3542 re
1612 3515 1763 3542 DEWZPd.
2171 3546 2176 3551 ι
2216 3546 2222 3551 .
2312 3546 2317 3552 ι
2426 3546 2431 3551 ¹
2475 3546 2480 3552 ⁸

984 3550 1016 3576 25
1036 3559 1089 3576 non
1107 3559 1226 3578 esse...-
1241 3552 1275 3578 26
1294 3552 1400 3586 cogitari
1423 3553 1486 3578 hom
1506 3560 1549 3578 om
1568 3552 1605 3583 ῦς
1629 3552 1643 3576 b
1662 3552 1743 3584 legit.-
1762 3558 1814 3575 non
1840 3557 1908 3574 esse.
1933 3549 1959 3573 Si
1985 3555 2048 3580 ergo
2066 3547 2122 3572 Deo
2145 3546 2241 3579 ahquid
2267 3553 2352 3571 maius
2375 3550 2482 3579 cogitari

735 3628 782 3655 per
801 3630 831 3648 se
848 3622 955 3647 addunt
972 3622 1063 3652 ceteri,
1082 3622 1130 3648 sed
1141 3625 1205 3648 ante
1230 3630 1290 3648 esse
1312 3623 1342 3655 Z,
1358 3626 1422 3656 post
1441 3631 1501 3649 esse
1519 3623 1615 3653 DEYb,
1630 3625 1695 3654 post
1714 3621 1864 3646 notissimas
1887 3618 2013 3644 NGWPc.

1413 3402 1569 3452 cogitari
1587 3415 1669 3440 non
1687 3402 1818 3452 possit.

1855 3521 1887 3547 ¹9
1907 3521 1966 3539 esse
1984 3510 2076 3545 maius]
2096 3518 2156 3536 esse
2174 3511 2226 3543 (est
2245 3510 2276 3544 P)
2295 3511 2379 3536 maius
2392 3515 2421 3535 ut
2432 3510 2480 3535 Pd.

2104 3625 2121 3650 9
2140 3615 2190 3650 sic]
2211 3617 2237 3642 sa
2255 3617 2304 3642 ra.
2395 3615 2426 3641 15
2447 3616 2481 3640 At

2432 291 2489 328 23-

2516 2185 2525 2194 ·
2540 2183 2596 2211 Cap.
2610 2189 2667 2205 xxii.

2510 2818 2520 2827 ·
2530 2816 2581 2838 Lib.
2590 2816 2629 2843 111,
2638 2822 2658 2838 c.
2668 2823 2721 2837 xxv.
