2742 4152
31 2449 38 2456 “
54 2446 96 2469 Lib
101 2463 106 2468 .
121 2447 160 2469 m.

295 289 341 324 14

868 267 1055 306 sUMMA
1085 265 1307 302 CONTRA
1336 262 1612 309 GENTnAEs,
1643 261 1903 308 CAP.1V,V.

289 354 419 396 quando
442 354 537 384 habet
551 352 584 382 in
607 360 641 381 se
658 349 818 381 sufficiens
837 347 1033 389 principium
1057 355 1095 376 ex
1120 353 1187 385 quo
1210 343 1290 374 illud
1313 342 1353 373 de
1407 341 1571 372 naturalis
1594 340 1819 371 inclinationis
1842 340 2005 382 contingit
2027 341 2177 381 impediri
2201 341 2234 372 in
2252 343 2487 383 prosecutione

287 399 474 431 necessitate
486 396 710 435 consequitur;
728 394 791 424 alio
807 392 920 428 modo,
937 390 1069 432 quando
1085 390 1118 420 in
1131 398 1165 419 se
1177 398 1245 419 non
1257 387 1355 418 habet

288 443 447 475 sufficiens
469 441 665 482 principium
681 448 719 470 ex
735 447 803 479 quo
825 436 905 468 illud
919 435 1100 467 necessario
1124 437 1352 483 consequatur,

288 497 354 528 quo
377 485 478 517 modo
494 484 638 516 naturale
655 489 702 514 est
724 482 853 514 mulieri
876 481 1049 521 concipere
1072 478 1187 514 filium,
1203 483 1235 508 et
1249 477 1352 527 libero

285 532 413 562 arbitrio
436 529 567 560 tendere
589 529 623 559 in
646 529 782 559 bonum.
798 527 904 558 Prima
920 535 996 565 ergo
1019 523 1185 555 inclinatio
1201 521 1353 552 naturalis

286 576 360 606 facit
383 574 567 605 facilitatem
588 579 619 603 et
642 573 889 604 delectationem
905 571 938 600 in
962 569 1152 609 operatione
1175 568 1208 597 in
1232 566 1353 596 haben-

285 621 369 651 tibus
385 620 617 659 cognitionem,
635 623 666 648 et
681 617 871 647 assimilatur
885 613 1087 645 inclinationi
1106 612 1244 642 habitus.
1265 610 1351 661 ⁵Curn

285 663 426 695 secunda
447 673 524 694 vero
548 667 608 693 stat
624 661 792 693 difficultas
816 666 847 691 et
870 659 961 690 labor
983 659 1017 688 in
1041 655 1239 697 acquirendo
1263 654 1295 705 ¹.d
1312 653 1351 705 ad

284 708 375 749 quod
397 708 549 739 naturalis
573 712 620 737 est
643 706 819 741 inclinatio,
850 709 882 735 et
911 707 1044 743 propter
1067 702 1212 732 laborem
1235 700 1352 749 aliquis

284 754 323 783 ab
341 753 409 783 eius
425 751 637 793 acquisitione
652 755 760 792 potest
774 749 900 780 retrahi.
916 747 958 778 Et
973 748 1018 777 sic
1033 747 1067 776 in
1080 745 1225 786 appetitu
1237 742 1352 774 accidit

284 797 444 828 scientiae.

340 842 465 872 Dicitur
486 839 641 875 secundo,
659 838 750 879 quod
765 838 840 869 licet
860 846 918 877 per
939 845 973 866 se
989 834 1116 865 habitus
1133 832 1228 863 faciat
1250 831 1351 883 facili-

283 891 381 916 tatem
396 886 430 916 in
447 885 644 925 operatione,
661 888 769 914 tamen
792 891 830 912 ex
853 881 961 920 aliquo
978 877 1213 919 impedimento
1234 883 1352 908 extrin-

283 939 374 961 secus
391 929 589 965 adveniente,
605 933 642 959 ut
657 927 772 958 dicitur
788 925 890 961 1⁸1122,
904 934 935 965 q.
948 934 1018 960 LXV,
1035 933 1063 953 a.
1078 922 1108 959 3,
1126 921 1166 953 ad
1183 931 1213 958 2,
1229 922 1352 952 habens

283 975 427 1005 habitum
451 973 671 1004 difficultatem
694 972 813 1012 patitur
835 970 869 1000 in
893 967 1070 1009 operando,
1097 972 1128 998 et
1154 976 1213 1007 per
1237 976 1352 997 conse-

283 1028 385 1058 quens
409 1014 655 1049 delectationem
678 1025 746 1046 non
769 1014 873 1045 sentit.
899 1013 1050 1044 Similiter
1075 1021 1152 1052 ergo
1176 1012 1216 1042 ab
1239 1011 1352 1052 acqui-

282 1064 398 1093 sitione
421 1063 571 1093 scientiae
594 1065 701 1101 potest
724 1059 839 1090 retrahi
862 1059 975 1094 homo,
999 1057 1075 1088 licet
1097 1056 1138 1087 ad
1162 1065 1234 1087 eam
1257 1061 1352 1087 natu-

280 1107 379 1138 ralem
402 1107 516 1137 habeat
539 1105 792 1140 inclinationem,
809 1113 847 1133 ex
871 1103 982 1133 labore
1005 1100 1192 1132 addiscendi
1215 1101 1352 1142 aliisque

281 1151 320 1182 de
343 1152 456 1186 causis,
473 1156 510 1181 ut
524 1151 629 1190 inquit
645 1149 780 1180 Sanctus
796 1147 942 1178 Thomas
966 1147 978 1177 l
1002 1146 1145 1187 Metaph.
1161 1147 1179 1163 θ
1202 1146 1297 1182 Nam,
1314 1151 1351 1177 ut

278 1196 347 1236 ipse
363 1196 459 1226 etiam
471 1194 660 1234 VMetaph.‚
677 1202 746 1233 cap.
763 1192 803 1223 de
818 1192 1011 1223 Necessario
1024 1192 1052 1228 *,
1068 1191 1185 1232 inquit,
1200 1191 1351 1231 impetum

1408 386 1473 416 iam
1498 385 1647 425 incoepti,
1673 390 1705 415 et
1720 385 1892 425 prohiberi
1917 394 1957 416 ne
1978 390 2087 416 motus
2110 386 2255 427 incipiat.

1463 429 1527 461 Sed
1543 434 1666 466 contra,
1679 429 1825 460 naturale
1841 429 2038 461 desiderium
2049 439 2118 474 npn
2135 436 2183 461 est
2198 430 2315 462 frustra
2330 432 2484 463 omnino:

1408 475 1484 515 quia
1508 480 1629 504 natura
1654 474 1736 504 nihil
1748 474 1886 516 frustra
1911 480 2080 516 operatur,
2107 480 2145 506 ut
2167 475 2285 506 dicitur
2307 475 2334 506 11
2353 476 2446 508 Caeli
2457 477 2484 508 ¹.

1407 520 1506 559 Ergo,
1519 518 1595 549 dato
1612 518 1704 559 quod
1719 518 1760 550 ad
1775 524 1906 560 tempus
1925 521 2028 550 homo
2044 521 2084 550 ab
2101 521 2318 561 acquisitione
2332 521 2486 552 scientiae

1406 563 1611 604 impediatur,
1628 563 1805 604 aliquando
1821 569 1931 595 tamen
1953 564 2142 606 implebitur
2162 564 2359 596 desiderium
2382 575 2486 597 cessa-

1407 609 1555 649 buntque
1578 608 1821 649 impedimenta.

1462 652 1691 694 Respondetur
1703 653 1804 694 quod,
1817 653 1893 685 licet
1906 654 2053 685 naturale
2068 653 2265 686 desiderium
2280 663 2487 696 consequens

1405 702 1508 728 totam
1524 703 1673 728 naturam
1697 698 1835 729 omnino
1858 697 2001 729 frustrari
2024 708 2093 730 non
2108 700 2212 740 possit
2228 700 2308 740 quin
2323 700 2358 731 in
2373 700 2486 741 aliquo

1405 741 1574 773 individuo
1591 742 1804 783 compleatur,
1821 752 1890 773 non
1905 743 2096 774 inconvenit
2112 750 2223 775 tamen
2246 745 2355 785 ipsum
2378 745 2413 776 in
2429 745 2487 776 ali-

1407 787 1525 828 quibus
1548 787 1723 818 individuis
1754 787 1914 819 frustrari:
1937 789 2126 828 praesertim
2154 789 2288 830 quando
2311 790 2375 821 tale
2402 789 2486 821 desi-

1407 831 1534 863 derium
1557 837 1606 863 est
1628 838 1719 863 actus
1743 832 1870 863 elicitus
1884 832 2077 870 voluntatis3
2101 839 2133 864 et
2155 834 2297 865 maxime
2311 835 2422 865 sinon
2438 840 2487 866 est

1405 877 1439 907 in
1462 886 1497 908 re
1521 877 1726 918 completum
1748 877 1948 918 principium
1964 876 2005 908 ad
2028 877 2120 918 quod
2142 879 2325 910 necessario
2348 878 2430 910 illud
2445 879 2486 910 ad

1405 921 1496 962 quod
1520 927 1568 952 est
1582 921 1736 953 naturalis
1751 921 1919 953 inclinatio
1935 927 2106 962 sequatur3
2122 922 2207 954 sicut
2221 932 2290 954 non
2306 929 2355 954 est
2369 924 2485 955 incon-

1404 966 1538 997 veniens
1553 966 1726 998 mulierem
1740 972 1902 1007 perpetuo
1923 967 2046 1007 absque
2062 967 2155 1008 prole
2170 976 2313 1005 manere,
2337 970 2487 1009 quamvis

1405 1010 1446 1042 ad
1468 1010 1502 1042 id
1524 1011 1712 1042 naturaliter
1734 1012 1775 1042 sit
1799 1011 1962 1042 inclinata.

1460 1056 1574 1086 Posset
1597 1056 1694 1086 etiam
1723 1055 1786 1087 dici
1813 1055 1905 1097 quod
1927 1055 2014 1087 istud
2036 1056 2182 1088 naturale
2206 1056 2402 1088 desiderium
2423 1058 2486 1089 im-

1404 1100 1546 1141 plebitur
1569 1101 1678 1131 anima
1693 1110 1711 1131 a
1727 1109 1866 1141 corpore
1889 1106 2051 1142 separata:
2076 1101 2160 1132 sicut
2183 1100 2263 1132 dixit
2284 1101 2487 1144 Porphyrius

1405 1150 1586 1179 eamsstunc
1609 1144 1681 1176 fore
1710 1145 1849 1182 beatam,
1873 1145 1950 1177 licet
1976 1147 2107 1187 corpori
2137 1146 2314 1178 coniuncta
2346 1147 2485 1178 beatitu-

1405 1189 1515 1221 dinem
1538 1199 1608 1221 non
1631 1195 1820 1231 assequatur
1831 1191 1859 1222 ’.

1351 1287 1405 1329 ηε.

857 1418 1415 1474 CAPITULUM
1465 1417 1900 1496 QUINTUM

514 1547 689 1600 QUOD
723 1547 807 1588 EA
842 1547 1015 1600 QUAE
1048 1547 1326 1588 RATIONE
1358 1546 1755 1589 INVESTIGARI
1789 1547 1920 1588 NON
1953 1546 2236 1589 POSSUNT

442 1619 925 1660 CONVENIENTER
958 1617 1103 1660 FIDE
1136 1618 1436 1660 TENENDA
1470 1618 1811 1661 HOMINIBUS
1844 1618 2312 1662 PROPONUNTUR

322 1781 328 1794 ,
358 1779 366 1792 ,,
485 1762 606 1788 DETUR
634 1758 766 1788 autem
801 1749 1039 1800 quibusdam
1072 1749 1232 1787 fortasse
1264 1761 1347 1787 non
1401 1749 1550 1788 tionem
1578 1749 1774 1788 veriorem
1802 1749 2038 1788 habendam.
2068 1750 2186 1788 Tunc
2217 1749 2325 1788 enim
2351 1751 2483 1789 solum

285 1812 298 1822 ‘
340 1835 348 1847 .,
358 1798 417 1853 '157
422 1809 454 1857 ,gf
487 1804 630 1841 debere
659 1803 811 1841 homini
834 1804 884 1841 ad
907 1803 1147 1841 credendum
1177 1802 1347 1853 proponi
1402 1803 1534 1841 Deum
1557 1815 1650 1841 vere
1673 1803 1946 1853 cognoscimus
1965 1804 2126 1854 quando
2145 1803 2277 1854 ipsum
2297 1815 2381 1842 esse
2403 1815 2482 1842 cre-

352 1860 374 1905 g
394 1854 463 1908 ,3ίῆ
487 1857 549 1895 illa
577 1869 678 1907 quae
698 1857 794 1894 ratio
823 1856 1051 1906 investigare
1074 1869 1156 1894 non
1184 1856 1344 1894 sufficit:
1401 1856 1533 1894 dimus
1560 1869 1679 1907 supra
1707 1869 1827 1895 omne
1855 1857 1895 1895 id
1914 1857 2024 1908 quod
2052 1857 2102 1895 de
2129 1857 2217 1895 Deo
2244 1857 2404 1906 cogitari
2431 1857 2482 1895 ab

281 1903 355 1942 “⁴⁴²³
376 1906 453 1941 τῖ’
487 1923 580 1948 cum
608 1910 740 1948 divina
767 1910 954 1961 sapientia
973 1910 1186 1960 unicuique
1209 1922 1346 1948 secun·
1401 1909 1564 1948 homine
1582 1910 1766 1961 possibile
1786 1918 1862 1948 est:
1884 1922 1932 1948 eo
1952 1910 2061 1961 quod
2076 1911 2294 1948 naturalem
2309 1910 2482 1949 hominis

271 1965 368 2002 dum
401 1964 569 2002 modum
602 1976 695 2001 suae
727 1971 888 2002 naturae
919 1963 1134 2014 provideat.
1170 1964 1220 2001 Et
1256 1963 1346 2001 ideo
1368 1971 1378 1993 5
1402 1963 1666 2013 cognitionem
1693 1963 1827 2002 divina
1855 1963 2069 2002 substantia
2087 1962 2248 2012 excedit,
2267 1970 2311 2002 ut
2329 1963 2483 2015 supra‘
2508 1962 2518 1972 ‘

271 2017 621 2055 demonstrandum
641 2025 697 2054 est
716 2017 824 2066 quod
844 2016 1108 2055 necessarium
1127 2016 1175 2054 sit
1193 2015 1346 2054 homini
1401 2025 1604 2055 ostensum
1637 2025 1704 2055 est.
1741 2018 1817 2055 Per
1853 2018 1930 2055 hoc
1967 2029 2059 2066 ergo
2096 2017 2206 2068 quod
2243 2016 2398 2056 homini
2429 2017 2480 2057 de

270 2070 454 2108 divinitus
473 2070 666 2108 credenda
684 2070 853 2120 proponi
873 2070 990 2108 etiam
1018 2070 1082 2108 illa
1109 2082 1211 2120 quae
1231 2070 1345 2108 ratio·
1401 2071 1488 2109 Deo
1507 2070 1637 2121 aliqua
1656 2079 1934 2122 proponuntur
1951 2083 2054 2121 quae
2069 2070 2260 2109 rationem
2274 2070 2480 2120 excedunt,

270 2136 362 2161 nem
391 2124 593 2162 excedunt.
1399 2123 1581 2162 firmatur
1607 2124 1647 2162 in
1676 2124 1838 2162 homine
1857 2124 1992 2176 opinio
2012 2124 2121 2175 quod
2141 2125 2250 2163 Deus
2268 2124 2316 2162 sit
2333 2124 2480 2176 aliquid

323 2178 464 2215 Nullus
502 2177 607 2214 enim
645 2176 836 2214 desiderio
879 2185 916 2214 et
952 2177 1081 2215 studio
1118 2176 1158 2214 in
1199 2176 1344 2227 aliquid
1400 2189 1519 2229 supra
1546 2178 1585 2216 id
1614 2178 1724 2228 quod
1751 2178 1919 2228 cogitare
1946 2185 2084 2228 potest.

269 2230 389 2268 tendit
408 2230 480 2268 nisi
499 2230 545 2268 sit
564 2230 598 2268 ei
612 2230 916 2280 praecognitum.
934 2230 1038 2278 Quia
1053 2242 1144 2280 ergo
1164 2231 1214 2268 ad
1233 2230 1346 2269 altius
1361 2244 1387 2260 ¹⁰
1454 2231 1540 2270 Alia
1568 2230 1686 2270 etiam
1714 2231 1856 2271 utilitas
1879 2231 1970 2270 inde
1994 2230 2186 2283 provenit,
2210 2230 2351 2269 scilicet
2368 2242 2479 2283 prae-

270 2284 422 2321 bonum
459 2296 579 2334 quam
617 2283 781 2334 experiri
818 2284 857 2321 in
894 2284 1087 2335 praesenti
1119 2283 1198 2322 vita
1224 2284 1346 2334 possit
1400 2284 1635 2335 sumptionis
1677 2285 1890 2335 repressio,
1927 2298 2031 2336 quae
2068 2293 2125 2324 est
2164 2292 2290 2324 mater
2325 2284 2477 2325 erroris.

270 2338 445 2375 humana
471 2337 660 2386 fragilitas,
690 2337 870 2375 homines
907 2350 978 2388 per
1009 2337 1184 2376 divinam
1213 2338 1344 2388 provi·
1401 2338 1501 2377 Sunt
1520 2338 1626 2377 enim
1646 2338 1809 2389 quidam
1828 2346 1982 2378 tantum
2009 2339 2059 2378 de
2087 2350 2161 2376 suo
2184 2337 2340 2388 ingenio
2367 2350 2479 2390 prae·

271 2390 441 2428 dentiam
470 2390 708 2438 ordinantur,
730 2398 771 2428 ut
795 2391 835 2428 in
861 2391 1114 2441 sequentibus
1142 2391 1345 2441 investiga·
1400 2401 1599 2430 sumentes
1627 2399 1670 2430 ut
1697 2400 1819 2430 totam
1856 2404 1990 2430 rerum
2018 2399 2198 2430 naturam
2227 2405 2269 2430 se
2297 2399 2480 2442 reputent

270 2443 373 2481 bitur
385 2443 418 2491 ³⁸,
439 2443 609 2494 oportuit
628 2452 800 2482 mentem
829 2445 983 2483 evocari
1007 2445 1047 2483 in
1066 2445 1213 2496 aliquid
1232 2446 1345 2484 altius
1399 2458 1473 2484 suo
1502 2446 1695 2484 intellectu
1731 2458 1847 2497 posse
1883 2445 2023 2493 metiri,
2060 2445 2307 2484 aestimantes
2339 2445 2480 2485 scilicet

271 2509 391 2547 quam
420 2497 515 2535 ratio
539 2505 670 2535 nostra
689 2497 728 2535 in
747 2498 939 2548 praesenti
966 2499 1088 2549 possit
1114 2498 1342 2550 pertingere,
1359 2517 1382 2538 ις
1399 2507 1525 2538 totum
1555 2511 1638 2538 esse
1666 2511 1807 2538 verum
1840 2500 1949 2550 quod
1987 2499 2041 2538 eis
2068 2499 2234 2547 videtur,
2274 2506 2311 2537 et
2337 2499 2479 2538 falsum

271 2558 313 2588 ut
341 2550 394 2588 sic
422 2550 583 2588 disceret
611 2551 755 2601 aliquid
784 2551 1014 2600 desiderare,
1039 2560 1076 2590 et
1104 2553 1233 2591 studio
1261 2561 1343 2592 ten·
1398 2553 1507 2604 quod
1536 2553 1591 2592 eis
1619 2565 1702 2591 non
1720 2553 1886 2592 videtur.
1907 2553 1957 2592 Ut
1976 2565 2068 2603 ergo
2096 2553 2146 2591 ab
2175 2553 2249 2592 hac
2275 2565 2478 2604 praesum-

272 2604 362 2642 dere
395 2604 433 2641 in
466 2604 611 2654 aliquid
643 2605 751 2654 quod
788 2614 914 2643 totum
951 2614 1094 2644 statum
1132 2607 1344 2657 praesentis
1397 2607 1529 2658 ptione
1558 2608 1758 2645 humanus
1786 2607 1942 2645 animus
1969 2606 2152 2645 liberatus
2180 2607 2229 2646 ad
2258 2607 2479 2646 modestam

272 2657 370 2696 vitae
399 2658 558 2695 excedit.
588 2659 636 2696 Et
664 2659 740 2696 hoc
773 2659 980 2710 praecipue
1011 2660 1252 2699 Christianae
1285 2673 1342 2699 re·
1398 2660 1688 2712 inquisitionem
1709 2660 1877 2699 veritatis
1894 2661 2106 2711 perveniat,
2127 2660 2392 2699 necessarium
2408 2660 2480 2699 fuit

271 2710 399 2760 ligioni
437 2711 632 2762 competit,
675 2724 776 2763 quae
814 2712 1054 2763 singulariter
1090 2714 1196 2752 bona
1234 2714 1343 2766 spiri·
1398 2714 1550 2753 homini
1569 2714 1739 2766 proponi
1767 2714 1962 2765 quaedam
1985 2714 2171 2753 divinitus
2190 2726 2292 2766 quae
2312 2714 2478 2753 omnino

270 2764 387 2802 tualia
414 2773 451 2802 et
478 2773 633 2803 aeterna
664 2766 868 2816 promittit:
903 2767 1009 2805 unde
1042 2775 1079 2805 et
1111 2767 1151 2806 in
1180 2780 1226 2807 ea
1257 2770 1343 2819 plu·
1358 2789 1384 2804 ιο
1398 2768 1635 2807 intellectum
1663 2767 1747 2806 eius
1775 2769 2016 2806 excederent.

272 2818 368 2856 rima
387 2819 609 2856 humanum
628 2831 788 2857 sensum
807 2821 1031 2859 excedentia
1048 2831 1342 2873 proponuntur;
1452 2824 1625 2874 Apparet
1647 2821 1765 2860 etiam
1793 2822 1866 2860 alia
1885 2822 2025 2860 utilitas
2044 2834 2091 2860 ex
2111 2821 2225 2862 dictis,
2247 2821 2478 2874 Philosophi

270 2873 352 2909 Lex
373 2880 503 2909 autem
531 2873 663 2919 Vetus,
683 2885 784 2922 quae
812 2874 1040 2925 temporalia
1063 2875 1256 2926 promissa
1275 2877 1342 2915 ha·
1398 2876 1438 2914 in
1467 2877 1502 2914 X
1531 2878 1696 2914 Ethicor.
1717 2875 1737 2898 *
1771 2875 1875 2914 Cum
1910 2875 2016 2915 enim
2055 2875 2278 2915 Simonides
2313 2875 2478 2926 quidam

271 2925 398 2971 bebat,
432 2937 557 2974 pauca
589 2927 792 2976 proposuit
819 2940 920 2978 quae
954 2929 1152 2967 humanae
1185 2930 1344 2968 rationis
1398 2929 1549 2968 homini
1581 2929 1963 2980 praetermittendam
2001 2929 2176 2968 divinam
2213 2929 2478 2979 cognitionem

272 2977 562 3027 inquisitionem
604 2980 842 3018 excederent.
886 3004 911 3008 —
954 2983 1183 3021 Secundum
1225 2983 1342 3022 etiam
1397 2983 1659 3034 persuaderet,
1693 2990 1730 3020 et
1765 2983 1950 3021 humanis
1978 2983 2096 3021 rebus
2123 2982 2324 3034 ingenium
2356 2983 2478 3035 appli-

272 3032 378 3068 hunc
406 3032 572 3069 modum
599 3032 843 3084 philosophis
875 3047 969 3073 cura
1001 3035 1081 3084 fuit,
1111 3037 1160 3075 ad
1189 3038 1267 3076 hoc
1301 3045 1344 3075 ut
1357 3048 1382 3070 ’ς
1398 3037 1582 3084 candum,
1612 3042 1786 3088 oportere
1803 3036 1984 3088 inquiens
2012 3038 2180 3076 humana
2198 3049 2332 3089 sapere
2358 3038 2476 3076 homi·

273 3085 453 3122 homines
479 3097 502 3122 a
530 3085 768 3124 sensibilium
797 3087 1116 3128 delectationibus
1144 3090 1194 3128 ad
1220 3091 1343 3129 hone·
1399 3103 1486 3128 nem
1514 3097 1548 3128 et
1582 3091 1758 3128 mortalia
1792 3091 2013 3136 mortalem
2050 3098 2185 3129 contra
2217 3103 2311 3130 eum
2345 3089 2476 3130 Philo-

273 3146 409 3175 statem
436 3138 704 3188 perducerent,
733 3142 936 3180 ostendere
965 3155 1048 3180 esse
1067 3143 1140 3181 alia
1159 3143 1265 3182 bona
1284 3143 1345 3182 his
1399 3145 1549 3194 sophus
1576 3143 1667 3182 dicit
1695 3144 1804 3194 quod
1832 3145 1945 3183 homo
1973 3145 2078 3182 debet
2103 3156 2144 3182 se
2170 3144 2223 3182 ad
2247 3144 2477 3183 immortalia

273 3191 515 3229 sensibilibus
534 3191 695 3242 potiora,
717 3206 888 3244 quorum
907 3204 1021 3245 gustu
1040 3198 1166 3235 multo
1185 3197 1345 3236 suavius
1399 3203 1433 3235 et
1460 3198 1587 3236 divina
1614 3199 1765 3236 trahere
1783 3204 1963 3248 quantum
1983 3203 2114 3247 potest.
2144 3196 2257 3235 Unde
2285 3196 2326 3234 in
2354 3198 2406 3235 XI
2431 3198 2478 3236 de

274 3244 340 3293 qui
372 3254 510 3282 vacant
544 3246 676 3284 activis
703 3249 765 3285 vel
793 3249 1102 3300 contemplativis
1138 3250 1345 3289 virtutibus
1399 3251 1565 3289 Animal.
1584 3250 1606 3274 '⁸‘
1633 3251 1724 3289 dicit
1751 3252 1872 3302 quod,
1906 3250 2087 3302 quamvis
2114 3261 2256 3311 parum
2289 3250 2335 3288 sit
2366 3251 2475 3302 quod
2503 3251 2513 3261 ”
2559 3264 2566 3272 ·

274 3297 519 3336 delectantur.
1361 3317 1386 3338 ιο
1399 3305 1449 3342 de
1486 3304 1707 3343 substantiis
1743 3304 2008 3356 superioribus
2048 3303 2306 3354 percipimus,
2344 3311 2476 3343 tamen

328 3351 394 3387 Est
426 3351 541 3389 etiam
579 3353 839 3392 necessarium
878 3355 1106 3396 huiusmodi
1143 3357 1345 3396 veritatem
1401 3357 1494 3396 illud
1523 3358 1727 3398 modicum
1747 3367 1803 3397 est
1822 3357 1944 3407 magis
1962 3364 2137 3396 amatum
2157 3365 2194 3394 et
2212 3357 2476 3397 desideratum

275 3402 322 3439 ad
351 3404 588 3444 credendum
608 3407 835 3446 hominibus
858 3410 1026 3459 proponi
1055 3412 1103 3449 ad
1124 3411 1197 3449 Dei
1216 3411 1345 3461 cogni-
1401 3411 1510 3450 omni
1538 3411 1759 3462 cognitione
1778 3423 1899 3461 quam
1917 3411 1967 3449 de
1993 3409 2213 3448 substantiis
2231 3410 2476 3450 inferioribus

330 3525 343 3542 2
364 3519 395 3543 ad
415 3521 581 3556 credendum]
601 3523 759 3550 credendum
780 3532 804 3556 a,
824 3525 952 3550 credenda
967 3527 990 3551 b.
1933 3525 1956 3551 εἰ
1976 3532 2018 3551 ⁰⁹⁹¹
2039 3533 2065 3551 α’

276 3560 302 3585 7.
321 3559 346 3578 et
367 3560 407 3578 ιο.
426 3555 508 3581 Ethic.
526 3557 632 3583 addunt
652 3559 700 3584 Pd.

331 3595 344 3613 2
364 3589 447 3615 Deum
462 3595 526 3622 post
545 3600 606 3618 vere
620 3594 687 3620 GPc.

275 3623 356 3655 spat.)
374 3624 406 3655 G,
425 3631 542 3652 naturam
561 3628 672 3654 divinam
692 3630 735 3656 Pe.

275 3658 409 3684 hominem
429 3660 498 3687 eso.

1084 3526 1097 3552 3
1117 3526 1193 3562 mio]
1213 3528 1313 3553 ratione
1332 3528 1381 3553 Pd.
1475 3534 1509 3554 ιο
1526 3527 1617 3562 tendit]
1636 3526 1782 3562 praetendit
1799 3527 1841 3552 ab.
2158 3525 2190 3551 25
2211 3533 2272 3551 curn
2284 3524 2340 3560 fult}
2358 3530 2389 3551 ut
2404 3530 2476 3560 patet

780 3595 794 3621 5
814 3602 843 3621 ut
861 3604 939 3630 supra
952 3602 1089 3623 ostensum
1104 3604 1144 3624 est
1157 3606 1200 3624 om
1215 3600 1256 3625 ab.

1348 3607 1365 3634 9
1383 3598 1506 3634 cogitare]
1525 3598 1631 3633 eogitari
1651 3597 1790 3624 GNYZPc.
1882 3596 1914 3622 ¹3
1935 3604 2024 3622 rerum
2043 3595 2175 3638 naturaml
2192 3602 2311 3623 naturam
2325 3597 2427 3631 (rerum
2446 3596 2473 3622 fn

827 3630 859 3656 16
879 3633 916 3657 eis
924 3636 989 3665 post
1003 3641 1055 3659 non
1069 3634 1171 3660 videtur
1184 3642 1209 3659 α.

1302 3642 1333 3660 22
1355 3635 1461 3667 quidam
1476 3633 1584 3668 homini]
1604 3634 1706 3660 cuidam
1726 3632 1825 3659 homini
1844 3631 1958 3664 GNZPc,
1977 3632 2083 3666 quidam
2103 3633 2241 3658 hommum
2260 3632 2312 3664 BF,
2331 3631 2473 3667 quemdam

2538 474 2571 496 ca

2511 475 2528 522 l.
2541 500 2575 523 16.

2573 480 2597 502 p.
2607 480 2639 501 ιη
2654 475 2726 498 mTh.

2513 1170 2522 1179 ·
2530 1169 2727 1198 Grandem„

2513 1195 2543 1224 x,
2555 1201 2591 1225 ²9·

2504 2877 2603 2927 ζὲἲξὶ.
2615 2883 2671 2928 .’.“.“’.
2681 2878 2721 2928 ἑιὲ

2504 2931 2554 2954 lu
