2768 4134
290 318 365 354 310
801 312 988 349 SUMMA
1018 311 1240 347 CONTRA
1270 310 1545 354 GENTILES,
1575 310 1669 345 LIB.
1692 310 1732 354 ΙΙ,
1763 310 1875 346 CAP.
1897 310 1980 346 XX.

886 467 1372 525 CAPITULUM
1414 466 1887 523 VIGESIMUM

1261 585 1290 615 A
1323 584 1394 615 31v
1430 584 1514 615 a16.

642 688 836 741 QUOD
879 685 1171 728 NULLUM
1217 684 1492 725 CORPUS
1535 672 1807 725 POTEST
1852 684 2135 726 CREARE

315 858 319 860 e
364 852 387 855 m
408 854 428 865 fl,
495 833 519 858 x
548 821 623 857 hoc
658 827 787 856 autem
824 817 1022 855 evidenter
1056 823 1215 865 apparet
1250 815 1358 864 quod
1415 814 1668 853 substantiam
1688 827 1800 863 agere
1820 815 1959 865 poterit
1977 815 2088 853 cuius
2108 825 2164 854 est
2182 825 2260 854 tota
2279 817 2490 856 substantia

310 865 321 888 Ψ
358 860 482 917 ,ῘἙΨΫ
510 875 661 911 nullum
690 884 832 921 corpus
860 878 986 921 potest
1014 868 1159 919 aliquid
1185 881 1256 918 per
1274 881 1358 906 mo·
1414 869 1556 915 forma;
1587 869 1694 919 quod
1723 869 1772 906 de
1801 871 1909 907 nullo
1938 881 2102 919 corpore
2129 877 2256 919 potest
2283 871 2368 918 dici,
2396 885 2489 910 cum

308 928 326 964 „⁷
372 919 472 972 23ssss
510 928 607 965 dum
635 925 838 963 creationis
866 924 1094 974 producere.
1415 934 1533 960 omne
1562 934 1705 973 corpus
1734 923 1874 960 habeat
1902 923 2116 969 materiam,
2146 935 2194 960 eo
2226 925 2334 974 quod
2370 938 2489 964 omne

318 963 328 994 ,⁸
357 971 365 978 ’
414 971 427 979 “
564 981 728 1017 Nullum
757 978 862 1016 enim
890 989 1033 1027 corpus
1063 975 1138 1025 agit
1165 975 1237 1013 nisi
1273 988 1358 1013 mo·
1414 988 1557 1026 corpus
1577 985 1633 1014 est
1653 976 1849 1014 mutabile.
1880 977 1983 1026 Ergo
2013 978 2165 1014 nullum
2194 989 2337 1028 corpus
2363 988 2490 1029 potest

286 1043 436 1073 veatur:
467 1047 514 1072 eo
543 1034 650 1084 quod
679 1039 855 1082 oporteat
882 1043 998 1080 agens
1027 1038 1063 1067 et
1091 1029 1240 1080 patiens
1275 1041 1358 1067 esse
1381 1046 1389 1066 s
1414 1030 1560 1080 aliquid
1588 1031 1806 1080 producere
1831 1031 2050 1068 secundum
2069 1038 2191 1068 totam
2211 1031 2294 1069 eius
2313 1032 2489 1072 substan-

2518 1087 2527 1096 '
2543 1086 2601 1114 Cap.
2615 1093 2664 1109 xvi.

2518 1784 2732 1834 ἶξῗραμςιΧὴ.

2517 2051 2526 2061 ·
2541 2050 2600 2079 Cap.
2611 2057 2641 2078 ¹¹3
2657 2057 2676 2073 ι.
2685 2050 2734 2074 Tin.

2517 2077 2533 2100 1.
2542 2083 2563 2107 3,
2573 2085 2597 2106 4.

2517 2159 2529 2207 i
2542 2157 2651 2213 {Hya-{2
2661 2163 2696 2185 ιιι,
2705 2159 2730 2184 ὃς

2512 3382 2521 3391 ·
2536 3381 2574 3404 ΑΙ.
2589 3387 2612 3409 q.
2623 3387 2656 3405 xi.

2510 3470 2519 3479 '
2535 3468 2593 3491 ibid.

44 1094 106 1142 λα
128 1094 194 1119 instar
219 1094 258 1114 Μ·
287 1089 412 1135 simul,
438 1090 499 1126 vel
526 1087 667 1125 faciens
697 1094 732 1123 et
760 1086 903 1123 factum
918 1085 953 1130 *;
982 1085 1094 1121 simul
1121 1090 1246 1121 autem
1273 1090 1358 1120 sunt
1413 1084 1522 1122 tiam:
1553 1085 1662 1134 quod
1691 1092 1747 1122 est
1775 1085 1824 1123 de
1853 1084 1999 1122 ratione
2028 1084 2233 1122 creationis
2251 1085 2282 1123 *.

45 1126 257 1195 &mmm
286 1144 437 1192 quaein
458 1142 586 1178 eodem
607 1141 689 1177 loco
707 1145 802 1185 sunt,
823 1147 866 1176 ut
893 1138 1057 1176 habetur
1082 1137 1123 1174 in
1142 1139 1175 1174 V
1191 1139 1305 1187 Phys.
1319 1137 1356 1183 *3
1468 1138 1659 1188 Amplius.
1682 1139 1823 1176 Creare
1852 1150 1933 1176 non
1953 1147 2009 1176 est
2037 1137 2110 1175 nisi
2138 1139 2334 1189 potentiae
2362 1139 2490 1177 infini-

54 1180 88 1202 ’ἃ
286 1198 417 1233 locum
446 1203 577 1232 autern
606 1205 687 1230 non
716 1192 877 1242 acquirit
904 1204 1047 1242 corpus
1076 1191 1149 1228 nisi
1178 1203 1248 1241 per
1272 1203 1357 1228 mo·
1413 1199 1484 1229 tae.
1506 1192 1636 1229 Tanto
1655 1192 1762 1229 enirn
1790 1200 1846 1229 est
1874 1191 2032 1230 maioris
2059 1192 2254 1242 potentiae
2282 1205 2399 1242 agens
2425 1193 2490 1231 ali-

285 1258 380 1286 tum.
407 1249 571 1286 Nullum
596 1255 727 1285 autem
747 1258 891 1296 corpus
910 1253 1092 1283 movetur
1111 1245 1182 1282 nisi
1202 1245 1241 1282 in
1262 1253 1357 1282 tem·
1413 1246 1533 1295 quod,
1563 1253 1710 1295 quanto
1731 1245 1944 1296 potentiam
1964 1245 2086 1295 magis
2105 1246 2155 1284 ab
2177 1254 2265 1284 actu
2284 1247 2490 1286 distantem

284 1315 391 1352 pore.
416 1301 613 1351 Quicquid
642 1300 755 1350 igitur
783 1300 826 1337 fit
853 1312 924 1350 per
951 1299 1143 1337 actionem
1171 1298 1356 1349 corporis,
1374 1321 1399 1335 ω
1413 1299 1453 1336 in
1472 1306 1604 1337 actum
1624 1299 1809 1337 reducere
1829 1307 1972 1349 potest:
1993 1307 2035 1337 ut
2054 1300 2163 1350 quod
2181 1308 2308 1351 potest
2321 1313 2368 1339 ex
2388 1313 2491 1351 aqua
2529 1341 2531 1343 ,

44 1361 52 1369 ·
68 1359 124 1387 ‘³²1’-
141 1365 215 1387 praec·
284 1356 327 1393 fit
356 1355 584 1393 successive.
617 1354 770 1392 Creatio
799 1362 943 1399 autem,
964 1362 1006 1390 ut
1034 1361 1235 1390 ostensum
1255 1361 1311 1390 est
1325 1353 1356 1399 ⁹¹⁶,
1414 1353 1544 1402 ignem
1578 1354 1713 1399 faeere,
1742 1366 1865 1403 quam
1901 1354 2011 1403 quod
2044 1367 2092 1391 ex
2129 1366 2228 1392 aere.
2264 1355 2388 1401 Unde,
2421 1354 2490 1393 ubi

284 1422 364 1447 non
384 1409 500 1447 habet
520 1408 818 1446 successionem.
836 1407 944 1444 Nihil
964 1406 1077 1455 igitur
1090 1414 1216 1456 potest
1235 1420 1258 1444 a
1273 1419 1356 1444 cor·
1414 1406 1578 1444 omnino
1606 1407 1780 1457 potentia
1815 1407 2076 1456 praeexistens
2103 1407 2351 1454 subtrahitur,
2381 1420 2491 1446 exoe-

284 1475 378 1513 pore
398 1474 652 1512 quocumque
672 1474 742 1511 per
760 1462 926 1499 modurn
956 1460 1159 1498 creationis
1178 1460 1355 1510 produci.
1414 1460 1518 1498 ditur
1545 1460 1675 1498 omnis
1702 1461 1980 1498 determinatae
1999 1461 2201 1499 distantiae
2218 1461 2433 1512 proportio,
2453 1470 2491 1500 et

338 1517 548 1554 Praeterea.
579 1517 710 1553 Omne
739 1527 856 1564 agens
884 1515 992 1564 quod
1021 1514 1096 1563 agit
1124 1514 1357 1564 inquantum
1414 1514 1468 1551 sic
1501 1526 1657 1552 necesse
1691 1523 1746 1552 est
1783 1514 1997 1565 potentiam
2029 1514 2175 1564 agentis
2211 1527 2314 1565 quae
2345 1515 2491 1566 aliquid

283 1578 475 1617 movetur,
496 1570 544 1608 de
564 1568 787 1607 necessitate
808 1577 941 1606 movet
962 1568 1055 1605 illud
1075 1568 1114 1605 in
1135 1568 1242 1617 quod
1263 1567 1356 1616 agit:
1374 1588 1396 1608 ις
1414 1567 1574 1605 instituit
1615 1569 1721 1606 nulla
1761 1568 1934 1618 potentia
1970 1569 2267 1618 praeexistente,
2305 1569 2491 1608 excedere

283 1623 425 1661 factum
441 1623 546 1661 enim
566 1631 603 1661 et
621 1635 781 1672 passum
796 1621 1048 1672 consequitur
1062 1621 1357 1671 dispositionem
1414 1633 1576 1658 omnem
1595 1618 1892 1672 proportionem
1912 1635 2014 1672 quae
2035 1631 2166 1672 posset
2185 1622 2421 1661 considerari
2438 1623 2490 1662 ad

283 1677 453 1715 facientis
473 1685 509 1714 et
527 1676 683 1725 agentis,
703 1688 751 1713 eo
771 1677 879 1725 quod
909 1688 1028 1713 omne
1055 1688 1172 1724 agens
1192 1675 1266 1724 agit
1285 1675 1357 1712 sibi
1413 1675 1627 1724 potentiam
1665 1675 1811 1723 agentis
1848 1676 1994 1725 aliquid
2027 1688 2074 1713 ex
2112 1676 2272 1714 materia
2307 1676 2489 1715 facientis.
2524 1708 2527 1710 .

284 1730 425 1777 simile3
450 1731 566 1776 unde,
587 1730 618 1767 si
637 1741 765 1778 agens,
787 1742 867 1767 non
887 1729 925 1766 in
947 1730 1084 1767 eadem
1104 1728 1356 1778 dispositione
1413 1729 1529 1766 Nulla
1548 1737 1678 1766 autem
1700 1729 1871 1779 potentia
1890 1729 2064 1780 corporis
2079 1738 2135 1766 est
2154 1729 2319 1768 infinita:
2340 1738 2384 1768 ut
2400 1741 2491 1781 pro-

284 1796 325 1821 se
352 1785 510 1830 habens,
530 1783 605 1833 agit
634 1784 866 1833 inquantum
895 1795 964 1834 per
992 1790 1145 1821 motum
1174 1782 1355 1827 variatur,
1412 1783 1526 1820 batur
1539 1794 1562 1819 a
1582 1782 1824 1833 Philosopho
1844 1782 1882 1820 in
1905 1783 1986 1820 VIII
2007 1784 2256 1832 Pliysicorum
2271 1783 2302 1820 ⁸¹².
2324 1784 2489 1822 Nullum

284 1845 436 1887 oportet
464 1838 571 1887 quod
600 1837 716 1874 etiam
740 1837 779 1874 in
799 1835 966 1886 patiente
987 1845 1023 1873 et
1042 1837 1139 1874 facto
1160 1836 1355 1886 quaedam
1372 1856 1397 1870 20
1412 1835 1525 1884 igitur
1552 1848 1696 1886 corpus
1723 1844 1850 1886 potest
1879 1835 2025 1886 aliquid
2053 1848 2194 1884 creare,
2224 1837 2332 1888 quod
2357 1845 2414 1875 est
2441 1849 2488 1876 ex

284 1890 484 1928 renovatio
499 1890 798 1940 dispositionum
818 1890 895 1936 fiat,
911 1890 1020 1940 quod
1041 1890 1121 1927 sine
1142 1898 1252 1927 motu
1273 1901 1356 1927 esse
1412 1888 1534 1926 nihilo
1561 1889 1708 1939 aliquid
1737 1890 1872 1928 facere.

284 1957 364 1982 non
392 1952 528 1994 potest.
560 1944 691 1981 Omne
711 1951 842 1981 autem
862 1956 1006 1993 corpus
1026 1955 1106 1980 non
1127 1952 1260 1980 movet
1284 1942 1355 1979 nisi
1465 1943 1618 1980 Adhuc.
1648 1944 1818 1980 Movens
1841 1951 1879 1980 et
1907 1951 2073 1989 motum,
2097 1943 2241 1980 faciens
2267 1951 2306 1980 et
2332 1943 2489 1991 factum,

283 2006 448 2043 motum,
468 2006 510 2035 ut
537 1998 747 2046 probatum
777 2005 843 2034 est.
874 1996 980 2034 Nihil
1010 1996 1123 2045 igitur
1150 1996 1193 2033 fit
1222 2009 1243 2033 a
1272 2008 1356 2033 cor·
1413 2004 1564 2045 oportet
1593 1996 1709 2034 simul
1737 2008 1839 2034 esse:
1870 2004 1913 2034 ut
1940 1996 2128 2046 probatur
2156 1996 2196 2034 in
2224 1997 2290 2034 VII
2309 1998 2489 2047 Plnysico—
2530 2003 2535 2007 '

282 2051 387 2100 poris
422 2050 573 2088 actione
609 2050 679 2087 nisi
715 2062 785 2101 per
819 2058 971 2088 motum
1001 2052 1063 2087 vel
1098 2050 1356 2087 mutationem
1413 2062 1499 2087 rum
1517 2050 1547 2087 *.
1579 2049 1734 2101 Corpus
1763 2057 1894 2087 autem
1929 2062 2047 2100 agens
2082 2062 2163 2088 non
2201 2058 2327 2101 potest
2354 2051 2489 2090 adesse

282 2104 379 2151 facti.
402 2103 555 2142 Creatio
575 2112 706 2141 autem
736 2116 816 2141 non
845 2112 900 2141 est
929 2103 1091 2142 mutatio
1118 2116 1189 2141 nec
1214 2111 1356 2150 motus,
1372 2123 1395 2144 ,ς
1413 2116 1486 2141 suo
1510 2103 1663 2142 effectui
1693 2103 1766 2141 nisi
1794 2116 1865 2154 per
1889 2111 2124 2151 contactum,
2144 2116 2226 2156 quo
2254 2106 2488 2156 tangendum

41 2164 50 2173 ·
66 2162 120 2190 ‹2³1›-
138 2169 195 2185 xvv·
284 2166 324 2195 ut
353 2166 553 2196 ostensum
582 2165 637 2194 est
663 2158 693 2194 ²⁸.
724 2157 839 2206 Igitur
874 2159 1026 2195 nullum
1061 2169 1204 2207 corpus
1233 2165 1358 2207 potest
1414 2158 1544 2195 ultima
1560 2159 1666 2207 fiunt
1682 2158 1795 2196 simul
1807 2157 1840 2194 *.
1861 2157 1974 2196 Unde
1994 2157 2232 2208 impossibile
2252 2166 2309 2196 est
2330 2154 2489 2209 aliquod

283 2211 427 2261 aliquid
457 2223 615 2249 causare
645 2211 826 2248 creando.
1413 2223 1556 2261 corpus
1585 2224 1696 2260 agere
1725 2211 1798 2249 nisi
1833 2212 2039 2260 tangendo.
2076 2212 2224 2250 Tactus
2258 2220 2392 2250 autem
2423 2212 2489 2251 ali·

338 2266 443 2302 Item.
475 2265 578 2302 Cum
607 2276 724 2312 agens
752 2273 788 2301 et
816 2265 959 2302 factum
989 2273 1165 2314 oporteat
1184 2264 1255 2301 sibi
1275 2277 1357 2302 esse
1413 2265 1524 2302 cuius
1553 2266 1602 2302 ad
1631 2267 1796 2302 alterum
1815 2273 1882 2302 est.
1905 2266 1954 2302 Et
1977 2265 2042 2311 sic,
2061 2265 2129 2302 ubi
2158 2277 2239 2304 non
2258 2274 2314 2303 est
2343 2265 2489 2316 aliquid

284 2318 432 2364 similia,
462 2330 542 2356 non
570 2326 694 2368 potest
723 2330 806 2355 esse
834 2317 1112 2368 productivum
1132 2318 1248 2356 totius
1268 2318 1357 2356 sub·
1413 2318 1673 2368 praeexistens
1700 2326 1853 2370 praeter
1879 2330 2008 2368 agens,
2028 2318 2128 2356 sicut
2154 2319 2195 2357 in
2213 2319 2408 2358 creatione
2427 2330 2488 2358 ac-

284 2371 443 2409 stantiae
462 2371 548 2409 facti
577 2372 685 2421 quod
714 2383 795 2408 non
823 2379 903 2408 tota
932 2383 1001 2408 sua
1030 2371 1242 2409 substantia
1266 2371 1355 2420 agit:
1375 2392 1399 2411 ιο
1413 2371 1515 2419 cidit,
1536 2380 1658 2410 tactus
1678 2384 1761 2410 esse
1777 2385 1858 2410 non
1877 2380 2012 2423 potest.
2030 2372 2195 2411 Nullum
2214 2372 2328 2422 igitur
2345 2385 2489 2424 corpus

284 2424 382 2463 sicut
401 2437 422 2462 e
442 2437 632 2463 converso
659 2425 797 2474 probat
826 2424 1100 2475 Philosophus,
1122 2424 1160 2462 in
1187 2426 1252 2462 Vll
1272 2427 1357 2463 Me·
1413 2434 1539 2475 potest
1567 2439 1679 2475 agere
1707 2426 1889 2464 creando.
2463 2429 2466 2433 ’

42 2481 253 2536 'Vss-‘fssghygffid-
283 2481 382 2529 taph.
405 2478 436 2525 ²¹³,
463 2479 571 2528 quod
606 2479 731 2516 forma
758 2478 840 2516 sine
874 2478 1044 2525 materia,
1073 2490 1175 2528 quae
1210 2486 1289 2516 tota
1317 2491 1358 2516 se
1467 2480 1576 2517 Patet
1603 2479 1717 2528 igitur
1743 2480 1884 2518 falsitas
1910 2479 2113 2530 positionis
2148 2481 2399 2530 quorundam
2431 2479 2488 2518 di-

77 2525 82 2535 '
139 2525 145 2535 ’
171 2524 176 2533 '
204 2524 210 2530 ⁴
283 2532 369 2581 agit,
390 2544 470 2570 non
490 2540 615 2582 potest
633 2544 717 2569 esse
737 2544 853 2569 causa
882 2532 1061 2582 proxima
1088 2532 1356 2581 generationis,
1413 2533 1583 2570 centium
1617 2533 1871 2572 substantiam
1903 2534 2127 2572 caelestium
2155 2545 2368 2584 corporum
2397 2545 2489 2572 caufl-

285 2586 503 2623 secundum
532 2598 652 2635 quam
682 2587 763 2623 sola
791 2586 916 2623 forma
946 2585 983 2623 in
1013 2593 1142 2623 actum
1168 2586 1354 2623 educitur.
1413 2598 1497 2624 sam
1530 2587 1712 2624 materiae
1741 2588 2026 2625 elementorum
2060 2599 2164 2624 esse:
2199 2599 2291 2625 cum
2330 2585 2489 2626 materia

284 2639 447 2676 Nullum
477 2647 607 2676 autem
637 2651 779 2688 corpus
807 2647 886 2676 tota
921 2651 991 2677 sua
1027 2639 1238 2677 substantia
1271 2639 1356 2689 agit,
1372 2659 1394 2679 ,ς
1412 2652 1571 2678 causam
1601 2641 1745 2679 habere
1773 2653 1853 2678 non
1883 2640 2003 2691 possit
2023 2640 2095 2679 nisi
2124 2640 2161 2679 id
2189 2641 2297 2692 quod
2319 2640 2489 2680 creando

284 2692 352 2730 etsi
371 2701 498 2730 toturn
517 2700 616 2741 agat:
647 2692 750 2742 quia,
780 2705 872 2730 cum
900 2705 1020 2730 omne
1049 2705 1166 2742 agens
1184 2701 1269 2742 agat
1287 2705 1358 2744 per
1411 2693 1504 2743 agiu
1534 2706 1582 2732 eo
1611 2695 1720 2744 quod
1748 2694 1832 2744 ipsa
1855 2702 1911 2732 est
1938 2694 2112 2745 primum
2140 2703 2272 2733 motus
2299 2703 2337 2733 et
2364 2702 2489 2734 muta-

283 2746 449 2784 formam
469 2759 547 2796 qua
568 2754 655 2784 actu
675 2754 741 2792 est,
757 2746 850 2784 illud
871 2747 999 2784 solum
1015 2759 1085 2796 per
1101 2754 1220 2784 totam
1242 2759 1355 2785 suam
1411 2747 1526 2785 tionis
1553 2747 1784 2786 subiectum.

338 2867 348 2885 ι
371 2861 504 2885 evidenter
522 2860 565 2885 hic
585 2860 640 2891 DZ;
656 2863 719 2893 post
737 2866 851 2894 apparet.
939 2860 971 2885 16
991 2860 1168 2894 consequitur]
1188 2862 1306 2895 sequitur
1323 2869 1384 2888 cum
1404 2862 1445 2895 ρΑ
1463 2862 1589 2894 EGNYZ,
1609 2867 1756 2896 sequuntur
1773 2863 1833 2888 Wb.
1919 2870 1953 2888 πο
1972 2864 2044 2896 quod
2063 2863 2152 2897 etiam}
2172 2864 2245 2898 quod
2258 2863 2310 2894 BD,
2326 2864 2403 2889 edam
2417 2865 2489 2897 quod

281 2896 335 2926 GZ,
354 2896 431 2920 etiam
451 2895 483 2921 Y.
576 2895 607 2920 25
627 2903 680 2921 non
706 2901 747 2921 est
773 2895 882 2922 mutatio
907 2903 954 2922 nec
979 2895 1078 2930 motus]
1104 2904 1151 2922 nec
1178 2898 1288 2923 mutatio
1310 2905 1358 2923 nec
1382 2903 1470 2923 motus
1495 2903 1536 2923 eat
1555 2899 1606 2924 ax.
1699 2906 1731 2932 ²7
1751 2906 1858 2924 causam
1882 2898 2034 2932 DNWsHb;
2053 2900 2199 2932 producere
2223 2900 2267 2931 Pe,
2286 2907 2374 2925 creare
2397 2899 2489 2926 ceteri.

283 2931 316 2963 34
335 2932 360 2956 in
380 2937 467 2957 actum
487 2931 622 2962 DNWYb;
642 2932 667 2957 in
687 2937 755 2957 actu.
845 2932 971 2965 educitur]
991 2931 1123 2957 reducitur
1142 2932 1195 2964 GZ,
1214 2933 1317 2958 ducitur
1334 2933 1377 2959 W.
1470 2934 1503 2967 37
1522 2939 1605 2960 totam
1623 2941 1668 2960 om
1687 2935 1772 2960 axcd.

335 2966 351 2991 8
370 2973 410 2992 est
428 2967 472 2993 hic
490 2966 610 2998 DNvPc;
629 2970 694 2992 ante
711 2968 781 2992 enirn
801 2967 832 2999 X,
851 2971 916 2993 ame
934 2974 1014 3001 agenn
1032 2968 1123 2994 ceteri.
1221 2976 1248 2994 ιι
1273 2969 1366 3003 facere]
1386 2970 1532 3003 producere
1551 2969 1663 2996 aDXPc.
1759 2978 1839 3004 quam
1864 2970 1946 3004 quod]
1971 2978 2051 3004 quam
2076 2970 2166 2997 BDW.
2263 2971 2295 2997 :25
2315 2971 2489 3006 tangentium}

280 3003 410 3036 tangentia
430 3002 540 3028 aDXPc.
633 3011 665 3036 ²7
685 3002 804 3036 alicuius]
824 3004 901 3028 unius
920 3003 952 3028 D.

1043 3101 1381 3136 Commenta-ia
1409 3102 1721 3137 Fen-ariensis

286 3208 483 3270 posroum
508 3198 731 3229 determinavit
747 3198 882 3230 Sanctus
900 3199 1044 3230 Thomas
1060 3199 1100 3231 de
1121 3202 1283 3232 creatione
1308 3211 1356 3232 se·
1382 3204 1385 3250 Ι
1411 3208 1485 3233 sunt
1509 3211 1593 3243 quae
1617 3209 1692 3233 sunt
1716 3203 1748 3233 in
1773 3202 1891 3233 eodem
1915 3203 2001 3240 loco,
2019 3212 2056 3233 ex
2073 3203 2101 3233 V
2118 3203 2231 3244 Phys.;
2249 3203 2360 3233 locum
2377 3207 2484 3232 autem

337 3242 481 3274 cundum
499 3252 542 3280 se,
559 3252 646 3274 nunc
664 3244 855 3274 determinat
879 3244 918 3275 de
943 3245 1011 3284 ipsa
1036 3251 1194 3285 quantum
1216 3245 1255 3276 ad
1281 3255 1357 3287 sup·
1382 3252 1385 3278 ι
1410 3256 1476 3277 non
1502 3247 1639 3288 acquirit
1663 3256 1782 3288 corpus
1805 3248 1867 3278 nisi
1890 3257 1948 3288 per
1970 3253 2109 3278 motum.

44 3282 253 3337 ὀιξξχξξῡξξζξηῑ
283 3287 424 3326 positum
442 3297 552 3318 creans
565 3289 591 3318 *ἢ
613 3288 653 3318 Et
677 3289 770 3328 ponit
793 3288 872 3319 duas
897 3289 1126 3320 conclusiones
1138 3291 1182 3319 ”R
1208 3290 1356 3328 Quarum
1382 3279 1385 3318 i
1467 3291 1503 3321 ΙΙ.
1529 3291 1623 3323 Circa
1647 3293 1729 3323 hanc
1753 3293 2024 3333 propositionem,
2042 3291 2177 3322 Nullum
2201 3300 2320 3332 corpus
2336 3291 2408 3333 agit
2424 3291 2486 3322 nisi

43 3337 63 3346 ··
79 3336 115 3357 cs.
126 3327 175 3365 ca'p.
187 3329 237 3365 seh.
282 3331 384 3370 prima
401 3337 462 3362 est:
481 3332 616 3363 Nullum
637 3342 755 3374 corpus
774 3338 882 3374 potest
897 3333 1022 3374 aliquid
1040 3344 1103 3374 per
1119 3334 1248 3365 modum
1265 3345 1356 3366 crea—
1410 3341 1589 3372 moveatur,
1607 3336 1744 3367 dubium
1762 3337 1912 3367 occurrit.
1937 3336 2020 3367 Nam
2037 3335 2125 3376 apud
2141 3335 2295 3367 Sanctum
2308 3335 2484 3373 Thornam,

284 3375 380 3406 tionis
398 3376 592 3416 producere.
1382 3409 1384 3414 ,
1410 3380 1525 3416 Prima,
1543 3390 1574 3421 q.
1592 3391 1674 3418 axvi,
1691 3391 1719 3412 a.
1738 3381 1767 3418 3,
1786 3381 1825 3412 ad
1844 3391 1877 3418 2;
1903 3387 1934 3412 et
1960 3380 2112 3418 Quolibet
2126 3379 2179 3416 VI,
2197 3389 2224 3410 a.
2247 3387 2285 3420 ¹9
2298 3381 2332 3416 *3
2357 3380 2483 3411 caelum

43 3417 53 3426 '
69 3417 105 3439 Cf·
121 3423 173 3439 Μ·
339 3420 360 3450 1.
386 3420 549 3451 Probatur
567 3422 676 3461 primo
693 3424 719 3452 *.
745 3422 912 3463 Quicquid
937 3422 971 3453 fit
995 3432 1052 3463 per
1076 3432 1205 3463 corpuS,
1226 3423 1260 3454 fit
1285 3434 1356 3455 suc·
1409 3434 1601 3466 empyreum
1618 3425 1724 3457 influit
1739 3427 1772 3457 in
1790 3435 1927 3466 corpora
1944 3425 2104 3456 inferiora.
2122 3424 2162 3454 Et
2178 3430 2285 3455 tamen
2303 3425 2483 3456 secundum

284 3465 413 3494 cessive.
438 3464 501 3495 Sed
524 3467 643 3496 creatio
666 3476 733 3497 non
760 3467 855 3497 habet
877 3468 1129 3498 successionem.
1154 3468 1240 3508 Ergo
1258 3474 1317 3499 etc.
1335 3487 1357 3491 —
1409 3471 1516 3510 ipsum
1533 3472 1549 3488 *
1572 3470 1652 3501 iliud
1683 3477 1730 3501 est
1760 3471 1937 3501 immobile.
1969 3469 2055 3510 Ergo
2086 3478 2152 3500 non
2186 3475 2233 3500 est
2264 3470 2484 3500 universaliter

282 3506 438 3539 Probatur
461 3510 573 3540 maior.
598 3511 733 3542 Nullum
758 3521 877 3552 corpus
902 3512 966 3552 agit
989 3513 1049 3542 nisi
1073 3518 1252 3543 moveatur.
1271 3513 1356 3554 Ergo
1409 3524 1521 3546 verum
1546 3515 1637 3556 quod
1660 3524 1779 3556 corpus
1802 3524 1870 3546 non
1894 3520 1966 3554 agat
1987 3514 2049 3545 nisi
2072 3520 2252 3544 moveatur.

282 3560 350 3581 non
367 3554 431 3593 agit
445 3554 506 3584 nisi
521 3555 553 3585 in
570 3561 728 3596 tempore.
751 3557 836 3596 Ergo
854 3557 1033 3588 successive
1050 3557 1123 3596 agit.
1148 3557 1237 3588 Patet
1254 3559 1356 3598 prima
1465 3559 1640 3590 Praeterea.
1672 3560 1877 3590 Carbonibus
1906 3559 2013 3599 ignitis
2043 3559 2248 3590 manentibus
2279 3559 2433 3596 immotis,
2457 3560 2480 3589 si

285 3598 530 3636 consequentia:
556 3600 631 3638 quia
655 3610 754 3631 omne
779 3601 868 3641 quod
892 3607 1042 3632 movetur
1066 3602 1097 3632 in
1121 3607 1269 3642 tempore
1285 3612 1355 3633 mo-
1409 3604 1542 3644 aliquod
1559 3610 1742 3645 apponatur
1758 3603 1978 3639 calefactibile,
1996 3603 2074 3634 illud
2091 3602 2224 3634 calefiet.
2242 3603 2329 3645 Ergo
2345 3603 2384 3635 ad
2401 3603 2482 3634 hanc

284 3646 384 3670 vetur.
409 3642 612 3673 Antecedens
637 3654 712 3675 vero
746 3647 915 3685 probatur:
941 3647 1016 3686 quia
1041 3652 1170 3686 oportet
1201 3655 1298 3686 agens
1326 3654 1355 3677 et
1409 3649 1571 3679 actionem
1597 3658 1680 3689 quae
1704 3653 1752 3679 est
1775 3647 1951 3684 calefactio,
1970 3657 2036 3678 non
2057 3649 2228 3688 requiritur
2243 3654 2281 3679 ut
2296 3657 2415 3689 corpus
2431 3657 2483 3679 ca-

284 3684 418 3723 padens,
442 3686 490 3715 vel
523 3686 642 3718 faciens
673 3694 703 3718 et
735 3689 866 3726 factum,
891 3699 959 3721 esse
990 3691 1102 3727 simul;
1127 3691 1221 3721 simui
1247 3697 1354 3722 autem
1409 3692 1561 3723 lefaciens
1585 3698 1764 3723 moveatur.
