2768 4134
30 445 40 454 ·
54 441 112 470 esp.
127 447 175 463 xci.

749 248 938 286 SUMMA
967 250 1189 289 CONTRA
1218 252 1616 300 GENTILES„LIB.
1641 255 1682 300 11,
1713 255 1824 293 CAP.
1845 256 1994 293 XCVII.

273 326 451 373 triuntur,
481 327 568 364 licet
595 338 677 365 non
709 338 866 375 semper
898 328 1072 366 sentiant.
1105 330 1348 369 Substantiae

275 388 407 418 autem
435 387 633 431 separatae
662 387 753 418 sunt
779 380 1016 418 substantiae
1035 381 1220 429 viventes,
1240 392 1283 421 ut
1302 396 1350 422 ex

274 433 496 484 praemissis
510 433 531 456 *
548 441 667 484 patet:
688 443 762 471 nec
781 433 927 470 habent
945 433 1060 471 aliam
1080 436 1349 484 operationem

274 487 377 526 vitae
405 487 478 525 nisi
507 486 726 535 intelligere.
757 486 922 536 Oportet
951 486 1063 535 igitur
1085 490 1193 537 quod
1213 501 1259 526 ex
1279 503 1350 527 sua

275 549 413 579 natura
441 541 516 578 sint
542 540 641 578 sicut
668 539 920 588 intelligentes
947 541 1035 577 actu
1063 553 1229 591 semper.

329 596 436 632 Item.
458 593 702 633 Substantiae
722 600 920 643 separatae
940 602 1101 631 movent
1119 607 1189 644 per
1208 595 1350 633 intelle—

275 656 383 686 ctum
401 659 568 697 corpora
585 646 774 693 caelestia,
782 646 1003 684 secundum
1021 647 1351 698 philosophorum

276 700 505 740 doctrinam.
540 701 675 738 Motus
713 707 847 738 autem
879 712 1093 749 corporum
1126 702 1351 740 caelestium

275 763 332 792 est
359 766 515 804 semper
541 753 762 801 continuus.
796 753 1005 801 Intelligere
1034 753 1148 802 igitur
1175 755 1350 792 substan-

274 807 418 846 tiarum
445 815 713 857 separatarum
750 814 807 845 est
843 806 1077 844 continuum
1113 815 1150 844 et
1183 820 1348 858 semper.
1368 827 1392 840 ιο

329 861 418 898 Hoc
444 868 578 898 autem
605 860 712 898 idem
740 860 916 910 sequitur
943 860 1013 898 etsi
1041 873 1123 898 non
1155 869 1352 910 ponantur

276 922 481 952 moventes
495 926 662 964 corpora
679 913 873 952 caelestia:
894 926 987 952 cum
1007 913 1081 950 sint
1100 913 1253 952 altiores
1266 927 1350 952 cor-

275 967 438 1017 poribus
473 967 714 1006 caelestibus.
754 967 883 1013 Unde,
917 967 948 1004 si
982 967 1142 1017 propria
1177 968 1351 1017 operatio

332 1089 343 1108 ι
365 1081 531 1108 subeundae
549 1086 637 1108 autem
648 1098 684 1108 .,.
702 1080 834 1115 viventesl
851 1081 977 1107 Similiter
994 1086 1082 1106 autem
1101 1081 1262 1106 substantiae
1281 1087 1416 1114 separatae
1436 1088 1497 1107 sunt
1515 1084 1631 1109 viventes
1650 1084 1730 1114 NYZ;

276 1126 319 1143 om
338 1116 531 1146 DEGWYch.
623 1124 639 1149 7
659 1115 890 1150 philosophoruml
908 1116 1080 1149 physicorum
1099 1116 1146 1149 pZ.

332 1152 365 1178 13
382 1152 446 1186 non]
466 1157 493 1178 et
510 1160 563 1178 non
582 1152 705 1179 anwpc.

2399 259 2473 306 579

1404 333 1577 382 corporis
1603 333 1785 380 caelestis,
1805 346 1905 383 quae
1926 343 1982 372 est
2001 343 2130 373 motus
2158 336 2289 386 ipsius,
2310 345 2365 374 est
2384 349 2475 374 con-

1404 385 1530 432 tinua;
1559 388 1683 424 multo
1709 387 1832 436 magis
1859 387 2018 440 propria
2045 389 2218 439 operatio
2248 390 2474 428 substantia-

1405 450 1494 475 rum
1523 448 1798 488 separatarum,
1828 450 1930 490 quae
1959 450 2014 479 est
2042 441 2259 491 intelligere.

1459 492 1648 541 Amplius.
1670 493 1800 530 Omne
1825 495 1934 543 quod
1961 495 2200 545 quandoque
2229 504 2412 546 operatur
2439 505 2475 534 et

1405 545 1644 595 quandoque
1664 558 1745 584 non
1765 555 1958 596 operatur,
1978 556 2160 586 movetur
2178 561 2248 599 per
2265 562 2306 587 se
2325 551 2387 586 vel
2405 562 2476 599 per

1406 597 1594 635 accidens.
1616 600 1729 637 Unde
1751 608 1787 637 et
1811 601 1887 637 hoc
1916 602 2022 650 quod
2051 614 2124 639 nos
2152 603 2391 652 quandoque
2419 602 2474 640 in-

1404 650 1620 699 telligimus,
1636 653 1875 702 quandoque
1891 666 1984 700 non,
1999 654 2178 703 provenit
2192 667 2238 693 ex
2253 655 2475 694 alteratione

1406 715 1507 752 quae
1536 714 1592 741 est
1623 705 1724 743 circa
1755 714 1905 755 partem
1939 707 2171 755 sensibilem,
2201 716 2242 745 ut
2270 708 2409 749 dicitur
2435 709 2475 746 in

1406 757 1487 793 VIII
1507 759 1756 807 Pliysicorum
1771 759 1802 796 ²⁸.
1825 759 1902 797 Sed
1922 760 2156 798 substantiae
2180 769 2376 811 separatae
2395 774 2476 799 non

1406 819 1616 848 moventur
1643 824 1713 861 per
1735 825 1788 859 se,
1817 812 1909 862 quia
1928 825 2009 850 non
2033 821 2122 851 sunt
2140 826 2318 864 corpora:
2348 827 2476 865 neque

1406 872 1616 902 moventur
1633 877 1704 914 per
1722 865 1911 912 accidens,
1927 866 2019 915 quia
2038 879 2119 904 non
2139 875 2228 905 sunt
2246 868 2376 906 unitae
2394 880 2477 906 cor-

1406 916 1579 965 poribus.
1609 918 1725 977 lgitur
1752 919 1927 969 operatio
1956 920 2125 970 propria,
2145 933 2246 970 quae
2270 929 2325 958 est
2344 921 2477 959 intelli-

1406 981 1507 1018 gere,
1533 979 1589 1007 est
1613 984 1653 1008 m
1677 971 1732 1009 eis
1755 972 1952 1018 continua,
1976 985 2057 1011 non
2086 973 2275 1018 intercisa.

1746 1093 1801 1117 pro
1820 1085 1980 1111 substantiae
1998 1087 2046 1112 alt.
2065 1088 2123 1112 loco
2141 1094 2248 1120 semper
2266 1087 2297 1112 E.
2379 1087 2393 1112 5
2414 1088 2481 1113 sicut

1042 1240 1379 1274 Commentaria.
1410 1241 1722 1276 Ferrariensis

266 1314 351 1327 ,s

334 1326 488 1371 osi-etms
505 1338 731 1372 determinavit
761 1338 899 1370 Sanctus
928 1338 1074 1370 Thomas
1098 1338 1138 1370 de
1169 1339 1357 1379 cognitione

342 1383 539 1415 substantiae
551 1388 715 1424 separatae
727 1389 887 1424 quantum
903 1383 943 1414 ad
966 1388 1075 1414 actum
1098 1383 1252 1424 primum,
1269 1393 1357 1415 nunc

244 1473 251 1480 ι
279 1427 321 1459 de
341 1428 414 1470 ipsa
437 1433 597 1468 quantum
621 1428 661 1460 ad
684 1433 794 1460 actum
817 1427 1000 1459 secundum
1024 1427 1215 1459 determinat
1227 1429 1254 1458 “.

335 1472 359 1503 1·.
383 1472 426 1503 Et
447 1473 546 1514 ponit
565 1473 649 1504 hanc
673 1474 937 1504 conclusionem:
956 1473 1144 1504 Intellectus
1158 1473 1358 1504 substantiae

278 1522 452 1559 separatae
474 1523 523 1549 est
542 1527 671 1558 semper
692 1518 882 1559 intelligens
903 1523 991 1549 actu.
1007 1517 1103 1556 Quae
1122 1518 1292 1549 conclusio
1308 1519 1357 1548 in-

279 1561 453 1603 telligenda
476 1568 524 1593 est
547 1572 616 1593 non
639 1568 766 1594 tantum
790 1563 832 1593 de
855 1568 929 1593 actu
960 1563 1079 1603 primo,
1107 1562 1166 1594 sed
1194 1563 1292 1594 etiam
1316 1562 1357 1594 de

279 1612 355 1645 actu
367 1606 525 1646 secundo,
542 1613 578 1637 ut
594 1617 633 1638 ex
647 1608 828 1639 rationibus
844 1613 993 1648 apparet:
1010 1617 1079 1638 non
1091 1613 1201 1639 tamen
1213 1607 1254 1638 ad
1269 1607 1357 1638 hunc

279 1659 423 1691 sensum,
439 1651 532 1692 quasi
549 1661 677 1693 semper
693 1657 767 1683 actu
784 1652 896 1683 omnia
911 1652 1145 1692 cognoscibilia
1162 1658 1357 1692 cognoscat;

280 1691 337 1727 sed
360 1695 437 1738 quia
460 1705 589 1737 semper
613 1702 660 1727 est
683 1697 716 1727 in
741 1696 850 1738 aliqua
873 1696 991 1727 actuali
1015 1696 1286 1728 consideratione.

335 1739 502 1771 Probatur
516 1746 624 1772 autem
642 1741 761 1782 primo.
779 1741 965 1772 Intellectus
981 1741 1177 1772 substantiae
1193 1746 1359 1782 separatae

280 1790 440 1826 utsupra
455 1791 596 1826 tempus.
613 1786 701 1827 Ergo
712 1795 783 1817 non
798 1785 999 1827 quandoque
1011 1791 1059 1817 est
1073 1786 1258 1826 intelligens
1272 1791 1358 1824 actu,

279 1829 483 1871 quaudoque
493 1840 571 1862 vero
583 1831 618 1862 in
634 1831 792 1871 potentia.
802 1848 827 1854 -—
837 1831 997 1861 Probatur
1012 1831 1258 1871 consequentia.
1271 1829 1359 1868 Quia

280 1873 373 1916 quod
388 1874 590 1916 quandoque
606 1881 654 1906 est
675 1876 710 1906 in
725 1880 810 1914 actu,
827 1874 1028 1916 quandoque
1044 1875 1078 1906 in
1093 1875 1250 1915 potentia,
1266 1883 1358 1904 men-

280 1924 407 1950 suratur
429 1925 589 1960 tempore.

337 1961 432 1995 Circa
455 1963 539 1994 hanc
554 1964 724 2003 rationem,
741 1962 974 1994 advertendum
999 1962 1090 2004 quod
1113 1962 1204 1993 aliter
1219 1962 1358 2002 loquen-

281 2007 360 2039 dum
384 2013 434 2039 est
454 2009 488 2039 in
512 2008 697 2039 substantiis
713 2008 865 2048 separatis
880 2007 921 2038 de
942 2013 1017 2039 actu
1039 2006 1241 2047 intelligendi
1263 2007 1359 2037 abso-

281 2053 350 2084 lute
363 2052 587 2090 considemto;
607 2058 640 2083 et
661 2052 752 2083 aliter
771 2052 812 2083 de
827 2053 900 2092 ipso
916 2058 954 2083 ut
968 2052 1009 2083 ad
1027 2052 1092 2083 hoc
1108 2050 1358 2082 determinatum

282 2098 449 2129 obiectum
461 2098 651 2128 terminatur
662 2097 696 2128 in
708 2096 902 2138 particulari.
919 2096 953 2127 Si
966 2098 1054 2128 enim
1071 2097 1248 2127 substantia
1266 2105 1359 2136 sepa-

280 2147 347 2174 rata
369 2142 546 2184 aliquando
562 2141 691 2173 nullum
706 2142 838 2173 haberet
853 2147 963 2172 actum
978 2140 1190 2181 intelligendi,
1206 2141 1251 2171 ita
1266 2140 1358 2181 quod

281 2192 365 2218 esset
383 2187 521 2218 omnino
544 2186 726 2227 intelligens
750 2187 782 2217 in
806 2185 962 2227 potentia,
987 2192 1018 2216 et
1036 2185 1250 2227 postmodum
1268 2184 1359 2216 fieret

281 2237 356 2263 actu
380 2231 572 2272 intelligens,
599 2231 747 2262 transiret
773 2230 813 2261 de
840 2231 986 2271 potentia
1007 2229 1195 2261 accidentali
1220 2230 1358 2260 omnino

282 2276 322 2307 ad
345 2282 469 2307 actum:
494 2282 527 2307 et
549 2277 594 2306 sic
618 2281 805 2315 mutaretur,
837 2284 878 2306 eo
908 2274 1000 2315 quod
1022 2275 1115 2306 nullo
1144 2274 1246 2305 modo
1269 2275 1359 2315 prius

281 2321 414 2352 haberet
436 2321 672 2362 perfectionem
695 2329 794 2361 quam
818 2319 859 2351 de
884 2329 974 2351 novo
1001 2324 1179 2360 poneretur
1201 2319 1358 2359 accipere.

282 2366 316 2398 Si
345 2371 456 2397 autem
485 2375 555 2397 non
581 2371 703 2396 careret
733 2364 923 2405 simpliciter
948 2370 1023 2396 actu
1053 2363 1271 2404 intelligendi,
1302 2362 1360 2394 sed

282 2420 410 2452 semper
433 2410 556 2452 aliquid
571 2415 645 2441 actu
661 2409 863 2451 intelligeret,
886 2409 962 2440 licet
974 2418 1044 2440 non
1067 2418 1196 2449 semper
1216 2409 1280 2439 hoc
1304 2407 1359 2439 de-

281 2455 501 2494 terminatum,
519 2454 678 2486 diceretur
694 2453 875 2485 secundum
900 2453 980 2495 quid
1001 2453 1134 2484 transire
1151 2452 1191 2484 de
1214 2453 1361 2494 potentia

282 2499 323 2530 ad
347 2505 466 2538 actum,
483 2500 678 2540 inquantum
700 2499 833 2530 haberet
856 2504 964 2529 actum
981 2507 1080 2539 quem
1098 2498 1186 2538 prius
1210 2507 1278 2528 non
1302 2496 1359 2527 ha-

282 2544 379 2575 bebat
401 2543 583 2575 secundum
606 2545 690 2574 hanc
709 2543 936 2584 particularem
959 2543 1134 2574 rationem:
1158 2551 1226 2572 non
1250 2547 1358 2572 tamen

283 2589 443 2619 diceretur
473 2589 661 2629 simpliciter
689 2589 822 2619 transire
853 2587 893 2619 de
921 2588 1069 2628 potentia
1091 2587 1132 2617 ad
1162 2593 1282 2625 actum,
1314 2586 1359 2616 sic

283 2633 375 2674 quod
403 2632 495 2664 fieret
522 2633 562 2664 de
588 2634 735 2674 potentia
765 2633 964 2673 intelligente
991 2638 1066 2663 actu
1094 2631 1286 2671 intelligens,
1317 2639 1359 2661 eo

283 2678 374 2719 quod
397 2687 526 2719 semper
549 2683 632 2709 esset
655 2683 730 2709 actu
754 2677 945 2718 intelligens,
968 2677 1044 2707 licet
1058 2686 1127 2707 non
1151 2685 1279 2716 semper
1294 2675 1360 2705 hoc

283 2722 544 2762 determinatum,
560 2728 640 2763 puta
663 2721 815 2763 lapidem,
831 2721 1032 2762 intelligeret.
1051 2721 1104 2752 Sic
1120 2721 1208 2751 enim
1225 2725 1256 2749 et
1272 2718 1358 2760 apud

282 2776 354 2807 nos,
379 2776 456 2798 cum
480 2767 583 2798 homo
607 2766 772 2798 dormiens
803 2771 835 2797 et
864 2766 945 2796 nihil
975 2766 1112 2796 omnino
1140 2763 1358 2802 considerans,

282 2811 496 2852 postmodum
508 2811 690 2852 evigilando
702 2811 817 2851 incipit
830 2816 904 2842 actu
917 2809 1132 2848 considerare,
1150 2808 1268 2839 dicitur
1283 2809 1360 2838 sim·

283 2857 410 2898 pliciter
432 2857 566 2887 transire
581 2856 622 2887 de
644 2856 790 2896 potentia
812 2855 853 2886 ad
876 2859 996 2894 actum,
1019 2861 1051 2885 et
1074 2854 1115 2885 de
1129 2854 1199 2884 ou'o
1223 2852 1264 2883 ad
1279 2862 1361 2893 ope-

283 2902 459 2932 rationem:
482 2902 510 2932 si
535 2906 656 2938 autem,
680 2906 856 2941 postquam
879 2899 941 2931 fuit
969 2900 1003 2930 in
1031 2898 1149 2930 actuali
1177 2896 1360 2929 considera-

283 2947 374 2977 tione
386 2946 532 2985 alicuius‚
546 2944 670 2976 desinat
684 2944 766 2976 illud
777 2943 982 2976 considerare
998 2949 1030 2974 et
1044 2943 1131 2975 aliud
1147 2942 1361 2983 contemplari

284 2991 428 3032 incipiat,
452 3000 519 3021 non
551 2989 668 3021 dicitur
699 2989 887 3030 simpliciter
915 2988 1049 3019 transire
1078 2987 1117 3018 de
1147 2987 1293 3028 potentia
1320 2985 1360 3016 ad

285 3041 394 3067 actum
418 3033 654 3074 considerandi,
670 3034 738 3065 sive
757 3034 797 3064 de
812 3034 881 3064 otio
898 3031 938 3063 ad
962 3032 1198 3074 operationem,
1213 3031 1288 3061 licet
1311 3039 1360 3061 se-

285 3080 431 3111 cundum
448 3079 528 3121 quid
549 3080 614 3110 hoc
630 3079 694 3109 dici
713 3078 825 3119 possit.
841 3077 937 3109 Unde
951 3076 1097 3115 inferius,
1114 3076 1220 3117 capite
1242 3075 1360 3106 ultimo

284 3126 382 3156 huius
399 3124 541 3156 Secundi
553 3124 652 3160 Libri,
665 3123 895 3154 dicit'Sanctus
906 3122 1053 3153 Thomas
1065 3120 1166 3162 quod,
1179 3130 1253 3151 cum
1265 3120 1298 3150 in
1312 3120 1362 3150 in-

286 3171 414 3202 tellectu
426 3169 626 3200 substantiae
636 3173 809 3208 separatae
823 3172 871 3198 est
885 3166 1178 3208 intelligentiarum
1189 3164 1360 3200 successim

287 3224 352 3245 non
377 3219 425 3245 est
448 3215 491 3245 ibi
509 3214 646 3255 propt-Ie
669 3218 794 3244 motus:
817 3222 890 3243 cum
914 3221 980 3242 non
1010 3210 1163 3242 succedat
1189 3214 1281 3240 actus
1298 3218 1361 3250 po-

287 3260 416 3295 tentiae,
441 3259 497 3290 sed
521 3264 614 3290 actus
637 3258 735 3288 actui.

331 3303 518 3344 propositio
531 3313 608 3344 ergo
621 3302 730 3334 Sancti
741 3301 891 3332 Thomae
904 3309 969 3341 qua
981 3299 1096 3330 dicitur
1109 3298 1266 3340 quoniam
1275 3298 1362 3338 quod

287 3353 335 3379 est
349 3348 544 3390 quandoque
563 3348 597 3378 in
613 3352 698 3383 actu,
715 3346 910 3388 quandoque
926 3345 959 3375 in
970 3344 1130 3385 potentia,
1153 3347 1362 3373 mensuratur

288 3398 440 3433 tempore,
456 3393 645 3433 intelligitur
668 3392 708 3422 de
724 3401 764 3422 eo
781 3390 872 3431 quod
888 3395 935 3420 est
957 3389 1145 3429 simpliciter
1160 3388 1194 3418 in
1217 3387 1363 3427 potentia

289 3443 320 3468 et
331 3437 544 3478 postmodum
556 3436 593 3468 fit
605 3442 690 3468 actu.
706 3436 802 3475 Quia,
820 3444 896 3465 cum
908 3433 1095 3474 proceditur
1111 3432 1150 3463 de
1165 3432 1312 3473 potentia
1323 3431 1362 3462 ad

288 3488 407 3521 actum,
431 3482 476 3513 ibi
493 3487 540 3513 est
562 3482 700 3513 mutatio
716 3481 827 3520 aliquo
842 3478 955 3518 modo,
971 3477 1109 3509 mutatio
1125 3482 1235 3507 autem
1255 3475 1362 3507 omnis

1408 1341 1549 1380 tempori
1573 1340 1728 1380 subditur,
1753 1347 1808 1372 aut
1831 1341 1961 1371 instanti
1984 1342 2149 1382 temporis,
2174 1341 2295 1372 scilicet
2318 1342 2481 1373 continui:

1409 1394 1477 1415 non
1501 1389 1610 1415 autem
1634 1394 1710 1416 cum
1726 1384 1761 1416 fit
1781 1386 1931 1416 transitus
1955 1386 1994 1416 ab
2010 1395 2078 1416 uno
2095 1391 2169 1416 actu
2193 1385 2232 1416 ad
2248 1386 2357 1423 alium,
2374 1391 2411 1417 ut
2426 1386 2481 1417 sic.

1465 1429 1503 1459 11.
1528 1428 1688 1459 Secundo.
1714 1429 1917 1460 Substantiae
1940 1435 2103 1470 separatae
2119 1436 2195 1461 sunt
2218 1431 2413 1461 substantiae
2435 1432 2483 1461 vi-

1410 1478 1531 1504 ventes.
1556 1474 1626 1504 Nec
1648 1474 1767 1504 habent.
1795 1474 1889 1504 aliam
1920 1475 2145 1515 operationem
2169 1475 2251 1505 vitae
2281 1475 2343 1505 nisi
2365 1475 2483 1506 intelli-

1410 1527 1496 1558 gere.
1520 1518 1607 1558 Ergo
1632 1527 1671 1549 ex
1687 1528 1744 1549 sua
1766 1525 1880 1549 natura
1898 1525 1974 1549 sunt
1989 1528 2116 1559 semper
2131 1519 2344 1559 intelligentes
2360 1525 2444 1550 actu.
2460 1537 2484 1542 -

1410 1563 1569 1594 Probatur
1584 1563 1828 1604 consequentia.
1845 1563 1932 1601 Quia
1947 1564 2054 1594 omnis
2071 1564 2247 1594 substantia
2262 1565 2374 1596 vivens
2388 1565 2484 1595 habet

1412 1607 1555 1647 aliquam
1579 1608 1804 1647 operationem
1828 1608 1911 1638 vitae
1942 1609 1976 1638 in
2007 1614 2082 1639 actu
2113 1617 2151 1638 ex
2182 1618 2239 1639 sua
2262 1614 2375 1639 natura
2400 1618 2483 1649 quae

1411 1652 1494 1682 inest
1518 1652 1548 1682 ei
1571 1661 1714 1692 semper:
1740 1657 1776 1682 ut
1798 1652 1933 1682 nutritio
1956 1653 1989 1682 in
2015 1652 2215 1683 animalibus.

1469 1694 1564 1727 Circa
1579 1694 1757 1727 secundam
1769 1701 1894 1736 partem
1906 1696 2135 1735 antecedentis,
2149 1696 2278 1727 adverte
2295 1696 2395 1736 quod,
2409 1705 2485 1727 cum

1412 1740 1530 1771 dicitur
1552 1741 1764 1772 substantiam
1787 1746 1966 1781 separatam
1988 1741 2112 1771 nullam
2128 1741 2352 1781 operationem
2367 1741 2486 1771 habere

1411 1786 1474 1816 nisi
1496 1785 1682 1826 intelligere,
1706 1795 1764 1826 per
1780 1786 1965 1827 intelligere
1979 1786 2136 1826 accipitur
2151 1786 2259 1816 omnis
2274 1784 2420 1826 operatio
2436 1786 2486 1816 in-

1412 1829 1591 1860 tellectivae
1623 1831 1730 1870 partis,
1761 1840 1830 1861 non
1860 1836 1970 1861 autem
2000 1830 2088 1861 solus
2118 1836 2209 1862 actus
2241 1830 2422 1861 intellectus
2450 1835 2486 1860 ut

1412 1879 1526 1904 contra
1548 1873 1724 1904 voluntatis
1740 1879 1850 1905 actum
1866 1874 2081 1914 distinguitur.
2099 1875 2203 1904 Vocat
2223 1879 2332 1905 autem
2351 1883 2484 1905 omnem

1412 1922 1521 1948 actum
1545 1918 1643 1958 partis
1666 1918 1882 1949 intellectivae
1911 1918 2104 1960 intelligere,
2136 1924 2206 1948 tum
2237 1919 2313 1958 quia
2341 1918 2380 1948 ab
2411 1918 2483 1958 ipso

1412 1962 1512 1993 sumit
1523 1962 1825 1993 denominationem
1837 1971 1910 2002 pars
1922 1963 2134 1999 intellectiva;
2149 1968 2221 1993 tum
2237 1963 2314 2002 quia
2325 1961 2365 1993 ad
2379 1963 2483 2003 ipsam

1412 2006 1472 2037 alia
1496 2007 1654 2047 operatio,
1678 2016 1764 2047 quae
1787 2012 1836 2037 est
1857 2006 2042 2045 voluntatis,
2059 2007 2280 2047 consequitur,
2296 2012 2329 2037 et
2351 2007 2406 2046 sic,
2423 2016 2484 2048 po-

1411 2050 1522 2082 nendo
1545 2051 1655 2091 ipsum
1677 2051 1865 2092 intelligere,
1889 2052 2023 2092 ponitur
2047 2051 2144 2082 etiam
2166 2051 2258 2082 velle.

1470 2105 1500 2126 2.
1517 2096 1638 2126 Tertio.
1651 2095 1854 2127 Substantiae
1870 2101 2044 2136 separatae,
2059 2095 2241 2127 secundum
2256 2095 2483 2136 philosophos,

1411 2145 1546 2171 movent
1561 2149 1699 2181 corpora
1715 2140 1863 2171 caelestia
1878 2150 1936 2181 per
1951 2140 2161 2171 intellectum.
2178 2140 2265 2180 Ergo
2285 2145 2346 2171 etc.
2360 2157 2382 2162 —
2393 2139 2483 2170 Patet

1413 2185 1656 2225 consequentia.
1681 2184 1767 2223 Quia
1791 2184 1844 2215 ille
1867 2189 1977 2215 motus
2001 2194 2129 2225 semper
2152 2189 2200 2215 est
2223 2185 2408 2215 continuus.

1469 2228 1503 2260 Si
1527 2229 1623 2260 etiam
1646 2239 1714 2260 non
1734 2235 1898 2270 ponantur
1913 2238 2045 2259 movere
2062 2238 2199 2269 corpora
2223 2229 2380 2268 caelestia,
2396 2228 2484 2258 idem

1412 2274 1568 2314 sequitur.
1584 2274 1681 2313 Quia,
1705 2274 1731 2304 si
1754 2274 1884 2315 propria
1901 2274 2048 2314 operatio
2065 2274 2210 2313 corporis
2229 2273 2384 2311 caelestis,
2400 2282 2483 2312 quae

1414 2323 1461 2349 est
1483 2324 1593 2349 motus
1616 2319 1728 2359 ipsius,
1748 2324 1795 2349 est
1818 2318 1984 2358 continua,
2007 2318 2112 2348 multo
2142 2318 2245 2358 magis
2275 2324 2308 2348 et
2338 2317 2484 2357 operatio

1412 2364 1544 2404 propria
1567 2363 1817 2395 substantiarum
1840 2368 2069 2403 separatarum,
2099 2371 2183 2402 quae
2211 2367 2259 2392 est
2287 2361 2482 2402 intelligere:

1414 2417 1490 2439 cum
1513 2408 1578 2438 sint
1600 2407 1792 2448 corporibus
1816 2407 2005 2438 caelestibus
2030 2407 2168 2438 altiores.

1470 2452 1498 2482 3.
1527 2452 1666 2489 Quarto.
1689 2451 1892 2482 Substantiae
1916 2456 2078 2492 separatae
2099 2461 2167 2482 non
2187 2455 2360 2481 moventur
2376 2459 2484 2490 neque

1413 2506 1471 2537 per
1486 2505 1520 2527 se
1535 2506 1644 2537 neque
1660 2505 1718 2536 per
1733 2495 1896 2526 accidens:
1915 2505 1991 2526 curn
2007 2504 2116 2535 neque
2131 2495 2194 2525 sint
2210 2504 2357 2535 corpora,
2375 2503 2484 2533 neque

1413 2542 1546 2571 virtutes
1568 2542 1603 2572 in
1631 2549 1779 2580 corpore.
1811 2540 1897 2580 Ergo
1926 2546 1986 2570 etc.
2011 2558 2034 2562 -
2055 2540 2213 2570 Probatur
2240 2539 2482 2578 consequentia.

1414 2586 1501 2623 Quia
1524 2594 1623 2616 omne
1654 2584 1746 2625 quod
1772 2584 1972 2624 quandoque
2002 2590 2164 2624 operatur,
2189 2583 2388 2623 quandoque
2414 2592 2484 2614 non

1414 2635 1576 2670 operatur,
1600 2634 1751 2660 movetur
1774 2638 1832 2670 per
1855 2638 1888 2660 se
1916 2629 1967 2660 vel
1999 2638 2056 2669 per
2083 2627 2247 2659 accidens:
2273 2633 2308 2658 ut
2339 2632 2426 2668 patet
2449 2627 2484 2657 in

1413 2674 1518 2713 nobis,
1542 2680 1578 2704 ut
1602 2673 1718 2704 dicitur
1740 2673 1813 2703 VIII
1837 2673 2062 2714 Physicorum.

1469 2718 1609 2749 Adverte
1626 2717 1717 2758 quod
1733 2718 1791 2748 ista
1806 2718 1888 2748 ratio
1905 2722 2033 2758 sumpta
2050 2722 2098 2747 est
2114 2726 2151 2747 ex
2167 2716 2240 2747 VIII
2256 2716 2482 2757 ffiysicorum,

1413 2763 1479 2802 ubi,
1503 2768 1579 2794 text.
1599 2763 1652 2801 51,
1671 2761 1812 2793 ostendit
1827 2762 2017 2792 Aristoteles
2033 2761 2151 2792 animal
2172 2771 2210 2792 ex
2233 2770 2267 2791 se
2284 2760 2484 2801 quandoque

1412 2808 1548 2846 moveri,
1572 2806 1772 2847 quandoque
1794 2815 1872 2837 vero
1897 2807 2073 2846 quiescere,
2097 2806 2291 2846 inquantum
2314 2810 2424 2835 motor
2444 2805 2484 2834 ab

1413 2853 1525 2893 aliquo
1540 2857 1702 2890 movetur,
1715 2857 1748 2882 et
1762 2850 1963 2892 quandoque
1974 2860 2043 2882 non
2054 2856 2214 2882 movetur.
2232 2850 2382 2881 Similiter
2398 2850 2484 2880 enim

1413 2898 1466 2928 hic
1489 2896 1593 2937 arguit
1615 2896 1752 2928 Sanctus
1780 2896 1943 2926 Thomas:
1968 2905 2044 2927 cum
2067 2895 2245 2935 intelligere
2267 2895 2307 2925 sit
2337 2894 2484 2935 operatio

1413 2941 1609 2972 substantiae
1640 2940 1865 2972 intellectualis
1895 2939 1936 2971 ad
1964 2949 2063 2981 quam
2093 2939 2278 2970 naturaliter
2308 2938 2483 2977 ordinatur,

1413 2985 1504 3027 quod
1520 2985 1580 3016 sibi
1596 2984 1796 3026 quandoque
1813 2985 1994 3024 conveniat,
2011 2983 2209 3025 quandoque
2224 2992 2302 3013 vero
2317 2992 2386 3013 non
2405 2991 2484 3012 con-

1413 3031 1530 3069 veniat,
1553 3039 1623 3060 non
1646 3034 1755 3070 potest
1777 3030 1949 3070 provenire
1963 3029 2025 3059 nisi
2050 3029 2126 3068 quia
2148 3029 2218 3069 ipsa
2241 3027 2416 3058 substantia
2435 3035 2484 3057 se-

1413 3080 1523 3116 parata
1541 3073 1716 3115 aliquando
1732 3078 1911 3112 moveatur,
1928 3073 2103 3113 aliquando
2119 3082 2188 3103 non
2206 3077 2392 3108 moveatur3
2408 3071 2486 3111 quia

1414 3119 1590 3160 aliquando
1614 3127 1682 3150 uno
1698 3118 1801 3149 modo
1825 3127 1858 3149 se
1882 3118 1988 3157 habet,
2004 3117 2179 3157 aliquando
2195 3126 2273 3147 vero
2290 3116 2354 3147 aiio
2370 3115 2483 3147 modo.

1470 3163 1504 3195 Si
1530 3169 1640 3195 autem
1668 3163 1827 3195 diceretur
1853 3162 1945 3202 quod
1973 3163 2038 3193 hoc
2069 3162 2195 3202 operari
2223 3165 2330 3201 potest
2356 3160 2485 3191 libertas

1414 3208 1601 3247 voluntatis,
1625 3206 1807 3239 secundum
1823 3216 1923 3247 quam
1939 3206 2114 3247 aliquando
2130 3205 2199 3239 vult
2222 3205 2409 3244 intelligere,
2427 3204 2483 3235 ali-

1415 3252 1548 3294 quando
1572 3252 1642 3283 vult
1664 3262 1732 3282 non
1755 3251 1950 3291 intelligere:
1966 3269 1989 3273 —
2005 3249 2219 3291 respondetur
2243 3248 2334 3290 quod
2356 3248 2485 3279 libertas

1415 3306 1483 3328 non
1508 3302 1660 3338 operatur
1684 3295 1723 3327 ad
1746 3295 1924 3335 intelligere
1940 3295 1991 3325 vel
2006 3303 2076 3327 non
2095 3294 2273 3334 intelligere
2289 3293 2485 3324 substantiae

1416 3347 1579 3383 separatae
1603 3341 1760 3379 absolute,
1784 3340 1860 3370 licet
1886 3345 2039 3380 operetur
2062 3338 2102 3370 ad
2125 3338 2303 3378 intelligere
2332 3342 2388 3368 aut
2416 3343 2492 3367 non*

1415 3386 1593 3427 intelligere
1608 3386 1704 3416 huius
1720 3385 1767 3415 rei
1782 3384 2011 3415 determinatae
2027 3389 2082 3414 aut
2097 3383 2192 3413 illius.
2205 3382 2308 3413 Cuius
2324 3383 2405 3412 ratio
2422 3386 2484 3412 est:

1415 3431 1492 3472 quia
1503 3430 1544 3462 ad
1556 3436 1666 3461 actum
1676 3428 1876 3469 intelligendi
1887 3428 2072 3459 naturaliter
2083 3426 2258 3466 ordinatur,
2270 3427 2335 3457 iam
2347 3426 2486 3467 seipsam

1416 3481 1448 3507 et
1469 3475 1578 3506 Deum
1601 3473 1785 3505 naturaliter
1808 3472 1966 3512 intelligit,
1990 3472 2050 3503 alia
2073 3481 2151 3503 vero
2174 3471 2283 3502 libere.

1337 3601 1442 3634 mm,

2504 766 2512 775 ·
2528 764 2586 793 Cap.
2604 771 2636 791 vl,
2652 771 2675 787 n.
2692 771 2717 791 73

2504 791 2574 813 sfrh.
2584 792 2599 813 l.
2607 798 2638 820 ¹3·
2646 803 2657 807 -
2664 790 2719 814 Vid.

2504 824 2573 866 {imre
2588 818 2627 840 lib.
2638 818 2655 843 l,
2667 824 2718 846 cap.
