2548 4224
291 1638 449 1691 Porro
486 1655 687 1689 summo
724 1634 888 1687 studio
925 1633 992 1686 ab
1027 1631 1301 1685 editoribus
1340 1641 1580 1684 conatum
1620 1641 1696 1684 est
1733 1640 1789 1683 ut
1831 1629 1899 1684 ad
1936 1629 2175 1684 effectum
2219 1629 2375 1684 duce-

149 1730 318 1773 rentur
354 1737 482 1785 quae
520 1716 653 1769 idem
692 1713 1087 1783 sapientissimus
1126 1710 1361 1764 Pontifex
1399 1722 1645 1779 tanquam
1684 1730 1921 1764 normam
1960 1710 2287 1780 praescripsit
2324 1709 2378 1764 in

148 1799 388 1852 cudendis
435 1797 669 1866 operibus
717 1795 888 1848 Sancti
926 1794 1162 1847 Thomae
1206 1793 1549 1860 sequendam:
1602 1803 1657 1845 ut
1705 1811 1895 1862 nempe
1941 1791 2151 1862 optimis
2197 1790 2378 1846 formis

149 1881 417 1933 litterarum
455 1878 866 1947 exprimerentur,
908 1885 1238 1942 accurateque
1277 1874 1688 1943 emendarentur,
1724 1874 1784 1927 iis
1822 1873 1977 1927 etiam
2014 1873 2253 1928 adhibitis
2291 1893 2378 1928 co-

149 1962 316 2015 dicum
355 1979 506 2012 manu
545 1959 843 2027 scriptorum
870 1956 1103 2010 subsidiis
1142 1976 1272 2024 quae
1298 1966 1463 2009 aetate
1501 1955 1596 2008 hac
1629 1966 1803 2008 nostra
1840 1955 1892 2008 in
1930 1955 2099 2008 lucem
2137 1966 2189 2009 et
2225 1974 2380 2010 usum

150 2041 342 2110 prolata
360 2051 489 2092 sunt.
515 2039 647 2092 Inter
666 2059 795 2107 quae
815 2058 1014 2090 summe
1033 2037 1239 2106 eminet,
1259 2037 1337 2090 vel
1360 2037 1548 2106 potiuS,
1572 2037 1620 2090 ni
1647 2047 1853 2106 tempus
1879 2036 2112 2090 invidum
2133 2055 2380 2108 magnam

149 2122 254 2175 eius
292 2131 485 2190 partem
524 2119 668 2173 nobis
695 2119 973 2188 eripuisset,
1005 2119 1170 2172 solum
1209 2118 1507 2187 suffecisset,
1539 2117 1710 2187 ipsum
1747 2117 1907 2171 divini
1933 2117 2185 2172 Auctoris
2204 2118 2380 2173 Auto-

148 2203 417 2273 graphum,
447 2201 603 2270 quod,
640 2220 701 2254 ex
726 2200 1034 2270 benignitate
1072 2199 1198 2253 TUI
1238 2199 1645 2269 praedecessoris
1683 2198 1760 2253 Pii
1787 2198 1842 2252 X
1881 2210 1931 2253 et
1968 2198 2156 2271 TUA,
2200 2200 2382 2256 datum

150 2294 226 2336 est
263 2282 407 2335 nobis
432 2302 633 2356 semper
671 2282 720 2335 in
752 2282 982 2334 manibus
1021 2282 1206 2334 habere
1245 2292 1294 2334 et
1332 2301 1494 2349 usque
1532 2281 1600 2335 ad
1627 2280 1840 2334 minima
1877 2281 2109 2335 scrutari.
2154 2280 2226 2336 Et
2263 2281 2385 2351 quia

152 2363 332 2418 Codex
370 2363 449 2416 ille
486 2383 587 2415 non
625 2363 789 2416 solum
815 2383 944 2432 opus
970 2363 1254 2416 ultimatum
1282 2363 1502 2433 exhibet,
1535 2363 1628 2416 sed
1655 2373 1715 2416 .et
1752 2362 1945 2434 gradus
1971 2362 2159 2417 indicat
2196 2363 2385 2435 quibus

151 2466 182 2498 a
218 2446 354 2498 bono
391 2465 549 2513 usque
585 2445 651 2497 ad
697 2443 975 2513 perfectum
1022 2445 1298 2498 deductum
1338 2444 1446 2514 suit,
1491 2464 1847 2514 quaecumque
1886 2444 2107 2499 Sanctus
2145 2444 2384 2500 Thomas

152 2526 480 2595 perpoliendo
518 2526 702 2594 reiecit,
745 2526 947 2595 delevit,
991 2526 1221 2596 mutavit,
1252 2527 1302 2579 in
1337 2526 1710 2596 Appendicem
1748 2525 2070 2597 collegimuS‚
2113 2547 2219 2596 quo
2257 2527 2384 2583 inte-

152 2626 300 2676 grum
327 2606 410 2659 fiat
435 2606 658 2660 studioso
684 2607 733 2660 in
759 2607 1105 2676 operationem
1145 2608 1373 2661 intimam
1401 2608 1529 2661 illius
1555 2607 1845 2677 praeclarae
1885 2608 2069 2663 mentis
2094 2619 2382 2679 penetrare.

296 2688 526 2758 Dignare
572 2689 737 2759 igitur,
791 2688 1052 2742 PATER
1103 2689 1636 2758 SANCTISSIME,
1691 2690 1924 2760 accipere
1970 2690 2196 2762 benigne
2240 2680 2387 2760 ‘quod

155 2769 391 2822 Veritatis
429 2769 761 2824 CUSTODI
799 2781 849 2823 et
874 2791 1132 2824 sacrorum
1159 2771 1440 2826 studiorum
1481 2770 1768 2827 VINDICI
1807 2772 1949 2826 omni
1975 2772 2120 2826 titulo
2145 2772 2382 2827 debetur:

156 2850 313 2903 immo
338 2851 476 2918 quod
512 2851 612 2904 iam
651 2852 979 2904 successionis
1018 2852 1122 2906 iure
1160 2852 1379 2907 TUUM
1419 2864 1513 2922 est,
1558 2853 1692 2924 QUI
1731 2874 1864 2923 opus
1901 2854 2038 2926 typis
2064 2853 2387 2924 exprimendi

157 2931 340 3000 scripta
364 2931 605 2984 Doctoris
628 2932 887 3002 Angelici,
918 2935 1056 3001 quod
1081 2934 1330 3004 gloriosus
1356 2935 1595 2989 decessor
1632 2934 1835 2990 TUUS
1873 2934 2082 2990 feliciter
2107 2935 2383 3008 inchoavit,

157 3012 447 3065 auctoritate
471 3012 634 3066 TUA
660 3014 883 3084 protegis
910 3025 957 3067 et
982 3026 1250 3068 sustentas.
1283 3016 1448 3070 Nobis
1473 3037 1598 3070 vero
1629 3028 1684 3070 ut
1708 3017 2121 3071 benedictionem
2147 3016 2387 3088 Aposto-

158 3092 305 3145 licam
342 3092 657 3162 impertiariS,
706 3095 771 3147 ad
815 3095 971 3163 pedes
1017 3095 1222 3150 TUOS
1269 3097 1521 3151 humiliter
1558 3098 1815 3168 prostrati,
1858 3098 2006 3152 enixe
2044 3098 2383 3169 postulatum,

161 3172 543 3227 Collaborantes
580 3173 805 3227 Editioni
844 3175 1106 3230 Leoninae
1144 3177 1383 3246 Operum
1429 3179 1603 3232 Sancti
1641 3179 1882 3234 Thomae
1919 3180 2222 3250 AquinatiS,
2263 3178 2387 3234 An-

163 3252 305 3321 gelici
341 3252 600 3307 Ecclesiae
637 3253 895 3324 DoctoriS,
939 3267 987 3308 et
1024 3255 1227 3310 Patroni
1267 3258 1518 3313 Coelestis
1557 3260 1842 3315 studiorum
1881 3261 2216 3331 optimorum.
