2716 4302
41 553 66 570 u
77 554 90 568 v
104 553 118 568 ι
133 552 172 574 mg
185 547 227 569 inf.

41 1326 89 1345 nv
101 1326 115 1343 ι
129 1325 170 1349 ng
184 1320 227 1343 int.

36 1684 74 1709 Ιδ.
88 1683 105 1707 b
118 1689 160 1713 ιι.
173 1684 217 1708 inf.

41 2664 67 2688 ις
76 2664 88 2680 r
97 2658 111 2680 b
124 2652 255 2686 17-p.1'44.

37 2716 49 2727 ·
65 2715 120 2738 Via.
134 2715 165 2737 ad
181 2715 228 2737 loe.

41 3958 148 3981 13V22.

1260 156 1526 194 APPENDIX

285 235 368 261 lectus
388 234 492 260 divinus
507 235 533 261 in
553 238 668 263 essentia
680 245 727 263 sua
746 239 844 264 invenit
862 239 1004 273 perfectam
1023 239 1213 272 sufficientiam,
1233 247 1274 267 est
1291 242 1361 267 enim

284 287 437 320 simpliciter
455 287 578 320 perfecta,
590 294 618 314 ut
638 297 718 322 supra
729 295 866 316 ostensum
885 295 934 316 est.
953 292 1012 317 Non
1030 292 1108 326 igitur
1120 301 1152 318 ex
1169 301 1200 319 ea
1218 294 1244 319 in
1263 294 1361 327 aliquid

283 337 354 362 aliud
373 337 500 363 discurrit.
519 338 535 371 g
555 338 668 364 Rursus.
681 340 776 366 Omnis
793 341 939 367 intellectus
959 342 991 367 ab
1003 351 1058 368 uno
1077 343 1102 368 in
1121 343 1192 369 eliud
1211 344 1360 370 discurrens

284 393 327 414 est
338 389 364 414 in
377 391 501 422 potentia,
514 391 697 417 conclusiones
711 393 780 418 enim
799 393 832 418 ab
851 394 982 420 intellectu
1002 395 1164 421 discurrente
1183 397 1208 421 in
1227 396 1360 430 principiis

283 439 371 464 solum
390 441 506 473 potentia
524 448 726 474 cognoscuntur.
745 443 797 468 Sed
817 444 966 470 intellectus
984 445 1092 471 divinus
1111 446 1136 471 in
1157 446 1213 472 Deo
1230 448 1302 472 nulla
1320 453 1360 473 est

284 491 408 523 potentia,
428 497 456 517 ut
475 500 555 526 supra
574 493 712 527 probatum
732 501 780 520 est.
800 495 858 520 Non
877 501 918 521 est
939 504 1002 530 ergo
1020 497 1166 523 intellectus
1185 498 1241 523 eius
1261 498 1359 524 discur-

266 543 364 568 vsivus.
391 543 405 558 ¹¹
419 543 435 576 ᾖ
449 543 552 570 Adhuc.
577 545 672 571 Omnis
695 546 803 571 scientia
827 554 896 580 quae
923 547 1034 572 habetur
1060 556 1108 581 per
1135 549 1291 580 discursum,
1319 554 1360 574 est

283 595 390 621 scientia
408 601 522 627 causata,
541 604 602 622 nam
621 597 770 623 intellectus
789 598 975 631 principiorum
995 607 1074 624 causa
1093 605 1134 625 est
1152 600 1275 626 scientiae
1297 608 1360 626 con—

283 646 418 672 clusionis.
433 647 459 672 Si
472 654 536 680 ergo
548 647 621 672 Deus
632 648 719 681 aliqua
732 649 903 675 discurrendo
915 656 1093 682 cognosceret,
1106 657 1177 676 esset
1188 651 1214 676 in
1228 659 1260 676 eo
1273 651 1360 685 aliqua

283 697 389 723 scientia
403 703 516 724 causata.
529 699 583 724 Sua
594 704 681 724 autem
694 700 808 725 essentia
821 709 873 725 non
887 707 927 726 est
945 707 1058 733 causata,
1078 708 1106 727 ut
1124 710 1203 736 supra
1221 708 1359 729 ostensum

283 753 333 774 est.
350 748 424 773 Talis
442 755 506 781 ergo
525 749 632 775 scientia
650 758 703 775 non
724 756 796 776 esset
813 759 861 776 sua
879 752 1000 783 essentia,
1020 758 1046 777 et
1063 752 1102 778 sic
1119 753 1191 779 Deus
1209 759 1280 779 esset
1298 754 1360 779 sub-

283 798 380 824 iectum
399 800 548 830 accidentis.
563 802 638 826 cuius
651 802 808 827 contrarium
822 811 902 836 supra
919 809 1058 829 ostensum
1076 809 1125 830 est.
1144 804 1161 837 5
1174 804 1248 830 Item.
1267 805 1363 831 Notitia

283 858 352 884 quae
371 851 448 876 nobis
467 853 619 877 naturaliter
637 853 712 884 inest,
731 853 834 886 absque
852 854 972 879 discursu
992 861 1007 879 a
1025 854 1101 879 nobis
1123 854 1244 888 habetur,
1263 857 1295 882 ad
1317 865 1362 882 co-

283 903 434 935 gnoscenda
453 903 523 928 enim
546 903 672 937 principia
693 905 844 930 naturaliter
869 905 972 938 cognita
995 906 1060 931 ratio
1085 914 1138 931 non
1162 907 1291 934 discurrit.
1309 909 1360 934 Sed

283 953 404 979 omnium
417 962 486 988 quae
505 955 577 980 Deus
590 956 726 989 cognoscit
743 956 833 982 notitia
852 965 905 982 non
918 958 1006 982 solum
1021 963 1062 983 est
1079 958 1102 983 ei
1127 959 1260 990 naturalis,
1279 960 1362 985 immo

283 1011 325 1031 est
342 1006 398 1031 eius
418 1011 517 1036 natura.
530 1012 559 1031 ut
571 1012 708 1032 ostensum
722 1013 770 1033 est.
790 1007 859 1033 Nihil
873 1016 936 1041 ergo
949 1008 1093 1035 discursive
1105 1011 1247 1043 cognoscit.
1266 1011 1282 1044 ξ
1296 1011 1362 1036 Huic

283 1063 421 1083 attestatur
439 1059 511 1092 quod
530 1059 581 1084 dio.
602 1059 662 1084 dicit
679 1067 715 1085 v11
728 1067 754 1086 c.
773 1060 805 1085 de
824 1060 858 1086 di.
879 1068 920 1085 no.

459 1167 552 1202 Quor>
574 1175 604 1195 m
629 1169 682 1196 Dm
702 1176 828 1196 ΝοτιτιΑ
851 1176 913 1197 sos
935 1177 987 1197 Esi-
1010 1177 1177 1198 successio.

388 1227 555 1265 Capituhcm
579 1229 717 1267 margIne
745 1229 885 1266 inferiori
906 1229 1047 1257 fruet-tum
1070 1235 1098 1257 et
1119 1230 1258 1258 deletum.

330 1317 345 1333 ⁸
358 1315 374 1353 5
387 1317 425 1343 Ex
443 1317 501 1345 hoe
519 1323 609 1344 autem
629 1319 702 1352 quod
721 1318 769 1344 Dei
793 1319 882 1344 notitia
905 1327 958 1344 non
985 1325 1025 1344 est
1050 1319 1202 1351 discursive,
1227 1320 1362 1345 manifeste

283 1358 390 1403 apparet
409 1370 482 1403 quod
501 1369 527 1394 in
550 1377 581 1395 ea
600 1378 652 1395 non
672 1375 714 1395 est
731 1371 874 1400 successio.
899 1378 959 1396 nam
978 1378 1007 1396 ex
1028 1371 1078 1396 hoc
1098 1371 1244 1396 intellectus
1264 1372 1363 1397 discur—

282 1420 356 1446 sivus
375 1427 416 1446 est
429 1421 500 1454 quod
513 1429 597 1446 unum
617 1422 690 1454 prius
708 1426 735 1446 et
753 1422 824 1447 aliud
843 1422 975 1455 posterius
994 1423 1129 1455 cognoscit
1146 1424 1188 1448 vel
1207 1424 1363 1450 considerat.

257 1503 259 1505 Ι
282 1472 300 1506 ᾖ
313 1472 414 1500 Adhuc.
428 1473 478 1498 Ubi
498 1473 570 1498 nulla
589 1477 631 1498 est
649 1473 794 1503 diversitas,
808 1480 860 1498 non
879 1478 968 1506 potest
979 1480 1040 1499 esse
1053 1475 1194 1506 successio,
1213 1476 1275 1508 quia
1293 1475 1363 1500 idem

282 1531 335 1548 non
359 1529 400 1549 est
419 1525 493 1558 prius
515 1525 615 1558 seipso.
635 1524 687 1549 Sed
706 1524 850 1557 intelligere
875 1524 921 1549 Dei
944 1529 985 1550 est
1002 1532 1054 1550 una
1079 1530 1104 1550 et
1129 1526 1221 1551 endem
1246 1526 1364 1559 operatio

282 1575 384 1601 nullam
402 1576 578 1602 diversitatem
598 1575 707 1607 habens,
720 1583 781 1600 cum
800 1576 834 1601 sit
852 1575 910 1608 ipsa
927 1575 1014 1601 divina
1033 1577 1154 1608 essentia,
1174 1585 1243 1610 quae
1261 1582 1302 1602 est
1313 1585 1365 1602 una

282 1630 309 1652 et
330 1626 450 1660 simplex,
470 1632 500 1652 ut
523 1626 662 1660 probatum
682 1631 731 1652 est.
757 1626 816 1651 Non
835 1633 900 1659 ergo
918 1626 1037 1659 intelligit
1056 1627 1154 1660 aliquid
1178 1628 1250 1660 prius
1274 1633 1300 1653 et
1318 1629 1364 1653 ali-

282 1678 346 1712 quid
367 1679 509 1712 posterius.
534 1678 549 1694 ‘
563 1677 580 1711 g
594 1677 739 1703 Praeterea.
763 1677 847 1702 Simul
871 1684 915 1702 res
940 1678 1108 1710 cognoscitur
1131 1685 1191 1703 cum
1216 1678 1363 1704 intellectus

282 1730 468 1764 cognoscibilis
481 1730 570 1763 specie
587 1729 742 1754 informatur
761 1728 794 1753 Si
813 1733 843 1754 ut
861 1733 932 1762 patet
951 1729 976 1754 in
995 1729 1064 1755 visu.
1077 1729 1103 1754 Si
1117 1737 1180 1762 ergo
1200 1729 1270 1754 Deus
1291 1730 1363 1763 prius

282 1787 454 1817 cognosceret
476 1789 558 1808 unum
584 1789 666 1815 quam
685 1781 764 1810 aliud.
783 1781 856 1814 prius
875 1781 1061 1806 informaretur
1079 1781 1166 1814 specie
1185 1781 1263 1807 unius
1283 1790 1362 1815 quam

282 1833 371 1867 specie
396 1833 511 1863 alterius,
534 1837 560 1857 et
587 1832 624 1857 sic
648 1831 796 1857 intellectus
821 1831 878 1856 eius
897 1831 1081 1856 informaretur
1099 1832 1148 1857 alia
1167 1832 1255 1865 specie
1282 1841 1363 1866 quam

283 1891 332 1911 sua
345 1885 468 1910 essentia.
486 1883 503 1917 g
516 1884 589 1909 ltern.
608 1883 708 1908 Eadem
728 1888 769 1908 est
787 1873 924 1916 dispositio
937 1882 962 1907 in
975 1890 1035 1908 esse
1047 1888 1074 1908 et
1086 1883 1202 1914 veritate,
1217 1884 1363 1909 secundum

283 1935 472 1971 philosophum
498 1935 524 1960 in
549 1925 667 1960 secun'do
686 1934 810 1966 metaph„
835 1938 861 1959 et
883 1941 931 1967 per
954 1941 1123 1967 consequens
1147 1934 1174 1959 in
1198 1935 1313 1960 essendo
1337 1940 1363 1960 ει

283 1987 477 2022 cognoscendo,
491 1994 552 2012 nam
571 1986 782 2019 unumquodque
796 1984 932 2018 cognoscit
949 1985 1105 2018 inquantum
1119 1990 1160 2010 est
1173 1990 1239 2016 actu,
1259 1990 1288 2010 ut
1300 1993 1363 2019 pro·

284 2040 360 2066 batur
384 2039 411 2064 in
434 2047 460 2064 xx
485 2037 602 2071 metaph.
627 2037 678 2062 Sed
702 2037 761 2062 talis
787 2041 827 2061 est
852 2036 988 2068 dispositio
1010 2037 1035 2062 in
1061 2037 1175 2062 essendo
1197 2037 1269 2070 quod
1290 2037 1362 2063 Deus

285 2090 404 2116 similiter
426 2098 456 2116 se
475 2089 555 2115 habet
577 2089 608 2114 ad
627 2089 724 2117 omnia,
744 2095 797 2113 non
816 2092 904 2112 autem
924 2087 1011 2112 omnia
1031 2087 1150 2113 similiter
1169 2088 1200 2112 ad
1220 2087 1315 2121 ipsum,
1335 2093 1363 2113 ut

284 2147 356 2176 patet
377 2143 403 2168 in
427 2141 495 2167 libro
514 2142 546 2166 de
565 2140 660 2166 causis.
680 2140 752 2173 Ergo
765 2145 790 2164 et
808 2139 955 2164 intellectus
974 2139 1030 2164 eius
1049 2138 1168 2164 similiter
1186 2146 1216 2164 se
1234 2139 1312 2164 habet
1331 2139 1363 2164 ad

283 2194 372 2220 omnia
391 2201 460 2227 quae
479 2191 623 2226 cognoscit,
637 2199 690 2216 non
709 2198 756 2224 per
775 2190 847 2223 prius
867 2195 893 2215 et
911 2189 1051 2223 posterius.
1070 2190 1123 2215 Sed
1137 2190 1238 2222 cognita
1258 2198 1311 2214 non
1330 2191 1364 2215 si-

284 2247 380 2273 militer
398 2254 428 2272 se
446 2245 544 2271 habent
562 2245 595 2270 ad
614 2244 710 2277 ipsum,
735 2251 796 2269 nam
821 2251 868 2276 per
890 2243 963 2275 prius
987 2242 1019 2267 ab
1045 2250 1078 2267 eo
1101 2241 1224 2275 cognosci
1243 2241 1364 2266 dicuntur

285 2306 353 2333 quae
371 2297 456 2332 magis
475 2297 601 2322 accedunt
627 2296 659 2321 ad
683 2295 826 2329 perfectam
847 2294 975 2320 rationem
994 2293 1231 2326 cognoscibilitntis,
1251 2300 1319 2326 quae
1337 2294 1363 2318 in

284 2357 332 2376 sua
351 2349 464 2375 essentia
478 2355 584 2374 summe
603 2347 742 2372 invenitur.
763 2346 795 2371 Et
810 2350 916 2378 propter
934 2345 985 2370 hoc
1004 2345 1060 2378 ipsa
1080 2349 1121 2369 est
1140 2345 1253 2377 primum
1273 2352 1288 2369 a
1307 2344 1364 2369 Deo

284 2402 427 2435 cognitum.

356 2501 438 2542 Cap.
464 2501 500 2531 L.
526 2499 622 2538 Quot>
649 2499 735 2529 Dans
759 2508 861 2528 ΗΑΒΕΤ
889 2507 1046 2528 psoram!
1070 2506 1287 2527 cooxt‘rtosssn

657 2561 697 2580 οε
723 2560 857 2581 ominans
887 2559 992 2580 nasus.

329 2655 347 2694 §
363 2654 450 2692 Quia
466 2662 544 2684 vero
561 2651 695 2693 quidam
708 2675 715 2682 .
731 2675 737 2682 .
753 2657 801 2682 ‚et
817 2661 835 2681 a
851 2651 934 2681 Deo.
951 2649 1052 2688 Quod
1069 2655 1117 2679 est
1133 2658 1331 2689 cognoscere
1348 2659 1365 2679 s

283 2715 334 2737 res
358 2704 567 2748 (secundum)
585 2704 733 2745 proprias
752 2703 894 2733 rationes
911 2711 1020 2732 earum
1037 2703 1064 2732 *.
1088 2705 1144 2729 Aut
1162 2704 1232 2729 em'm
1251 2704 1307 2736 ipse
1325 2708 1365 2729 est

284 2760 443 2786 immediata
455 2767 538 2785 causa
552 2759 672 2784 omnium
687 2766 787 2787 rerum,
801 2762 850 2782 aut
870 2757 1050 2782 mediantibus
1063 2756 1126 2782 aliis
1138 2760 1179 2782 est
1197 2764 1280 2782 causa
1297 2757 1364 2782 alio-

283 2820 354 2837 rum.
367 2812 492 2836 Ponatur
509 2817 576 2843 ergo
591 2810 683 2842 primo
702 2805 754 2836 Ad
770 2806 866 2836 huius
883 2810 991 2835 autem
1008 2806 1240 2841 ostensionem,
1258 2805 1364 2835 Deum

284 2869 353 2890 esse
377 2867 508 2889 causam
527 2857 636 2888 omnis
660 2857 742 2887 entis
767 2854 1009 2897 (supponatur),
1034 2855 1124 2895 quod
1149 2862 1179 2886 et
1207 2865 1244 2886 ex
1269 2866 1365 2897 supra

284 2912 378 2943 dictis
390 2911 596 2951 aliquatenus
613 2914 700 2949 patet
717 2915 748 2938 et
764 2907 846 2938 infra
862 2908 990 2948 plenius
1003 2907 1202 2938 ostendetur,
1222 2912 1275 2936 Aut
1288 2912 1366 2944 igitur

284 2975 364 2993 causa
388 2971 428 2991 est
445 2965 565 2990 omnium
585 2964 744 2994 immediate,
767 2968 811 2988 aut
832 2963 997 2996 quorundam
1024 2962 1198 2987 mediantibus
1221 2963 1289 2988 aliis.
1311 2959 1363 2990 Sic

283 3016 381 3057 igitur
391 3039 398 3045 .
412 3038 420 3045 .
432 3037 439 3045 .
454 3012 640 3044 immediate
654 3018 712 3043 est.
726 3012 804 3050 Quo
818 3012 950 3051 cognito
964 3011 1260 3051 cognoscititerum
1274 3011 1364 3051 quod

283 3069 323 3099 ab
346 3067 403 3098 illo
427 3064 613 3096 immediate
638 3070 695 3094 est.
721 3064 762 3094 Et
786 3064 830 3093 sic
845 3087 851 3093 .
865 3085 872 3093 .
888 3087 894 3094 .
911 3062 1064 3093 ultimum
1089 3061 1250 3092 effectum.
1276 3063 1362 3103 Ergo

283 3121 373 3151 Deus
390 3118 560 3159 cognoscit
584 3115 744 3157 quicquid
768 3121 815 3146 est
839 3117 872 3145 in
896 3125 940 3145 re.
966 3118 1021 3143 Sed
1039 3118 1157 3151 cognitis
1174 3118 1264 3143 omnib
1288 3115 1362 3145 Hoc

283 3177 393 3202 autem
425 3175 472 3200 est
503 3169 620 3198 habere
657 3167 822 3207 propriam
850 3171 882 3196 et
911 3165 1108 3205 completam
1140 3166 1361 3205 cognitionem

283 3227 317 3252 de
347 3225 469 3251 omnibus
492 3219 531 3250 de
561 3228 604 3253 re,
634 3227 833 3258 cognoscere
864 3216 985 3246 scilicet
1016 3216 1127 3246 omnia
1155 3225 1239 3255 quae
1267 3216 1301 3245 in
1328 3225 1361 3246 re

283 3280 359 3305 sunt
375 3271 564 3304 communia
581 3276 613 3301 et
633 3269 773 3310 propria.
792 3268 880 3298 Deus
901 3266 991 3308 (ergo
1012 3266 1249 3307 propriam).de
1266 3267 1361 3297 rebus

283 3330 431 3355 distinctam
450 3323 675 3363 cognitionem
698 3321 794 3350 habet
817 3318 998 3349 secundum
1016 3317 1106 3358 quod
1123 3323 1197 3347 sunt
1217 3318 1255 3347 ab
1279 3318 1361 3347 invi-

283 3386 355 3408 cem
368 3375 546 3406 distinctae.
560 3375 578 3412 §
597 3371 725 3403 Adhuc.
743 3371 851 3401 Omne
868 3369 958 3410 quod
975 3370 1039 3409 agit
1106 3368 1244 3398 formam
1262 3367 1358 3399 facto.

283 3428 373 3459 Deus
397 3431 506 3457 autem
530 3434 626 3455 causa
650 3429 697 3453 est
720 3431 826 3453 rerum
851 3430 908 3461 per
931 3419 1132 3450 intellectum
1147 3423 1272 3456 potentia
1290 3424 1360 3448 enim

284 3483 370 3508 intelli
383 3489 443 3507 cum
459 3482 493 3506 sit
505 3480 687 3505 intellectualis
699 3479 844 3504 secundum
859 3485 933 3502 suam
947 3476 1087 3501 essentiam
1101 3477 1256 3509 intelligens,
1267 3485 1361 3502 unum-

284 3535 410 3568 quodque
429 3532 533 3565 <enim>
554 3531 665 3566 (autem)
680 3531 733 3564 agit
745 3530 889 3555 secundum
904 3529 1012 3554 modum
1031 3537 1095 3554 suae
1114 3529 1243 3554 essentiae
1272 3524 1362 3567 (cum

283 3592 381 3614 suurn
402 3592 471 3613 esse
495 3582 535 3612 sit
558 3590 656 3611 suum
679 3579 866 3619 intelligere,
885 3577 1147 3617 unumquodque
1171 3583 1280 3607 autem
1297 3578 1361 3617 agit

283 3635 316 3665 in
330 3639 490 3674 quantum
503 3638 550 3663 est
563 3631 662 3672 actu.)
677 3631 856 3671 Cognoscit
869 3630 964 3669 igitur
977 3634 1144 3659 causatum
1161 3638 1255 3658 suum
1271 3629 1360 3668 (pro-

283 3684 366 3727 prie)
391 3683 574 3715 secundum
597 3682 689 3723 quod
713 3688 760 3713 est
783 3682 970 3712 distinctum
991 3680 1030 3710 ab
1055 3680 1133 3710 aliis.
1158 3681 1176 3718 ξ
1199 3679 1359 3720 Amplius.

283 3738 406 3767 Rerum
423 3735 587 3766 distinctio
603 3744 671 3765 non
689 3739 797 3774 potest
813 3743 881 3763 esse
898 3741 999 3768 praeter
1012 3736 1180 3760 intentionem
1193 3735 1360 3768 proveniens,

284 3793 354 3825 quia,
373 3799 433 3816 cum
452 3791 478 3815 in
497 3790 661 3815 distinctione
679 3797 768 3814 rerum
788 3789 902 3813 mundus
922 3788 1092 3820 compleatur,
1112 3792 1266 3819 sequeretur
1284 3794 1360 3811 mun-

284 3844 347 3868 dum
366 3842 463 3867 factum
483 3849 543 3867 esse
562 3849 577 3866 a
595 3849 668 3866 casu.
688 3845 716 3866 ut
735 3840 894 3865 democritus
916 3838 1037 3872 ponebat,
1061 3838 1131 3870 quod
1155 3845 1214 3862 esse
1238 3837 1360 3869 impossi-

283 3895 336 3919 bile
364 3893 429 3919 infra
455 3893 610 3918 ostendetur
635 3886 666 3929 (a
691 3897 777 3923 casu,
803 3888 899 3917 habet
923 3887 1010 3916 enim
1035 3885 1183 3915 ordinem
1208 3883 1357 3922 certum).

283 3942 300 3958 ⁴*
310 3941 450 3981 Oportet
463 3949 540 3979 ergo
550 3942 664 3968 alicuius
679 3949 777 3968 causae
786 3949 890 3975 ponere
903 3941 1075 3966 intentionem
1088 3945 1125 3966 ex
1138 3936 1273 3965 alicuius
1285 3944 1359 3964 cau-

283 4002 336 4023 sae
352 3992 532 4022 intentione
546 3990 787 4021 distinctionem
803 3991 836 4021 in
853 3990 948 4020 rebus
962 3999 1047 4024 prove
1063 3997 1141 4018 esse.
1159 3987 1232 4017 Non
1251 3992 1358 4015 autem

1376 714 1402 728 10

1378 972 1399 991 ¹5

1378 1229 1405 1243 ²0

1378 1486 1402 1507 ²5

1380 1743 1405 1763 30

1380 2001 1400 2020 35

1378 2258 1405 2277 40

1379 2516 1402 2536 45

1381 2766 1406 2786 ςο

1380 3024 1402 3044 55

1376 3276 1403 3295 60

1376 3795 1402 3815 70

2426 162 2492 210 19*

1417 239 1549 278 agentis
1574 240 1651 279 quia
1669 245 1735 269 actio
1761 250 1867 271 naturae
1894 242 2032 285 (natura)
2062 242 2292 276 determinatur
2308 245 2347 276 ad
2374 254 2488 282 unum,

1417 296 1448 319 et
1471 290 1516 320 sic
1536 294 1591 319 eius
1612 295 1718 320 intentio
1732 304 1784 322 non
1796 301 1885 329 potest
1898 306 1954 324 esse
1968 299 1993 324 in
2007 299 2092 332 aliqua
2105 308 2156 324 una
2170 308 2197 326 re
2216 308 2268 325 non
2293 297 2426 338 (nullius
2443 298 2488 328 rei

1416 350 1475 380 per
1497 347 1629 373 naturae
1659 345 1882 376 necessitatem
1907 347 2028 386 agentis
2051 346 2200 389 intentio)
2227 354 2335 388 potest
2357 358 2426 379 esse
2449 348 2490 379 ad

1416 392 1518 422 multa
1544 393 1740 434 inquantum
1774 396 1921 427 distincta
1947 403 2031 429 sunt.
2056 399 2165 429 Restat
2182 422 2188 430 .
2204 423 2211 429 .
2227 425 2234 431 .
2251 401 2487 440 cognoscentis.

1417 447 1474 471 Non
1493 453 1579 474 autem
1593 449 1701 475 alicuius
1720 458 1858 476 causarum
1878 453 2051 478 secundarum
2064 454 2080 470 ⁸
2099 459 2139 479 est
2149 455 2181 480 de
2195 462 2304 480 numero
2323 459 2488 480 causatorum
2515 454 2524 462 ”

1416 497 1605 531 distinctorum,
1625 507 1672 526 nec
1686 502 1754 527 unde
1766 502 1798 527 ad
1811 502 1894 536 ipsam
1907 511 1960 529 non
1979 505 2091 537 pertinet
2108 506 2283 531 universalem
2297 514 2384 532 rerum
2399 507 2488 532 distin-

1416 550 1528 576 ctionem
1543 551 1684 578 intendere.
1699 547 1851 591 (Videtur
1866 555 1935 580 enim
1961 552 2096 593 [autem]
2115 553 2295 584 intellectus
2320 555 2488 594 proprium

1416 606 1484 627 esse
1506 607 1613 629 rerum
1637 599 1878 632 distinctionem
1902 603 2114 634 considerare.
2128 604 2221 635 Unde
2238 611 2290 635 et.
2303 628 2310 635 .
2322 628 2328 635 .
2342 611 2488 636 causato-

1415 656 1488 678 rum
1505 648 1756 690 distinctorum.)
1774 652 1830 682 Est
1853 653 1949 692 igitur
1973 654 2036 684 hoc
2060 655 2180 694 primae
2202 665 2326 691 causae,
2343 659 2487 684 secundum

1416 711 1504 736 quam,
1522 709 1606 740 quae
1623 711 1680 741 per
1695 703 1833 742 seipsam
1850 704 1889 733 ab
1907 706 2059 735 omnibus
2076 706 2143 736 aliis
2156 707 2370 748 distinguitur,
2383 708 2488 737 inten-

1416 751 1491 782 dere
1504 751 1745 784 distinctionem
1758 756 1907 786 omnium
1924 766 2042 788 rerum.
2054 757 2142 788 Deus
2152 759 2248 799 igitur
2260 760 2428 799 cognoscit
2439 768 2488 789 res

1416 808 1452 833 ut
1467 802 1639 835 distinctas.
1657 806 1674 843 §
1692 805 1782 835 Item.
1795 805 1963 847 Quicquid
1979 808 2067 839 Deus
2080 810 2248 849 cognoscit
2260 809 2489 850 perfectissime

1417 856 1584 895 cognoscit
1601 869 1661 886 cum
1671 869 1750 887 suum
1760 863 1903 896 intelligere
1916 863 1950 888 sit
1959 871 2037 889 suum
2050 872 2117 895 esse,
2128 866 2200 898 quod
2210 871 2250 890 est
2262 865 2489 898 perfectissimum.

1417 909 1496 940 Quod
1515 917 1602 938 autem
1612 919 1665 938 ηοη
1677 919 1718 950 est
1727 914 1752 939 in
1765 916 1888 947 potentia,
1899 923 1951 940 non
1961 921 2048 949 potest
2057 915 2170 948 perfecte
2182 917 2304 948 cognosci
2314 916 2364 941 nisi
2374 917 2488 942 sciantur

1417 962 1506 987 omnia
1516 963 1549 988 ad
1562 971 1629 997 quae
1643 970 1683 990 est
1694 966 1721 990 in
1733 966 1855 998 potentia.
1868 967 1929 1000 quia
1943 975 2100 1000 cognoscere
2113 967 2255 1000 potentiam
2270 973 2310 992 est
2328 975 2488 1000 cognoscere

1417 1014 1537 1039 ordinem
1556 1015 1612 1040 eius
1632 1017 1663 1041 ad
1683 1022 1779 1043 actum.
1792 1018 1863 1043 Deus
1882 1023 1970 1043 autem
1985 1019 2169 1052 cognoscendo
2183 1026 2212 1044 se
2225 1019 2358 1051 cognoscit
2371 1024 2488 1043 naturam

1419 1066 1485 1091 entis
1505 1067 1691 1094 universalem.
1709 1067 1846 1098 Quaelibet
1863 1075 1951 1095 autem
1979 1076 2069 1095 natura
2097 1070 2251 1095 universalis
2271 1076 2311 1095 est
2332 1070 2358 1095 in
2376 1069 2490 1102 potentia

1419 1123 1539 1150 respectu
1557 1126 1648 1144 eorum
1668 1128 1715 1153 per
1733 1129 1802 1154 quae
1820 1121 1858 1146 ad
1876 1127 1902 1146 et
1920 1122 1952 1146 ad
1966 1130 2033 1154 quae
2046 1129 2094 1147 sua
2106 1122 2279 1147 communitas
2294 1122 2488 1151 determinatur,

1419 1169 1488 1194 unde
1501 1175 1526 1194 et
1540 1178 1623 1203 genus
1635 1176 1765 1204 potestate
1775 1172 1930 1197 differentias
1941 1174 2064 1198 continet.
2078 1173 2147 1205 Ergo
2161 1173 2231 1198 Deus
2249 1173 2383 1206 cognoscit
2401 1173 2491 1198 omnia

1419 1227 1465 1253 per
1476 1229 1544 1254 quae
1557 1223 1731 1248 communitas
1744 1223 1811 1248 entis
1824 1224 2018 1250 determinatur.
2031 1224 2171 1257 Cognoscit
2184 1224 2260 1256 igitur
2279 1225 2489 1257 unumquodque

1419 1273 1444 1297 in
1463 1273 1568 1305 propria
1587 1274 1675 1306 specie
1694 1275 1841 1299 secundum
1859 1275 1932 1307 quod
1944 1280 1985 1300 est
1997 1275 2028 1299 ab
2048 1275 2099 1300 alio
2119 1275 2277 1300 distinctum.
2297 1275 2350 1300 Nec
2368 1275 2445 1301 obest
2458 1275 2490 1300 sd

1418 1325 1584 1357 propositum
1603 1325 1675 1358 quod
1693 1326 1808 1358 potentia
1821 1326 1952 1358 praedicta
1970 1334 2022 1350 non
2045 1332 2085 1351 est
2103 1326 2226 1351 naturalis
2246 1326 2293 1351 sed
2311 1326 2490 1359 intelligibilis:

1419 1375 1481 1409 quia
1499 1377 1566 1401 sicut
1585 1377 1610 1401 in
1629 1376 1686 1402 Deo
1705 1385 1757 1402 non
1770 1383 1811 1402 est
1824 1378 1937 1410 potentia
1956 1378 2079 1402 naturalis
2098 1377 2199 1410 absque
2218 1382 2276 1402 actu
2294 1382 2401 1410 propter
2419 1385 2491 1402 com-

1419 1428 1582 1460 plementum
1611 1429 1651 1453 sui
1679 1436 1748 1459 esse,
1773 1429 1808 1454 ita
1835 1436 1882 1454 nec
1907 1430 2022 1462 potentia
2048 1428 2218 1460 intelligibilis
2243 1435 2349 1462 propter
2376 1430 2491 1462 comple-

1419 1483 1538 1504 mentum
1558 1479 1598 1504 sui
1617 1479 1771 1509 intellectus,
1799 1480 1844 1512 qui
1871 1485 1912 1505 est
1939 1488 1987 1505 sua
2015 1481 2137 1506 essentia.
2159 1480 2226 1513 (Nec
2248 1485 2335 1513 potest
2353 1481 2401 1506 dici
2420 1481 2491 1513 quod

1419 1535 1526 1563 propter
1546 1530 1595 1556 hoc
1609 1539 1661 1556 non
1681 1531 1715 1556 sit
1733 1533 1758 1556 in
1773 1532 1894 1564 potentia,
1913 1532 1976 1564 quia
1997 1539 2049 1557 non
2069 1535 2116 1561 est,
2137 1533 2162 1557 in
2182 1532 2238 1557 Deo
2257 1532 2369 1564 cognitio
2388 1532 2492 1556 univer-

1419 1582 1491 1614 salis,
1511 1583 1573 1615 quia
1592 1591 1644 1607 non
1664 1588 1704 1608 est
1731 1588 1809 1608 natus
1837 1584 1915 1608 aliam
1938 1584 2114 1616 cognitionem
2134 1583 2166 1608 de
2194 1583 2272 1608 rebus
2292 1583 2402 1610 habere:
2422 1583 2491 1616 quia,

1419 1640 1480 1657 cum
1499 1634 1533 1658 sit
1551 1633 1681 1666 perfectus
1700 1633 1858 1666 simpliciter,
1871 1640 1900 1658 ut
1913 1641 1992 1667 supra
2004 1639 2142 1659 ostensum
2158 1640 2205 1665 est,
2225 1635 2296 1659 nulla
2315 1634 2438 1667 perfectio
2452 1639 2492 1659 est

1419 1684 1527 1709 alicuius
1546 1684 1649 1716 generis
1669 1692 1737 1717 quae
1756 1685 1779 1710 ei
1799 1690 1857 1709 nata
1872 1693 1924 1709 non
1943 1685 1977 1709 sit
2001 1685 2154 1716 convenire;
2175 1685 2224 1710 hoc
2244 1690 2331 1710 autem
2349 1690 2389 1710 est
2407 1685 2492 1718 perfe-

1419 1735 1512 1760 ctionis
1531 1735 1557 1759 in
1570 1735 1643 1760 omni
1657 1735 1706 1760 alio
1721 1741 1895 1768 cognoscente
1906 1736 1979 1769 quod
1993 1735 2125 1769 cognoscit
2143 1744 2185 1760 res
2198 1737 2302 1769 proprie
2321 1741 2347 1761 et
2366 1736 2492 1761 distincte.

1419 1784 1491 1810 Talis
1511 1792 1575 1818 ergo
1594 1785 1718 1818 perfectio
1740 1786 1796 1811 Deo
1815 1787 1908 1811 deesse
1931 1794 1984 1811 non
2008 1791 2103 1819 potest,
2128 1794 2180 1811 non
2203 1787 2271 1812 enim
2290 1787 2413 1819 perfectio
2433 1786 2491 1821 [est]

1419 1835 1496 1862 huius
1511 1837 1552 1862 vel
1571 1838 1686 1869 alterius,
1700 1838 1747 1863 sed
1766 1838 1947 1871 cognoscentis
1962 1838 2117 1871 inquantum
2134 1838 2303 1871 huiusmodi.)
2322 1833 2382 1872 (est
2407 1835 2493 1865 enim

1419 1885 1451 1915 in
1468 1894 1509 1915 eo
1534 1886 1640 1916 omnis
1664 1885 1820 1926 perfectio
1845 1891 1919 1923 quasi
1945 1887 2053 1926 [sicut]
2079 1887 2111 1917 in
2136 1887 2322 1926 simpliciter
2338 1885 2493 1926 perfecto,

1419 1942 1455 1967 ut
1477 1947 1574 1978 supra
1598 1944 1767 1969 ostensum
1793 1945 1850 1969 est.
1875 1939 1976 1978 Quod
2000 1944 2108 1969 autem
2129 1939 2337 1978 cognoscitur
2353 1939 2385 1968 in
2403 1948 2493 1969 com-

1418 1989 1510 2019 muni
1527 1995 1664 2026 tanturn,
1681 2000 1749 2020 non
1767 1990 1909 2030 perfecte
1923 1991 2141 2031 cognoscitur,
2155 1991 2344 2030 ignorantur
2356 1991 2443 2021 enim
2456 1999 2493 2021 ea

1419 2049 1502 2080 quae
1526 2047 1601 2071 sunt
1617 2042 1790 2082 praecipua
1806 2043 1892 2073 illius
1909 2043 1964 2078 rei,
1989 2042 2111 2073 scilicet
2128 2043 2261 2073 ultimae
2277 2042 2492 2083 perfectiones

1419 2092 1537 2131 quibus
1554 2096 1631 2121 habet
1647 2092 1812 2133 perficitur
1832 2095 2001 2134 proprium
2019 2103 2087 2124 esse
2107 2094 2186 2130 eius,
2199 2093 2286 2124 unde
2302 2094 2357 2124 tali
2381 2095 2492 2135 cogni-

1418 2143 1510 2173 tione
1534 2144 1635 2183 magis
1659 2145 1869 2184 cognoscitur
1885 2154 1934 2175 res
1958 2145 1991 2175 in
2015 2145 2161 2184 potentia
2178 2154 2276 2184 quam
2300 2145 2333 2175 in
2358 2151 2442 2175 actu.
2459 2145 2492 2176 Si

1418 2193 1515 2233 igitur
1532 2194 1630 2231 Deus,
1649 2195 1880 2235 cognoscendo
1894 2196 2065 2226 essentiam
2081 2205 2183 2232 suam,
2198 2197 2367 2236 cognoscit
2382 2197 2493 2227 omnia

1419 2245 1452 2274 in
1477 2246 1648 2276 universali
1665 2251 1858 2283 cognoscendo,
1874 2252 2004 2287 oportet
2024 2246 2113 2287 quod
2138 2247 2235 2278 etiam
2258 2248 2421 2287 propriam
2437 2248 2493 2278 ha-

1419 2295 1492 2326 beat
1516 2297 1738 2337 cognitionem
1755 2297 1795 2328 de
1818 2298 1938 2338 rebus.)
1963 2299 1980 2336 §
1998 2297 2123 2332 Adhuc.
2141 2297 2353 2338 Quicumque
2369 2307 2492 2338 cogno-

1419 2348 1478 2378 scit
1494 2371 1501 2378 .
1515 2371 1522 2378 .
1537 2371 1543 2378 .
1562 2348 1600 2378 ab
1629 2349 1768 2379 invicem
1797 2348 1973 2379 distinctae.
1997 2351 2156 2387 §Amplius.
2179 2352 2277 2377 Totum
2297 2353 2419 2385 cognosci
2439 2360 2492 2378 non

1420 2408 1506 2435 potest
1520 2402 1568 2428 nisi
1582 2409 1669 2436 partes
1686 2409 1885 2436 cognoscantur.
1903 2404 2016 2436 Oportet
2028 2410 2115 2429 autem
2129 2404 2201 2436 quod
2221 2404 2291 2429 Deus
2310 2405 2493 2437 cognoscendo

1420 2454 1537 2487 seipsum
1557 2461 1699 2487 cognoscat
1717 2455 1840 2480 effectum
1864 2463 1943 2480 suum
1962 2456 2149 2485 immediatum,
2170 2455 2231 2488 quia
2250 2456 2333 2488 prima
2351 2463 2428 2481 causa
2448 2464 2492 2481 co-

1419 2505 1488 2538 gnita
1514 2505 1551 2536 (et
1577 2503 1702 2539 perfecte)
1730 2504 1836 2530 effectus
1865 2506 1998 2538 proximus
2028 2506 2140 2538 ignorari
2169 2512 2222 2530 non
2251 2510 2345 2538 potest.
2374 2506 2492 2531 Primum

1419 2561 1506 2580 autem
1525 2555 1557 2580 ab
1578 2563 1610 2580 eo
1629 2561 1763 2580 causatum
1783 2561 1824 2581 est
1842 2557 2030 2589 compositum:
2051 2557 2112 2581 alias
2132 2561 2204 2581 esset
2227 2555 2253 2581 in
2272 2563 2304 2580 eo
2332 2556 2400 2581 idem
2420 2557 2491 2590 quod

1420 2610 1459 2630 est
1478 2611 1503 2630 et
1521 2613 1589 2636 esse,
1609 2611 1635 2630 et
1653 2606 1690 2630 sic
1709 2613 1761 2630 non
1781 2610 1851 2630 esset
1863 2611 2008 2636 causatum,
2021 2610 2091 2631 esset
2104 2606 2174 2631 enim
2192 2613 2239 2638 per
2253 2613 2281 2630 se
2301 2613 2408 2631 necesse
2423 2614 2493 2632 esse.

1421 2657 1562 2691 Cognoscit
1580 2657 1657 2689 igitur
1665 2655 1699 2682 >ea
1718 2665 1786 2690 quae
1804 2658 1830 2682 in
1850 2657 1981 2690 praedicto
2000 2657 2091 2683 effectu
2110 2658 2327 2690 compositionem
2347 2657 2450 2689 faciunt,
2466 2663 2493 2683 et

1420 2708 1458 2733 sic
1477 2707 1610 2740 cognoscit
1636 2708 1830 2733 multitudinem
1855 2713 1881 2733 et
1904 2708 2103 2733 distinctionem.
2121 2706 2138 2722 ἰ’
2156 2705 2186 2745 (ξ
2206 2709 2277 2734 Item.
2300 2704 2491 2746 [Amplius]

1421 2755 1633 2795 Quicumque
1659 2756 1827 2795 cognoscit
1858 2755 1998 2796 perfecte
2023 2756 2164 2796 aliquam
2193 2762 2338 2786 naturam
2365 2757 2493 2786 univer-

1420 2806 1530 2845 salem,
1546 2806 1714 2846 cognoscit
1724 2806 1861 2836 modum
1878 2816 1946 2846 quo
1963 2813 2075 2837 natura
2088 2807 2141 2837 illa
2154 2807 2261 2837 haberi
2275 2813 2382 2847 potest
2394 2806 2493 2848 [sicut

1421 2859 1478 2898 qui
1493 2858 1663 2898 cognoscit
1682 2857 1876 2894 albedinem,
1894 2859 2063 2898 cognoscit
2088 2858 2178 2898 quod
2202 2859 2314 2898 recipit
2337 2859 2438 2898 magis
2462 2864 2494 2888 et

1421 2909 1553 2949 minus.]
1587 2908 1651 2940 Sed
1681 2919 1719 2939 ex
1749 2908 1875 2939 diverso
1900 2908 2001 2939 modo
2027 2909 2151 2939 essendi
2180 2910 2423 2939 constituuntur
2445 2909 2492 2940 di-

1421 2961 1500 2991 versi
1525 2960 1643 3001 gradus
1673 2961 1796 2990 entium
1820 2968 1850 2988 ut
1868 2971 1899 2989 ex
1918 2971 1996 2996 supra
2015 2964 2088 2988 dictis
2107 2969 2195 2996 patere
2215 2969 2309 2996 potest.
2333 2959 2365 2990 Si
2396 2960 2493 3000 igitur

1420 3012 1509 3042 Deus
1534 3011 1765 3052 cognoscendo
1786 3021 1819 3042 se
1844 3012 2012 3051 cognoscit
2036 3016 2183 3042 naturam
2199 3011 2412 3041 universalem
2436 3020 2492 3040 en-

1419 3063 1469 3098 tis,
1494 3072 1562 3093 non
1587 3068 1696 3092 autem
1721 3061 1919 3102 imperfecte,
1945 3063 2020 3101 quia
2044 3062 2082 3091 ab
2107 3071 2146 3091 eo
2172 3061 2278 3091 omnis
2303 3060 2458 3101 perfectio
2475 3061 2491 3076 ⁴⁶

1418 3114 1516 3153 longe
1541 3119 1597 3150 est,
1622 3119 1658 3144 ut
1682 3122 1777 3153 supra
1801 3113 1973 3152 probatum
1991 3118 2046 3148 est,
2065 3117 2194 3152 oportet
2210 3111 2300 3152 quod
2317 3116 2493 3151 cognoscat

1418 3175 1533 3195 omnes
1548 3164 1665 3205 gradus
1689 3165 1823 3195 entium.
1849 3164 1890 3194 Et
1905 3164 1950 3194 sic
1964 3187 1971 3194 .
1987 3187 2012 3193 ..
2027 3165 2258 3203 cognitionem.
2282 3164 2300 3201 §
2316 3163 2490 3192 Praeterea.

1418 3215 1629 3255 Quicumque
1655 3216 1823 3255 cognoscit
1841 3214 1982 3255 perfecte
2000 3224 2119 3242 naturam
2138 3217 2251 3250 aliquam
2269 3212 2417 3253 [aliquid]
2437 3222 2492 3243 co-

1417 3267 1544 3306 gnoscit
1561 3267 1671 3297 omnia
1695 3275 1778 3306 quae
1803 3273 1878 3296 sunt
1901 3267 1932 3296 in
1954 3269 1997 3294 illa
2015 3265 2112 3306 [illo.]
2130 3265 2193 3296 Sed
2215 3265 2304 3295 Deus
2324 3264 2493 3304 cognoscit

1417 3319 1560 3358 seipsum
1578 3326 1704 3347 naturam
1722 3329 1799 3347 suam
1813 3318 1964 3360 perfecte.
1982 3318 2068 3357 Ergo
2082 3317 2270 3357 cognoscit.
2286 3339 2292 3346 .
2308 3339 2315 3346 .
2330 3315 2369 3346 de
2386 3315 2491 3345 omni-

1417 3370 1477 3399 bus
1493 3372 1598 3402 rebus.
1618 3372 1636 3409 ἓ
1653 3370 1779 3401 Adhuc.
1801 3370 2011 3409 Quicumque
2032 3369 2091 3399 scit
2114 3374 2259 3398 naturam
2283 3367 2424 3407 aliquam
2439 3389 2446 3396 .
2461 3389 2468 3396 .
2482 3388 2491 3396 .

1417 3423 1592 3452 imitantur.
1624 3421 1718 3453 Unde
1753 3421 1967 3462 philosophus
1987 3424 2012 3448 in
2030 3423 2116 3456 primo
2135 3422 2203 3456 phis.
2230 3418 2368 3449 formam
2388 3422 2406 3446 d
2436 3427 2491 3447 na-

1417 3473 1552 3504 turalem
1566 3472 1712 3503 divinum
1725 3471 1891 3512 quoddam
1907 3471 2064 3501 nominat.
2081 3470 2169 3500 Deus
2182 3469 2277 3509 igitur
2291 3492 2296 3498 .
2308 3492 2314 3498 .
2326 3492 2333 3498 .
2347 3466 2491 3509 formas.)

1417 3525 1433 3540 *
1450 3525 1467 3562 §
1485 3524 1660 3554 Praeterea.
1685 3522 1784 3562 Apud
1807 3522 1956 3552 homines
2040 3519 2216 3550 distinctae.
2242 3518 2274 3549 Si
2291 3518 2386 3558 igitur
2403 3517 2491 3548 Deus

1418 3585 1466 3605 res
1491 3575 1522 3605 in
1548 3584 1606 3605 sua
1637 3566 1842 3604 distinctione
1872 3574 1889 3589 ἅ
1911 3582 1980 3602 non
2011 3571 2189 3611 cognoscit,
2214 3573 2305 3598 accidit
2332 3569 2492 3609 (sequitur

1418 3627 1506 3668 eum)
1532 3626 1830 3666 insipientissimum
1849 3634 1927 3655 esse.
1952 3623 2042 3654 Sicut
2059 3628 2090 3653 et
2112 3622 2173 3652 illis
2192 3645 2198 3652 .
2214 3645 2241 3651 ..
2259 3622 2292 3651 in
2311 3621 2405 3651 tertio
2422 3630 2490 3651 me-

1417 3679 1504 3718 taph.
1529 3679 1546 3716 §
1563 3678 1638 3707 Hoc
1657 3689 1674 3705 α
1694 3677 1789 3707 etiam
1815 3676 2004 3706 auctoritate
2028 3674 2202 3714 scripturae
2218 3696 2224 3702 .
2240 3696 2247 3703 .
2262 3695 2269 3703 .
2283 3673 2386 3703 oculis
2411 3672 2489 3702 eius.

1564 3788 1644 3828 Cap.
1670 3788 1711 3817 LI
1737 3794 1766 3818 et
1791 3787 1856 3817 Lll.
1882 3786 2042 3816 erronns
2066 3795 2108 3814 An
2131 3793 2348 3814 mournrtnmm

1417 3849 1571 3869 <anamma
1586 3847 1766 3868 murtro-no
1780 3845 2038 3867 mrcrtsc‘romm
2054 3845 2100 3866 str
2114 3845 2146 3865 m
2162 3843 2354 3864 mrsuncru
2367 3841 2486 3862 mvmo.

1460 3934 1478 3971 ἓ
1495 3932 1558 3963 Sed
1582 3941 1623 3962 ne
1648 3930 1823 3962 multitudo
1841 3953 1848 3960 .
1864 3953 1870 3960 .
1886 3952 1894 3960 .
1911 3930 1974 3959 sint
1997 3929 2109 3959 multa.
2131 3927 2175 3969 (ἓ)
2193 3927 2266 3957 Non
2285 3932 2392 3956 autem
2409 3925 2487 3954 haec

1416 3982 1591 4013 multitudo
1616 3983 1661 4012 sic
1685 3982 1820 4021 intelligi
1848 3986 1956 4020 potest
1980 3979 2071 4019 quasi
2101 3982 2201 4006 formae
2220 3981 2364 4005 multorum
2387 3978 2486 4003 intelle-

284 4053 322 4074 ex
353 4043 534 4074 intentione
565 4042 702 4072 alicuius
737 4051 852 4072 causae
885 4051 942 4081 per
974 4041 1196 4071 necessitatem
1227 4043 1358 4067 naturae
1375 4049 1398 4068 75
1418 4043 1518 4063 ctorum
1545 4034 1658 4076 (multa
1690 4031 1865 4072 intellecta)
1892 4032 2030 4061 habeant
2055 4039 2122 4059 esse
2147 4028 2334 4058 distinctum
2357 4027 2390 4055 in
2414 4025 2485 4055 Deo

2552 453 2714 480 Supplendum

2514 479 2614 528 guuiz-vel
2624 479 2679 508 quid
2687 480 2716 501 ni-

2524 2718 2546 2740 ¹3
2558 2719 2571 2733 v
2587 2718 2599 2733 a
2614 2718 2654 2740 mg
2664 2711 2706 2733 inf.

2519 3064 2528 3072 ·
2549 3062 2610 3084 Casu
2631 3067 2673 3088 pro
2689 3062 2716 3083 im

2515 3089 2643 3117 perfectio.

2521 3531 2565 3553 13v
2580 3530 2628 3551 a45

2519 3577 2615 3598 lubi.

2517 3925 2716 3955 13vb9-p.=4i¹
