2716 4302
0 413 72 435 'Casu
88 412 204 440 repetitur.

236 173 308 222 46*

233 268 302 294 quae
321 257 409 287 Deus
426 263 492 284 non
510 256 615 293 potest
633 259 714 290 quae
729 252 767 276 ad
777 250 928 284 potentiam
940 254 1038 287 posse
1054 244 1219 285 potentiae
1236 252 1307 283 pas-

234 309 318 338 sivae
343 311 399 336 est.
423 303 550 344 §Quae
575 306 683 331 autem
707 297 944 329 huiusmodi..
959 319 966 326 .
985 295 1073 326 Deus
1096 303 1164 324 non
1189 298 1306 334 potest.

233 358 308 389 Non
337 360 443 397 potest
470 354 566 393 igitur
589 349 703 392 (Deus)
731 359 799 380 esse
825 358 943 389 corpus
965 346 1032 387 (aut
1056 345 1179 386 aliquid
1195 345 1306 375 huius-

231 406 347 448 modi.)
371 407 388 444 ἓ
405 403 531 435 Adhuc.
549 401 666 432 Adhuc
679 402 705 432 *.
723 400 830 430 Huius
847 398 1012 439 potentiae
1029 397 1173 438 passivae
1198 400 1307 425 motus

232 465 321 489 actus
346 463 402 487 est.
428 459 503 485 Unde
529 463 554 483 et
578 458 603 481 in
626 456 699 481 omni
724 460 797 480 moto
823 461 932 479 necesse
957 457 997 477 est
1015 452 1103 485 aliquo
1129 451 1209 476 modo
1233 457 1308 483 yma·
1332 464 1340 484 ς

230 514 310 549 ginari
336 512 478 542 materiam,
502 516 531 536 ut
556 510 648 535 dicitur
671 510 697 534 in
717 508 833 533 secundo
858 511 930 541 et-xl
951 505 1068 538 metaph.
1087 501 1176 531 Deus
1201 501 1306 540 igitur,

231 563 283 593 cui
315 561 458 602 potentia
491 559 613 599 passiva
645 567 713 587 non
742 556 909 596 competit,
941 555 1058 585 mutari
1089 562 1155 584 non
1190 557 1305 608 potest.

229 616 371 654 §Potest
395 619 503 644 autem
528 610 659 642 ulterius
684 607 836 639 concludi
861 605 952 646 quod
975 615 1043 636 non
1060 609 1167 646 potest
1190 608 1306 650 mutari

229 666 409 698 secundum
425 663 565 703 singulas
583 660 771 691 mutationis
787 659 922 699 species,
941 663 976 688 ut
997 655 1087 697 quod
1107 665 1174 686 non
1200 659 1307 695 potest

227 729 295 755 gene
314 716 422 756 augeri
448 714 498 744 vel
522 713 635 747 minui,
662 717 715 741 aut
740 710 875 749 alterari,
900 715 954 740 aut
982 708 1127 749 generari
1157 712 1210 736 aut
1235 715 1306 735 cor·
1324 724 1348 737 ω

226 770 344 809 rumpi.
369 768 387 806 §
402 766 563 806 Amplius.
581 764 666 794 Cum
684 762 821 794 deficere
841 786 846 791 .
863 787 868 794 .
886 785 892 791 .
911 763 943 792 in
961 760 1052 791 nullo
1078 758 1215 789 deficere
1233 762 1305 798 pot-

228 827 284 852 est.
313 821 330 858 §
348 820 524 849 Praeterea.
554 815 708 846 Defectus
740 815 847 844 omnis
878 812 1059 843 secundum
1090 811 1303 851 privationem

227 873 368 912 aliquam
399 875 455 900 est.
485 867 676 898 Privationis
709 872 818 896 autern
849 864 1031 894 subiectum
1063 862 1208 903 potentia
1237 871 1304 891 ma-

226 923 323 954 teriae
341 927 397 952 est.
418 923 514 949 Nullus
533 923 620 956 igitur
639 921 757 956 desectus
777 920 863 945 inesse
882 914 982 945 Nullo
1000 914 1095 954 igitur
1112 912 1214 943 modo
1232 917 1303 952 pot-

227 980 273 1005 est
305 972 452 1004 deficere.
478 972 496 1012 ξ
519 970 644 1001 Adhuc.
675 968 762 998 Cum
794 967 937 1007 fatigatio
956 991 962 996 .
978 991 984 996 .
1000 991 1006 996 .
1025 975 1132 1005 neque
1157 965 1302 995 oblivisci
1322 983 1343 1002 ις

226 1030 344 1066 potest.
369 1025 386 1063 §
402 1022 563 1063 Amplius.
581 1021 698 1060 Neque
718 1019 803 1050 vinci
822 1043 828 1048 .
844 1042 851 1048 .
869 1043 874 1048 .
893 1018 1027 1049 moveri.
1053 1016 1070 1057 ἓ
1087 1016 1259 1047 Similiter.
1275 1040 1280 1045 .
1297 1039 1303 1045 .

199 1080 204 1085 ”
226 1082 352 1108 sonent.
378 1075 544 1114 §Rursus
571 1072 657 1110 Quia
682 1071 847 1111 potentiae
873 1071 994 1100 activae
1012 1069 1179 1099 obiectum
1204 1074 1234 1098 et
1258 1067 1303 1098 ef-

0 1498 86 1518 4rn1.

226 1129 328 1159 fectus
346 1133 392 1158 est
409 1135 464 1157 ens
482 1125 613 1159 factum,
631 1122 719 1152 nulla
735 1128 843 1152 autem
862 1121 1007 1162 potentia
1030 1131 1112 1150 causa
1131 1126 1172 1149 est
1189 1129 1304 1160 opera·

224 1182 348 1211 tionem
373 1178 468 1208 habet
486 1177 539 1206 ubi
562 1174 670 1205 deficit
691 1174 770 1204 ratio
788 1174 836 1203 sui
856 1173 974 1203 obiecti
993 1197 999 1203 .
1016 1198 1020 1201 .
1038 1197 1044 1202 .
1063 1177 1194 1212 oportet
1214 1170 1304 1212 quod

225 1233 312 1262 Deus
347 1230 471 1260 dicatur
506 1238 572 1259 non
606 1236 700 1267 posse
733 1225 889 1266 quicquid
922 1231 969 1255 est
1001 1230 1113 1255 contra
1145 1224 1304 1254 rationem
1322 1242 1346 1256 ,ο

224 1284 305 1315 entis
330 1284 523 1322 inquantum
556 1284 602 1309 est
633 1288 699 1314 ens,
732 1277 783 1308 vel
814 1276 887 1307 facti
920 1277 1002 1307 entis
1030 1277 1226 1317 inquantum
1258 1281 1305 1306 est

224 1335 356 1366 factum.
386 1335 404 1372 ξ
425 1332 518 1370 Quae
543 1336 652 1362 autem
683 1330 746 1360 sint
777 1328 966 1360 huiusmodi
985 1352 992 1359 .
1008 1353 1014 1359 .
1030 1353 1036 1359 .
1055 1327 1303 1359 contradictoria

224 1396 292 1417 esse
317 1385 422 1416 simul.
455 1383 616 1423 §Adhuc.
640 1386 706 1411 Cum
726 1386 752 1411 ὶη
772 1385 896 1411 omnibus
925 1384 1092 1417 (oppositis)
1112 1383 1260 1410 contrariis
1278 1386 1305 1408 et

219 1441 355 1475 privative
374 1439 503 1473 oppositis
523 1438 680 1464 includatur
701 1432 939 1476 (Contradictio
957 1433 1124 1464 contrariis
1144 1438 1176 1463 et
1200 1433 1303 1473 priva—

222 1491 286 1520 tive
310 1488 468 1530 oppositis
485 1485 684 1526 includitur.)
702 1486 718 1502 ⁴*
735 1485 888 1526 Sequitur
906 1485 1049 1522 enimt...
1065 1483 1170 1514 eidem
1187 1493 1302 1514 secun-
1320 1497 1342 1516 ις

223 1541 303 1571 dum
315 1539 412 1570 idem.
426 1537 616 1578 §Amplius
639 1536 689 1567 Ad
707 1537 924 1567 remotionem
945 1559 951 1565 .
969 1558 975 1565 .
994 1559 1000 1565 .
1018 1544 1085 1565 non
1103 1535 1219 1565 habeat
1235 1535 1302 1565 ani-

222 1602 319 1623 mam.
334 1592 351 1630 §
365 1591 539 1622 Praeterea.
555 1589 640 1619 Cum
655 1589 812 1629 principia
825 1611 831 1618 .
848 1611 854 1618 .
871 1612 875 1616 .
892 1587 1043 1628 aequales
1056 1586 1185 1617 duobus
1198 1587 1301 1617 rectis.

222 1646 240 1684 ξ
256 1644 341 1674 Hinc
359 1643 455 1674 etiam
472 1648 600 1683 patet..
615 1665 620 1670 .
640 1640 719 1671 dum
740 1640 808 1670 fuit.
827 1639 941 1688 §Sunt
957 1639 1053 1670 etiam
1071 1637 1231 1679 quaedam
1250 1662 1255 1668 .
1272 1661 1278 1668 .
1293 1663 1300 1671 .

224 1705 291 1727 esse
316 1694 448 1725 factum.
473 1695 491 1732 §
508 1693 554 1723 Ex
579 1693 642 1723 hoc
671 1698 779 1722 autem
809 1696 895 1731 patet
914 1715 919 1720 .
936 1714 942 1720 .
959 1714 965 1719 .
984 1689 1175 1730 dependeat.
1201 1689 1301 1727 Quod

224 1753 270 1778 est
287 1751 399 1777 contra
415 1745 574 1775 rationem
591 1744 660 1773 eius
677 1742 767 1783 quod
792 1741 908 1772 dicitur
926 1741 1014 1771 Deus
1034 1752 1093 1769 cum
1112 1744 1170 1769 Deo
1190 1744 1302 1770 maxime
1319 1757 1343 1775 ,ο

224 1806 355 1835 competat
373 1801 484 1834 primam
504 1807 609 1824 causam
630 1806 691 1823 esse
711 1793 761 1836 (ut
779 1803 816 1824 ex
834 1793 1056 1833 superioribus
1073 1791 1185 1833 patet.)
1205 1793 1223 1830 §
1239 1792 1300 1823 Ea-

224 1850 298 1881 dem
323 1850 419 1879 etiam
444 1849 568 1878 ratione
587 1871 593 1876 .
609 1870 615 1877 .
632 1870 638 1876 .
658 1847 804 1886 pertinet.
833 1846 851 1883 §
868 1845 1020 1875 Similiter
1045 1845 1142 1874 etiam
1162 1868 1167 1874 .
1185 1869 1190 1874 .
1207 1868 1213 1874 .
1232 1854 1299 1874 non

223 1906 304 1932 esset
321 1899 454 1930 effectus
479 1899 557 1928 eius.
583 1899 601 1936 §
619 1898 750 1927 Rursus.
769 1896 854 1933 Quia
873 1897 940 1936 ipse
966 1901 1012 1926 est
1031 1919 1037 1925 .
1053 1919 1059 1924 .
1076 1919 1081 1924 .
1101 1904 1166 1925 non
1194 1901 1300 1935 potest

221 1951 312 1982 velle.
338 1951 431 1988 Quae
456 1955 564 1980 autem
590 1948 670 1978 velle
696 1957 763 1977 non
795 1947 896 1986 possit
922 1945 1116 1976 considerari
1143 1952 1249 1986 potest
1274 1947 1298 1976 si

220 2003 417 2043 accipiamus
449 2001 586 2042 qualiter
621 2001 652 2029 in
685 1999 793 2029 divina
826 1997 992 2028 voluntate
1025 1999 1198 2029 necessitas
1230 2007 1298 2028 esse
1317 2016 1337 2034 ἶ,

218 2055 329 2096 possit.
348 2056 428 2088 Quod
442 2055 548 2089 quidem
563 2054 699 2088 contingit
716 2053 861 2086 dupliciter
875 2056 906 2078 ut
924 2056 1059 2078 ostensum
1081 2056 1122 2078 est
1139 2060 1232 2085 supra,
1248 2053 1297 2087 (q)

216 2117 276 2135 cum
303 2109 337 2134 de
363 2108 415 2133 Dei
442 2107 581 2132 voluntate
606 2106 750 2139 agebatur.
778 2105 836 2130 Uno
865 2105 972 2138 quidem
999 2104 1079 2130 modo
1107 2108 1228 2138 respectu
1256 2106 1300 2131 sui

217 2161 308 2194 ipsius,
329 2167 391 2185 nam
412 2159 561 2185 necessario
581 2158 639 2183 vult
661 2165 689 2183 se
707 2164 772 2187 esse,
793 2157 834 2182 vel
851 2163 880 2182 se
899 2163 955 2182 esse
974 2157 1071 2182 bonum
1092 2153 1190 2188 (Nam
1207 2153 1298 2194 quod

216 2218 347 2240 necesse
373 2213 419 2239 est
436 2217 516 2243 esse,
533 2205 734 2247 impossibile
752 2211 798 2236 est
824 2215 891 2236 non
917 2215 996 2242 esse,
1014 2211 1045 2236 et
1070 2205 1159 2246 quod
1175 2206 1297 2246 impos-

216 2263 306 2294 sibile
323 2269 464 2298 cst-esse,
481 2270 612 2291 necesse
637 2266 683 2290 est
708 2269 774 2290 non
801 2260 895 2298 esse.)
920 2260 938 2298 ς’
954 2259 1043 2289 Patet
1068 2265 1176 2290 autem
1193 2283 1198 2289 .
1215 2283 1221 2289 .
1238 2283 1244 2289 .
1263 2265 1298 2290 ut
1314 2275 1339 2293 ⁴⁰

169 2326 176 2331 ·
215 2316 248 2346 in
273 2316 379 2356 primo
400 2319 568 2344 ostensum
594 2318 653 2342 est.
677 2313 694 2350 §
712 2311 803 2342 Item.
830 2311 1008 2342 Ostensum
1027 2317 1074 2342 est
1092 2335 1098 2341 .
1115 2336 1121 2341 .
1137 2335 1143 2342 .
1162 2321 1297 2352 peccare

11 2580 78 2602 rba.

14 3605 22 3619 t·
39 3599 51 3620 b
65 3601 96 3621 ¹⁸-
111 3606 187 3628 p.33i.

215 2377 283 2398 non
301 2372 417 2408 potest.
443 2364 628 2404 §Similiter
653 2369 821 2394 ostensum
846 2370 892 2394 est
917 2373 1013 2405 supra
1039 2363 1129 2405 quod
1155 2363 1215 2394 Dei
1241 2373 1298 2394 vo-

216 2419 321 2450 luntas
346 2428 412 2448 non
444 2422 549 2457 potest
581 2426 649 2446 esse
674 2415 847 2446 mutabilis.
882 2416 934 2446 Sic
964 2416 1060 2456 igitur
1090 2425 1158 2446 non
1191 2421 1298 2456 potest

216 2469 320 2500 facere
345 2478 434 2498 contra
458 2472 483 2497 id
510 2471 581 2504 quod
606 2471 695 2496 statuit
720 2470 868 2496 faciendum
893 2466 938 2507 (id
965 2466 1055 2507 quod
1080 2473 1127 2497 est
1144 2477 1161 2497 a
1186 2476 1219 2497 se
1240 2476 1296 2497 vo—

215 2522 308 2552 litum
326 2531 392 2551 non
406 2520 542 2561 impleri,
556 2523 693 2548 coniuncte
708 2518 885 2560 accipiendo.)
901 2520 918 2557 §
936 2519 1112 2550 Sciendum
1127 2525 1235 2550 tamen
1251 2543 1275 2549 ..
1289 2543 1295 2549 .
1313 2534 1335 2554 «ς

215 2579 251 2604 ut
268 2574 299 2604 in
317 2574 423 2613 primo
441 2578 607 2602 ostensum
625 2576 680 2601 est.
699 2572 715 2587 *
729 2571 768 2601 Et
781 2570 855 2601 ideo
873 2580 989 2602 omnes
1006 2571 1083 2602 istae
1102 2571 1296 2607 locutiones,

214 2625 303 2655 Deus
327 2633 394 2654 non
420 2629 527 2664 potest
545 2622 649 2653 facere
672 2623 831 2653 contraria
848 2623 896 2652 his
913 2633 996 2663 quae
1013 2622 1175 2663 disposuit
1193 2622 1295 2653 facere

217 2676 261 2718 (et
277 2685 504 2716 quaecumque
529 2674 674 2704 similiter
691 2673 854 2715 dicuntur)
871 2674 1096 2715 intelliguntur
1112 2675 1295 2715 composite

213 2732 282 2756 sicut
301 2728 346 2758 sic
371 2728 457 2758 enim
475 2731 594 2754 absolute
611 2726 779 2766 implicant
804 2726 1067 2766 suppositionem
1093 2725 1220 2756 divinae
1238 2736 1295 2756 vo-

214 2779 344 2810 luntatis
369 2779 408 2810 de
434 2779 599 2819 opposite.
626 2777 659 2808 Si
688 2784 796 2808 autern

214 2834 294 2859 modo
314 2839 400 2867 potest
425 2833 472 2858 dici
493 2834 565 2866 quod
590 2833 662 2858 Deus
681 2841 734 2858 non
761 2838 848 2866 potest
868 2833 953 2858 facere
972 2838 1063 2858 contra
1082 2840 1114 2858 en
1133 2841 1202 2867 quae
1221 2841 1294 2866 prae-

214 2885 288 2910 scivit
307 2892 336 2909 se
356 2883 492 2913 facturum,
518 2891 577 2908 nam
599 2883 663 2908 sicut
689 2883 755 2907 actio
783 2882 827 2908 Dei
854 2883 1044 2916 praesupponit
1068 2883 1242 2914 voluntatem,
1262 2883 1295 2909 ita

214 2937 290 2962 etiam
311 2935 499 2970 praesupponit
523 2934 666 2964 scientiam,
686 2939 711 2959 et
730 2940 841 2968 utraque
862 2941 902 2960 est
918 2935 1096 2967 immutabilis,
1117 2936 1188 2961 unde
1203 2936 1295 2961 endem

214 2994 254 3014 est
276 2988 340 3013 ratio
363 2986 505 3012 voluntatis
525 2992 550 3011 et
574 2986 729 3011 intellectus.
751 2983 874 3021 §Sicut
901 2989 1009 3014 autem
1034 2983 1124 3014 Deus
1149 2983 1213 3023 agit
1238 2993 1294 3024 per

214 3036 426 3070 voluntatem,
444 3036 486 3065 ita
505 3040 534 3064 et
560 3044 615 3074 per
640 3033 842 3064 intellectum
865 3041 894 3064 et
919 3035 1098 3071 scientiam,
1125 3041 1160 3066 ut
1184 3042 1293 3066 osten-
1310 3053 1332 3073 55

215 3098 286 3118 sum
303 3093 360 3118 est.
386 3087 454 3117 Pari
482 3087 578 3126 igitur
603 3087 727 3116 ratione
753 3096 819 3117 non
842 3093 948 3126 potest
966 3086 1070 3118 facere
1088 3097 1171 3128 quae
1188 3098 1221 3118 se
1248 3087 1292 3118 fa-

215 3146 341 3169 cturum
372 3148 437 3168 non
468 3138 637 3179 praescivit
668 3144 723 3167 aut
755 3137 923 3169 demittere
955 3149 1039 3178 quae
1068 3148 1101 3169 se
1130 3138 1291 3170 facturum

214 3191 381 3230 praescivit
401 3196 426 3218 ee
445 3193 537 3218 eodem
558 3193 637 3218 modo
655 3193 783 3226 loquendi
803 3199 866 3230 qua
880 3200 947 3220 non
966 3195 1073 3230 potest
1087 3189 1191 3221 facere
1208 3201 1291 3231 quae

217 3241 318 3273 facere
335 3252 400 3273 non
419 3242 485 3272 vult
518 3248 571 3272 aut
588 3241 755 3273 demittere
781 3252 862 3282 quae
889 3242 966 3278 vult,
992 3249 1022 3273 et
1047 3242 1163 3273 eodem
1190 3242 1290 3273 modo

216 3293 405 3323 conceditur
429 3299 460 3323 et
485 3299 619 3332 negatur
638 3300 824 3333 utrumque,
844 3299 877 3323 ut
895 3294 1017 3324 scilicet
1035 3317 1041 3323 .
1058 3318 1063 3323 .
1081 3318 1086 3323 .
1106 3303 1142 3324 ex
1168 3303 1290 3334 suppo·
1306 3313 1334 3326 «ω

215 3345 340 3374 sitione.

239 3454 318 3495 Cap.
343 3455 456 3486 XXVI.
474 3455 570 3493 Quon
596 3466 717 3486 nivinus
743 3466 949 3486 isturAAEtrrus
974 3466 1036 3486 Nou
1062 3466 1267 3487 COARCTATUR

508 3516 547 3536 All
574 3517 810 3537 oarrmmmxros
836 3518 1000 3538 ermerus.

1306 3560 1329 3585 65

262 3598 361 3635 Quod
389 3602 459 3628 Deus
479 3611 530 3628 non
549 3603 608 3636 agit
627 3600 754 3630 divinus
786 3600 968 3631 intellectus
999 3611 1066 3631 non
1094 3605 1292 3630 determinatur

218 3656 376 3679 coartatur
405 3650 443 3680 ad
476 3650 704 3681 determinatos
737 3651 879 3682 effectus.
907 3671 923 3674 -ν
949 3653 1149 3690 §Quoniam
1182 3659 1290 3683 autem

218 3705 383 3730 ostensum
409 3707 525 3732 est...
543 3708 637 3732 restat
662 3702 831 3734 ostendere
861 3703 950 3742 quod
982 3705 1051 3734 eius
1083 3705 1215 3735 scientia
1242 3705 1289 3735 vel

218 3750 398 3781 intellectus
422 3752 517 3782 nullis
543 3753 717 3783 effectuum
742 3753 896 3784 limitibus
922 3761 1093 3785 coartatur.
1114 3755 1290 3786 Ostensum

218 3807 264 3832 est
289 3803 374 3832 enim
400 3812 494 3842 supra
523 3803 611 3843 quod
645 3804 731 3834 Deus
761 3805 870 3835 omnia
896 3806 953 3836 alia
979 3816 1062 3846 quae
1087 3807 1125 3836 ab
1151 3817 1190 3837 eo
1217 3817 1290 3847 pro-

218 3851 330 3883 cedere
349 3859 484 3893 possunt
501 3854 745 3894 comprehendit
764 3865 854 3886 suam
873 3857 1043 3887 essentiam
1068 3858 1290 3898 intelligendo,

219 3904 250 3934 in
276 3914 339 3944 qua
364 3905 474 3935 omnia
497 3905 683 3935 huiusmodi
709 3916 778 3936 esse
803 3909 1018 3938 necessarium
1044 3914 1090 3938 est
1113 3919 1162 3944 per
1181 3913 1290 3939 modum

218 3963 275 3994 per
298 3955 470 3996 aliqualem
494 3955 735 3986 similitudinem
761 3958 841 3987 sicut
867 3958 998 3989 effectus
1019 3965 1042 3987 iu
1064 3971 1139 3988 musa
1161 3961 1290 3996 (virtute

220 4011 293 4035 sunt
318 4006 349 4036 in
366 4006 486 4046 causa.)
505 4006 534 4037 Si
554 4006 649 4046 igitur
667 4029 674 4036 .
690 4029 696 4036 .
712 4029 719 4036 .
739 4006 891 4046 proferre.
908 4010 926 4046 ς
943 4009 1069 4040 Adhuc.
1088 4010 1224 4041 Divinae
1242 4020 1289 4041 es-

888 2778 1046 2808 absolute.
1072 2781 1087 2814 5
1109 2781 1191 2807 Simili
1217 2781 1295 2807 etiam
1312 2793 1337 2812 50

1205 163 1470 201 APPENDlX

1365 247 1430 272 tem
1445 265 1452 272 .
1468 265 1474 272 .
1491 265 1497 272 .
1511 242 1537 272 si
1561 242 1658 271 etiam
1683 250 1821 271 numero
1846 240 1937 271 finita
1953 242 1970 258 ἓ
1994 242 2140 273 existant.
2165 243 2254 274 Nihil
2274 248 2383 274 autem
2398 267 2405 274 .
2418 267 2425 274 .
2437 267 2444 274 .

1365 303 1434 324 esse
1458 294 1571 334 possit.
1587 293 1725 323 Divinus
1741 293 1838 333 igitur
1853 292 2047 330 intellectus,
2063 295 2121 335 qui
2144 294 2287 336 perfecte
2302 295 2445 327 divinam

1365 345 1537 375 essentiam
1562 347 1762 381 comprehendit
1786 343 1984 386 (cognoscit)
2009 351 2045 376 ut
2072 355 2169 387 supra
2192 352 2359 378 ostensum
2387 353 2445 387 est,

1365 405 1499 426 omnem
1517 395 1674 426 finitatem
1691 395 1867 426 effectuum
1884 395 2091 427 transcendit.
2109 395 2185 428 Non
2206 397 2303 438 igitur
2319 422 2327 430 .
2342 423 2350 430 .
2364 423 2372 430 .
2389 409 2446 430 co-

1365 453 1494 477 artatur.
1519 448 1537 485 §
1554 447 1644 477 Item.
1670 446 1774 487 Supra
1805 454 1974 478 ostensum
2003 454 2051 478 est
2079 447 2169 488 quod
2201 447 2329 480 divinus
2352 451 2445 482 intel-

1365 498 1468 529 lectus
1492 497 1696 528 infinitorum
1725 503 1773 528 est
1804 499 1955 538 cognitor
1978 506 2005 528 et
2029 510 2122 529 eorum
2145 491 2229 530 ‘mam
2252 511 2331 538 quae.
2355 502 2445 533 Deus

1367 556 1475 580 autem
1494 559 1626 580 ...non
1653 555 1825 580 coartatur.
1850 551 2045 592 §Amplius
2074 551 2108 583 Si
2135 551 2234 583 divini
2263 553 2446 586 intellectus

1365 601 1532 632 causalitas
1549 601 1588 631 ad
1613 601 1746 631 effectus
1771 601 1899 642 aliquos
1923 603 2028 643 (quasi
2054 603 2094 634 de
2119 605 2310 636 necessitate
2334 606 2445 646 agens)

1365 659 1529 689 artaretur,
1554 653 1618 683 hoc
1643 659 1726 683 esset
1754 659 1902 694 respectu
1934 654 2065 686 illorum
2094 657 2151 696 qui
2182 656 2221 687 ab
2255 666 2296 687 eo
2324 657 2446 698 produ-

1364 711 1483 735 cuntur
1510 706 1540 734 in
1568 715 1647 734 esse.
1674 705 1747 735 Hoc
1772 711 1882 736 autem
1900 728 1908 736 .
1924 730 1929 736 .
1945 730 1952 737 .
1971 707 2021 738 vel
2045 707 2209 739 scientiae.
2233 710 2252 747 ξ
2267 708 2445 740 Praeterea.

1362 757 1479 788 Divina
1493 781 1500 787 .
1516 780 1522 787 .
1538 781 1544 788 .
1563 766 1611 787 res
1636 756 1826 788 artifici-atas.
1851 759 1868 775 *
1884 758 2079 797 Quaelibet.
2095 784 2102 790 .
2117 784 2124 791 .
2143 765 2178 791 ut
2202 766 2370 792 ostensum
2388 766 2445 792 est.

1362 809 1460 849 igitur
1476 809 1659 840 intellectus
1677 808 1804 840 divinus
1821 810 1860 841 ad
1877 811 1987 842 omnia
2005 812 2123 853 quibus
2148 818 2214 842 nata
2231 820 2272 843 est
2292 824 2342 843 con
2363 814 2446 844 entis

1362 862 1442 891 ratio
1459 871 1526 892 non
1544 867 1712 902 repugnat,
1730 871 1822 892 suam
1839 863 2059 895 causalitatem
2077 863 2229 896 extendit.
2246 865 2446 896 Huiusmodi

1362 913 1450 942 enim
1469 936 1476 943 .
1491 936 1499 944 .
1515 937 1520 942 .
1541 918 1712 944 coartatur.
1737 914 1755 953 ξ
1771 913 1858 945 Hinc
1875 919 1922 945 est
1940 938 1947 945 .
1963 938 1970 945 .
1986 939 1993 945 .
2011 925 2077 946 non
2104 921 2152 946 est
2167 908 2335 947 numerus.
2351 918 2370 956 ξ
2385 916 2446 948 Per

1361 964 1440 994 haec
1465 970 1574 995 autem
1599 964 1780 996 excluditur
1797 965 2005 1006 quorundam
2029 967 2304 1008 philosophorum
2326 967 2445 1008 positio

1361 1020 1408 1053 qui
1425 1020 1560 1045 dixerunt
1583 1016 1761 1048 dicentium
1779 1018 1870 1059 quod
1896 1022 1970 1048 Deus
1989 1029 2027 1050 ex
2051 1019 2116 1050 hoc
2141 1018 2232 1060 quod
2256 1019 2345 1050 Deus
2361 1019 2446 1060 seip-

1361 1078 1434 1099 sum
1451 1068 1608 1109 intelligit,
1626 1068 1698 1100 fluit
1722 1070 1761 1100 ab
1785 1071 1857 1111 ipso
1878 1075 1941 1101 ralis
1964 1070 2004 1102 de
2029 1071 2218 1102 necessitate
2243 1071 2313 1102 talis
2337 1081 2445 1102 rerum

1363 1118 1543 1160 dispositio,
1570 1121 1661 1162 quasi
1687 1131 1754 1151 non
1779 1131 1840 1152 suo
1865 1123 1997 1153 arbitrio
2022 1122 2139 1154 limitet
2157 1126 2245 1151 omnin
2265 1132 2290 1152 et
2319 1122 2446 1164 singula

1363 1176 1394 1201 et
1426 1171 1576 1202 universa
1616 1171 1783 1212 disponat,
1824 1174 1907 1204 sicut
1946 1172 2026 1204 fides
2065 1174 2224 1205 catholica
2263 1173 2444 1215 profitetur.

1361 1222 1571 1262 §Sciendum
1597 1229 1706 1254 tamen
1736 1224 1837 1265 quod,
1869 1226 2018 1266 quamvis
2042 1225 2170 1257 divinus
2197 1225 2380 1257 intellectus
2405 1225 2445 1257 ad

1362 1280 1466 1305 certos
1491 1274 1625 1306 effectus
1645 1285 1713 1306 non
1729 1282 1901 1314 coartatur,
1918 1277 1988 1317 ipse
2013 1283 2122 1308 tamen
2139 1278 2199 1309 sibi
2214 1277 2325 1309 statuit
2341 1277 2446 1309 deter-

1361 1327 1502 1358 minatos
1523 1327 1656 1358 effectus
1682 1329 1794 1369 (quos)
1813 1339 1870 1370 per
1893 1340 1958 1359 suae
1975 1333 2125 1366 sapientiae
2136 1333 2259 1360 ordinem
2279 1339 2372 1361 suam
2395 1339 2446 1361 sa-

1361 1378 1517 1419 pientiam
1534 1379 1681 1410 ordinate
1705 1379 1875 1421 producat,
1893 1382 1976 1413 sicut
1996 1391 2064 1423 sap.
2082 1393 2114 1413 xr
2129 1381 2256 1419 dicitur,
2275 1381 2395 1413 Omnia
2410 1382 2445 1413 in

1360 1438 1498 1460 numero
1518 1437 1545 1459 et
1564 1442 1672 1461 mensur
1690 1432 1836 1473 pondere
1854 1438 1885 1464 et
1901 1442 2054 1464 mensura
2071 1433 2268 1475 disposuisti,
2289 1433 2444 1464 Domine.

1360 1485 1393 1511 Et
1411 1486 1472 1519 quia
1492 1487 1549 1512 eius
1569 1487 1711 1520 dispositio
1735 1488 1776 1514 1'nt
1801 1489 1949 1515 intellectus
1975 1494 2002 1515 et
2024 1489 2132 1515 scientia
2156 1489 2328 1515 immutabitis
2347 1491 2396 1520 ent,
2413 1493 2446 1514 ut

1360 1546 1439 1572 supra
1457 1544 1598 1564 ostensum
1623 1545 1673 1571 est,
1700 1540 1821 1573 sequitur
1848 1547 1887 1566 ex
1908 1540 1975 1566 circa
1998 1540 2077 1566 divini
2096 1540 2246 1566 intellectus
2263 1541 2444 1574 operationem

1359 1592 1489 1624 quaedam
1508 1591 1726 1617 immutabilitatis
1745 1593 1896 1622 necessitas.
1911 1600 1959 1626 per
1977 1600 2057 1626 quem
2073 1593 2171 1626 aliquid
2190 1593 2370 1619 necessarium
2382 1592 2444 1619 diei-

1359 1649 1402 1669 tur
1415 1652 1467 1669 non
1482 1644 1641 1676 simpliciter
1652 1644 1701 1670 sed
1719 1644 1840 1670 absolute
1853 1645 1900 1670 sed
1919 1645 2130 1671 conditionaliter
2147 1645 2189 1671 vel
2203 1653 2234 1671 ex
2247 1645 2445 1679 suppositione:

1358 1695 1434 1726 sicut,
1454 1695 1475 1720 si
1490 1695 1572 1720 virtus
1586 1695 1665 1731 diuini
1685 1695 1832 1720 intellectus
1851 1696 2033 1722 consideretur
2051 1696 2180 1728 absolute,
2201 1697 2276 1723 nullo
2295 1697 2444 1731 supposito.

1359 1746 1535 1772 indifferenter
1554 1754 1583 1772 se
1606 1746 1686 1772 habet
1707 1747 1739 1772 ad
1758 1747 1808 1772 hoc
1828 1748 1900 1781 quod
1919 1748 1946 1772 in
1965 1747 2008 1773 tali
2028 1755 2141 1773 numero
2160 1748 2201 1774 vel
2221 1748 2312 1774 maiori
2331 1753 2377 1775 aut
2394 1748 2443 1775 rni-

1359 1799 1416 1823 nori
1436 1798 1538 1831 species
1564 1806 1653 1824 rerum
1679 1798 1819 1832 producat;
1843 1799 1983 1832 supposito
2002 1804 2090 1825 autem
2109 1799 2183 1833 quod
2201 1800 2280 1826 talem
2301 1807 2443 1827 numerum

1358 1849 1498 1884 speciebus
1519 1858 1607 1875 rerum
1627 1857 1677 1875 suo
1696 1850 1827 1875 intellectu
1843 1849 1997 1883 praefixerit.
2017 1851 2181 1884 impossibile
2195 1857 2237 1877 eet
2255 1852 2342 1884 speum
2356 1851 2443 1878 aliun

1357 1902 1429 1935 quod
1444 1902 1476 1927 ab
1491 1910 1524 1927 eo
1538 1901 1579 1927 hle
1597 1910 1724 1928 numerus
1743 1901 1823 1927 rebus
1837 1910 1890 1927 non
1910 1901 2076 1936 praefigatur.
2090 1902 2123 1928 Et
2135 1902 2196 1928 ideo
2208 1902 2330 1937 sequitur
2340 1909 2379 1929 ex
2390 1903 2442 1930 nub

1356 1954 1504 1979 conditione
1515 1953 1658 1979 necessitas
1674 1953 1699 1978 in
1713 1953 1838 1979 omnibus
1853 1961 1922 1987 quae
1931 1954 2020 1979 divino
2032 1954 2164 1980 intellectu
2178 1959 2338 1987 statuuntur,
2347 1961 2444 1989 quem-

1356 2004 1395 2030 vis
1416 2005 1494 2030 etiam
1508 2005 1532 2030 in
1549 2012 1578 2030 se
1593 2004 1770 2037 contIngentia
1785 2011 1845 2030 esse
1859 2004 2003 2031 videantur.
2019 2005 2091 2032 Haec
2109 2006 2180 2032 enim
2199 2006 2382 2033 conditionali·
2400 2011 2443 2033 eet

1355 2063 1417 2081 vern
1436 2061 1461 2081 et
1481 2056 1636 2086 necessaria,
1656 2055 1683 2081 Si
1703 2055 1775 2081 Deus
1795 2056 1910 2090 disponit
1928 2055 1980 2082 hoc
1998 2056 2125 2088 mmmm,
2144 2056 2194 2083 boc
2213 2057 2271 2084 erit.

1557 2163 1639 2205 Cap.
1664 2164 1796 2196 xxvu.
1821 2164 1918 2203 Quor,
1944 2175 2052 2196 utrum
2075 2175 2239 2198 voum-ms

1487 2225 1527 2245 Αι)
1554 2225 1792 2246 ῡετειυιικᾼτοε
1822 2225 1977 2247 κιτηετι·5
2002 2226 2067 2247 Nou
2091 2226 2310 2248 οοΑιιετΑτυκ.

1401 2308 1502 2346 Quod
1534 2309 1641 2340 divina
1678 2310 1827 2340 voluntas
1859 2309 1898 2341 ad
1931 2309 2162 2343 determinatos
2198 2310 2332 2342 effectus
2368 2315 2439 2342 non

1355 2366 1483 2391 artatur.
1511 2380 1529 2383 —
1554 2362 1571 2400 §
1596 2361 1643 2392 Ex
1668 2361 1717 2392 his
1741 2362 1837 2392 etiam
1863 2361 1989 2393 ostendi
2021 2367 2131 2403 potest
2161 2361 2252 2404 quod
2283 2372 2343 2394 nec
2368 2363 2438 2395 eius

1354 2412 1515 2449 voluntas,
1542 2423 1598 2454 per
1623 2423 1721 2454 quam
1748 2415 1822 2455 agit,
1847 2413 1886 2445 ad
1907 2414 2140 2446 determinatos
2156 2414 2290 2447 effectus
2308 2425 2439 2456 courum

1355 2465 1581 2496 necessitatem
1598 2466 1704 2496 habet.
1722 2465 1932 2497 Voluntatem
1955 2467 2042 2498 enirn
2067 2476 2127 2498 suo
2149 2467 2279 2499 obiecto
2299 2471 2438 2510 propor-

1353 2517 1509 2548 tionatam
1527 2527 1595 2548 esse
1613 2524 1754 2558 oportet,
1777 2522 1848 2548 sicut
1866 2522 1963 2548 mobile
1980 2529 2029 2549 suo
2049 2525 2114 2549 mot.
2134 2519 2309 2551 Obiectum
2327 2524 2437 2552 autem

1356 2567 1531 2599 voluntatis
1549 2574 1597 2600 est
1613 2570 1738 2600 bonum
1762 2571 1974 2607 intellectum,
1993 2577 2028 2602 ut
2052 2577 2140 2613 patet
2159 2577 2184 2601 in
2203 2575 2281 2602 tertio
2299 2576 2333 2602 de
2350 2575 2438 2603 nima

1354 2630 1400 2656 per
1427 2622 1616 2657 philosophum
1641 2629 1679 2651 ex
1705 2631 1801 2662 supra
1830 2621 1934 2652 dictis.
1965 2622 2126 2654 Voluntas
2156 2623 2254 2664 igitur
2284 2631 2374 2654 notu-n
2395 2622 2437 2656 ad

1353 2671 1518 2711 quaelibet
1530 2681 1563 2702 se
1577 2677 1651 2702 nata
1665 2677 1712 2703 est
1729 2673 1902 2704 extendere
1916 2683 2000 2714 quae
2017 2675 2045 2705 ei
2063 2674 2247 2707 intellectus
2256 2686 2308 2712 per
2326 2679 2436 2706 mun-r

1353 2727 1416 2754 boni
1430 2735 1521 2761 propo
1540 2724 1600 2754 sub
1617 2725 1743 2755 ratione
1756 2725 1834 2756 boni
1852 2735 2039 2767 proponere
2057 2732 2174 2768 potest.
2192 2731 2248 2758 Nec
2261 2731 2334 2758 Sicut
2347 2737 2436 2760 nutem

1351 2779 1465 2806 humana
1478 2780 1495 2798 ⁸
1516 2780 1640 2806 voluntas
1660 2781 1800 2806 voluntatis
1818 2781 1902 2807 virtus
1914 2781 1948 2807 ab
1961 2781 2109 2808 intellectus
2122 2782 2218 2808 virtute
2232 2790 2286 2809 non
2298 2782 2393 2815 defiat.
2401 2784 2437 2812 im

1351 2841 1399 2859 nec
1418 2833 1529 2859 divinae.
1549 2830 1582 2860 Si
1600 2830 1697 2871 igitur
1713 2829 1896 2860 intellectus
1913 2829 2042 2861 divinus
2057 2854 2063 2861 .
2079 2854 2086 2861 .
2102 2854 2109 2862 .
2127 2829 2289 2874 producit.
2306 2833 2325 2872 ξ
2340 2831 2435 2864 Prae-

1352 2888 1447 2912 terea.
1473 2881 1560 2912 Nihil
1586 2891 1684 2922 agens
1701 2890 1759 2922 per
1774 2881 1977 2912 voluntatem
1996 2905 2002 2912 .
2018 2906 2025 2912 .
2041 2905 2048 2912 .
2066 2882 2224 2914 absoluta.
2243 2883 2319 2915 Non
2338 2883 2436 2924 igitur

1353 2943 1390 2963 ex
1408 2933 1599 2963 necessitate
1624 2932 1751 2963 divinae
1772 2932 1948 2963 voluntatis
1965 2932 2065 2973 aliqui
2083 2932 2216 2964 effectus
2239 2933 2434 2974 procedu'nt,

1350 2984 1406 3016 sed
1423 2995 1460 3016 ex
1478 2985 1547 3016 eius
1567 2989 1692 3014 libertate
1710 2984 1809 3015 libera
1826 2983 2053 3025 dispositione.
2070 2989 2086 3023 g
2102 2989 2169 3015 Hinc
2188 2995 2228 3015 en
2250 2990 2323 3024 quod
2341 2990 2437 3016 dicitur

1349 3048 1388 3066 ro.
1407 3048 1440 3070 ix,
1461 3040 1593 3066 Voluntati
1613 3040 1670 3066 eius
1690 3040 1750 3073 quis
1770 3040 1877 3066 resistit.
1900 3039 1935 3065 Et
1959 3039 2056 3067 hese·
2129 3041 2188 3067 Non
2213 3045 2254 3067 est
2277 3041 2324 3075 qui
2349 3042 2436 3076 pouit

1349 3093 1409 3114 tune
1428 3088 1551 3114 resistere
1570 3088 1706 3114 voluntati.

1372 3196 1453 3236 Cap.
1480 3194 1978 3235 xxvl11etXX1x.Qmu-rm‹
2002 3207 2033 3227 is·
2059 3207 2162 3227 suurn
2189 3196 2426 3229 vitonum-tona*

1709 3257 1845 3278 „narrum
1870 3257 2070 3278 nevernum.

1393 3344 1542 3383 Qualiter
1572 3344 1605 3374 in
1639 3352 1747 3374 rerum
1781 3342 1998 3383 productione
2028 3341 2174 3374 debitum
2204 3345 2316 3372 iustitiae
2341 3342 2431 3373 inve-

1348 3397 1463 3428 niatur.
1490 3413 1512 3418 —
1534 3396 1551 3434 §
1568 3394 1748 3425 Ostendere
1765 3394 1861 3425 etiam
1881 3418 1887 3424 .
1902 3418 1908 3424 .
1924 3418 1931 3424 .
1949 3395 1982 3425 in
2000 3403 2069 3425 esse
2085 3393 2283 3434 produxerit.
2308 3393 2430 3425 lustitia

1348 3449 1464 3488 (enirn)
1490 3446 1672 3478 secundum
1697 3446 1933 3486 philosophum
1958 3446 1990 3476 in
2011 3455 2030 3475 v
2049 3445 2124 3481 eth„
2149 3444 2189 3475 ad
2213 3444 2348 3476 alterum
2372 3451 2430 3483 est,

1348 3501 1402 3531 cui
1421 3503 1493 3536 quod
1511 3502 1536 3528 ei
1555 3502 1631 3528 debet
1655 3497 1830 3537 (debitum)
1848 3496 1961 3528 reddit.
1979 3495 2158 3528 Universali
2175 3502 2283 3527 autem
2298 3521 2305 3528 .
2321 3521 2327 3528 .
2342 3521 2349 3528 .
2361 3506 2430 3529 non

1350 3551 1468 3593 potuit.
1493 3550 1619 3590 §ltem.
1651 3548 1738 3579 Cum
1768 3548 1908 3579 iustitiae
1940 3552 2030 3578 actus
2048 3570 2055 3578 .
2070 3570 2076 3577 .
2093 3571 2099 3576 .
2118 3547 2276 3588 procedit.
2301 3548 2429 3587 §Prae-

1349 3609 1445 3634 terea.
1471 3601 1589 3632 Nullus
1613 3600 1710 3631 debet
1727 3623 1733 3630 .
1749 3623 1756 3630 .
1771 3623 1778 3630 .
1797 3599 1885 3630 alteri
1911 3598 2018 3629 debet.
2035 3597 2088 3629 Sic
2105 3600 2191 3629 enirn
2210 3598 2295 3631 filius
2311 3605 2359 3630 est
2374 3598 2430 3631 de·

1349 3654 1433 3684 bitor
1458 3654 1538 3693 patri
1556 3653 1632 3692 quia
1657 3651 1773 3692 accipit
1790 3659 1859 3681 esse
1883 3649 1922 3680 ab
1939 3659 1990 3686 eo,
2008 3649 2162 3681 dominus
2182 3661 2260 3681 servo
2280 3651 2428 3682 ministro

1349 3706 1425 3746 quia
1450 3706 1488 3735 ab
1515 3714 1554 3735 eo
1579 3704 1697 3744 accipit
1724 3701 1915 3733 famulatum
1942 3711 2009 3741 quo
2034 3701 2166 3743 indiget,
2191 3702 2299 3734 omnis
2325 3702 2428 3734 homo

1350 3757 1502 3798 proximo
1527 3761 1660 3796 propter
1683 3754 1803 3790 Deum,
1828 3763 1844 3783 a
1869 3761 1938 3793 quo
1962 3753 2048 3784 bona
2073 3760 2190 3785 cuncta
2214 3754 2428 3795 suscepimus.

1306 3818 1333 3838 το
1351 3807 1414 3839 Sed
1433 3808 1521 3838 Deus
1537 3831 1543 3838 .
1558 3830 1565 3837 .
1582 3830 1588 3837 .
1607 3816 1644 3837 ex
1658 3806 1768 3846 aliquo
1786 3804 1924 3835 iustitiae
1941 3804 2062 3836 debito.
2078 3807 2097 3846 g
2112 3806 2274 3847 Amplius.
2291 3805 2326 3837 ln
2344 3814 2428 3847 quo-

1348 3859 1425 3890 libet
1456 3868 1574 3899 genere
1593 3868 1738 3888 causam-n
1757 3862 1798 3886 ese
1816 3862 1933 3893 propter
1952 3856 2042 3897 quod
2075 3862 2123 3891 est
2153 3862 2286 3898 propter
2315 3866 2350 3888 se
2380 3861 2429 3888 est

1348 3911 1437 3951 prius
1461 3919 1501 3941 eo
1527 3909 1618 3950 quod
1642 3914 1689 3940 est
1712 3913 1846 3949 propter
1862 3907 1959 3938 aliud.
1985 3908 2067 3939 lllud
2083 3909 2180 3949 igitur
2197 3931 2204 3939 .
2220 3932 2227 3939 .
2243 3932 2249 3939 .
2267 3917 2335 3939 non
2351 3916 2427 3949 pro·

1351 3960 1442 3992 duxit
1467 3970 1504 3991 ex
1537 3960 1647 3991 debito
1676 3958 1825 3990 iustitiae.
1849 3959 1867 3996 §
1883 3958 1968 3989 Hinc
1994 3965 2042 3989 est
2058 3981 2065 3989 .
2081 3982 2087 3990 .
2102 3981 2110 3989 .
2127 3968 2200 3990 mea
2224 3963 2309 3990 sunt.
2333 3959 2352 3998 ἓ
2367 3957 2427 3989 Per

1349 4011 1429 4042 haec
1454 4015 1562 4041 autem
1581 4032 1588 4040 .
1604 4032 1611 4039 .
1626 4031 1634 4039 .
1648 4007 1738 4049 quod
1763 4007 1867 4039 debet.
1886 4008 1960 4039 Non
1978 4009 2066 4040 enim
2090 4018 2128 4040 ex
2153 4008 2263 4039 debito
2288 4008 2426 4039 iustitiae

219 4055 337 4086 sentiae
362 4055 552 4087 infinitatem
578 4067 673 4097 supra
693 4061 790 4085 mitons.-
816 4058 1025 4090 ostendimus.
1053 4059 1216 4091 infinitum
1234 4071 1289 4092 au·
1305 4074 1330 4095 75
1348 4059 1425 4104 (res)
1452 4066 1613 4101 operatur,
1639 4064 1673 4090 ut
1698 4065 1864 4090 ostensum
1891 4065 1947 4090 est.
1972 4061 1990 4098 ,ξ
2006 4059 2098 4090 Licet
2121 4065 2230 4090 autem
2248 4083 2255 4090 .
2271 4082 2278 4090 .
2293 4082 2301 4090 .
2318 4059 2426 4090 consi-

2474 247 2573 296 23¹&
2592 244 2693 297 faits

2472 770 2581 793 ‚arvat-

2466 2319 2634 2345 μην-ω

2462 3047 2471 3057 ·
2495 3045 2603 3075 spnlu
2629 3046 2680 3070 nt}-

2461 3077 2677 3129 glakvapimll.

2458 3346 2674 3376 nvn-msu-
