2768 4134
310 287 381 334 176

832 265 1021 315 SUMMA
1050 275 1273 312 CONTRA
1303 274 1580 321 GEN'I'ILES,
1611 274 1723 311 CAP.
1744 275 1843 320 LXI,
1864 275 1977 311 LXII.

305 365 342 394 ln
368 363 483 394 ordine
506 366 613 391 autem
637 359 681 389 ad
705 358 901 389 intellectum
925 357 1102 386 humanum
1128 364 1180 385 res
1210 354 1275 384 dici
1299 362 1379 394 pos·
1421 353 1570 394 falsam:
1593 353 1741 393 quamvis
1762 354 1940 385 secundum
1956 353 2034 394 quid
2049 353 2162 394 aliqua
2180 353 2311 393 possint
2332 353 2397 384 dici
2410 353 2509 395 falsa

302 413 378 438 sunt
390 407 524 449 salsae:
546 414 584 435 eo
608 403 696 444 quod
719 412 761 433 ex
784 400 1002 432 exterioribus
1017 399 1247 435 accidentibus,
1264 397 1379 438 quibus
1432 397 1464 427 in
1491 397 1607 428 ordine
1637 397 1680 448 ad
1712 398 1908 430 intellectum
1938 403 2097 435 nostrum,
2122 397 2166 428 ad
2189 407 2283 438 quem
2312 397 2509 428 secundario

303 462 374 482 cum
405 450 481 481 aliis
511 449 606 480 rebus
634 447 878 478 similitudinem
908 446 1036 481 habent,
1062 450 1159 474 natae
1188 443 1254 473 sint
1283 442 1323 473 de
1345 452 1380 473 se
1432 441 1550 472 habent
1573 441 1732 472 ordmem.

293 496 421 538 salsam
446 493 718 525 existimationem
732 492 872 534 facere;
895 495 953 521 aut
975 490 1072 520 etiam
1088 488 1164 529 quia
1190 496 1379 528 repraesen-

303 545 415 571 tantur
439 539 590 569 oratione
614 537 664 568 vel
688 537 851 567 intellectu
866 535 974 577 falso.
999 534 1063 564 Sed
1085 533 1162 574 quia
1187 541 1239 562 res
1262 531 1307 562 ad
1330 531 1379 561 in-

303 585 462 615 tellectum
478 583 623 614 divinum
639 581 843 612 essentialem
860 579 1137 620 comparationem
1153 577 1279 612 habent,
1294 576 1378 611 ideo,

302 639 375 660 cum
392 638 457 669 per
480 627 757 668 comparationem
786 625 830 656 ad
860 625 962 665 ipsum
984 623 1100 666 salsae
1130 631 1195 652 non
1224 621 1298 656 sint,
1322 620 1380 651 sed

1489 485 1641 526 Septimo.
1666 485 1703 516 In
1726 486 1798 517 Deo
1821 487 1946 519 malum
1971 497 2039 518 esse
2063 497 2131 518 non
2155 492 2273 528 potest.
2298 486 2385 527 Ergo
2410 491 2471 517 etc.
2492 505 2510 508 -

1433 530 1679 571 Consequentia
1702 536 1799 571 patet.
1824 531 1912 570 Quia
1934 531 2051 563 falsum
2083 538 2130 563 est
2160 531 2285 562 malum
2316 530 2510 568 intellectus,

1433 576 1517 606 sicut
1540 584 1654 606 verum
1679 581 1726 606 est
1749 576 1819 606 eius
1843 576 1979 608 bonum.

1489 619 1723 651 Conrnuuwa
1747 625 1778 651 et
1801 621 1992 652 auctoritate
2015 621 2109 652 Rom.
2127 631 2172 658 111,
2196 627 2228 652 et
2251 621 2350 651 Num.
2368 630 2454 658 xxm,
2480 625 2511 651 et

303 683 408 709 verae,
433 673 623 713 simpliciter
647 676 678 702 et
700 671 847 702 absolute
870 669 935 700 dici
952 673 1062 709 potest
1085 667 1209 697 nullam
1227 675 1294 696 rem
1311 675 1380 696 esse
1435 665 1592 705 [Primae]
1619 665 1713 695 Ioan.
1732 674 1752 694 1.

1356 770 1380 795 .—
1378 764 1453 805 ,m

591 922 1074 981 CAPITULUM
1113 919 1723 978 SEXAGESIMUM
1762 919 2220 995 SECUNDUM,

1182 1041 1212 1071 A
1249 1041 1296 1071 ὃν
1336 1041 1407 1071 1³15
1433 1041 1502 1071 sine
1526 1040 1633 1071 titulo.

470 1135 644 1188 QUOD
694 1131 909 1172 DIVINA
953 1129 1221 1171 VERITAS
1271 1130 1387 1171 EST
1436 1129 1627 1170 PRIMA
1675 1130 1754 1171 ET
1805 1130 2026 1172 SUMMA
2070 1128 2339 1172 VERITAS

321 1297 343 1312 c,
372 1290 497 1344 {3543
510 1278 534 1303 x
563 1264 622 1302 his
651 1273 784 1302 autem
812 1276 913 1314 quae
943 1272 1098 1301 ostensa
1130 1272 1220 1301 sunt
1248 1263 1374 1301 mani-

323 1331 334 1350 .-
371 1342 393 1363 τ.
412 1328 490 1367 'st-J

523 1319 615 1356 feste
645 1319 810 1356 habetur
846 1318 955 1367 quod
991 1317 1124 1355 divina
1156 1317 1299 1355 veritas
1328 1316 1375 1354 sit

336 1408 342 1419 ,
464 1388 493 1418 ·;
524 1372 652 1423 prima
680 1380 717 1409 et
745 1383 902 1409 summa
931 1370 1082 1409 veritas.

423 1424 425 1427 ”
465 1427 470 1433 ’
485 1441 494 1451 -’
578 1428 678 1464 Sicut
692 1427 792 1463 enim
813 1431 864 1463 est
882 1426 1071 1474 dispositio
1086 1437 1215 1462 rerum
1231 1427 1268 1462 in
1284 1437 1373 1471 esse,

300 1483 350 1524 ita
378 1487 412 1518 et
439 1482 476 1517 in
505 1483 671 1526 veritate,
701 1487 743 1517 ut
771 1487 874 1529 patet
906 1491 977 1529 per
1004 1478 1305 1529 Philosophum,
1335 1478 1375 1516 in

300 1536 329 1572 11
349 1535 519 1583 Metaph.
535 1534 572 1571 *ε
603 1542 640 1571 et
668 1534 745 1571 hoc
768 1532 857 1571 ideo
885 1532 978 1583 quia
1006 1545 1146 1570 verum
1175 1540 1212 1570 et
1240 1544 1310 1570 ens
1334 1544 1375 1569 se

301 1587 469 1626 invicem
498 1595 811 1637 consequuntur;
831 1594 888 1624 est
911 1587 1017 1624 enirn
1041 1598 1182 1624 verum
1209 1598 1295 1623 cum
1321 1587 1375 1623 di-

300 1644 396 1679 citur
415 1654 492 1679 esse
512 1642 612 1691 quod
629 1647 679 1678 est
698 1641 757 1678 vel
776 1654 850 1678 non
872 1653 950 1678 esse
964 1641 1065 1690 quod
1083 1653 1157 1678 non
1179 1646 1230 1677 est
1244 1640 1275 1677 *.
1297 1640 1376 1677 Sed

301 1695 480 1733 divinum
495 1707 578 1732 esse
593 1702 649 1732 est
668 1694 841 1744 primum
861 1702 898 1731 et
917 1693 1251 1744 perfectissimum.
1273 1694 1376 1742 Ergo

302 1757 337 1786 et
366 1761 437 1786 sua
464 1748 604 1786 veritas
633 1756 689 1785 est
716 1748 843 1798 prima
872 1756 908 1785 et
937 1759 1104 1785 summa.

355 1803 461 1840 Item.
488 1802 608 1850 Quod
627 1814 698 1852 per
717 1801 924 1839 essentiam
944 1801 1056 1839 alicui
1076 1801 1270 1847 convenit,
1290 1813 1376 1850 per-

301 1856 504 1893 fectissime
525 1855 559 1893 ei
578 1855 772 1893 convenit.
796 1855 873 1893 Sed
893 1855 1033 1892 veritas
1052 1855 1138 1892 Deo
1158 1854 1378 1892 attribuitur

59 1539 67 1547 ¹
79 1537 102 1558 S.
110 1536 178 1558 Th.1.
186 1542 205 1559 2:
219 1535 269 1557 Did.

59 1563 96 1590 la,
108 1570 122 1589 ι,
133 1569 151 1591 5.

59 1644 66 1653 ⁸
96 1643 126 1664 III
157 1643 260 1670 Metaplz.

58 1676 131 1719 'vl-11¹‚6t2
147 1677 165 1691 S.
175 1669 217 1691 ΤΙι.
232 1658 273 1696 lV¹‚

301 1909 559 1956 essentialiter,
580 1917 622 1946 ut
642 1917 842 1946 ostensum
872 1917 927 1945 est
942 1909 972 1945 *.
996 1909 1075 1946 Sua
1104 1907 1217 1956 igitur
1235 1907 1376 1945 veritas

301 1971 357 2000 est
386 1975 542 2000 summa
571 1970 607 1999 et
634 1961 761 2012 prima
789 1961 941 1999 veritas.

354 2017 566 2053 Praeterea.
598 2015 746 2052 Veritas
774 2015 814 2052 in
843 2023 976 2052 nostro
1006 2014 1198 2051 intellectu
1226 2026 1272 2051 ex
1300 2015 1377 2051 hoc
1393 2033 1401 2046 ι

300 2077 355 2106 est
383 2069 491 2119 quod
520 2069 762 2118 adaequatur
789 2068 843 2105 rei
873 2068 1095 2105 intellectae.
1126 2067 1377 2118 Aequalitatis

57 2160 65 2167 ,
82 2158 97 2178 s·
124 2157 152 2178 Τ,
194 2159 198 2178 Ι
246 2164 269 2169 -.
299 2130 429 2160 autem
450 2135 566 2160 causa
595 2130 652 2159 est
679 2122 817 2167 unitas,
848 2130 890 2159 ut
917 2130 1022 2172 patet
1050 2121 1089 2158 in
1118 2122 1153 2159 V
1171 2123 1377 2172 Metaphy-

56 2164 269 2211 Di‘d'-1v'‚'xv'.4'-''
298 2178 397 2214 sicae
410 2176 440 2213 *.
463 2176 567 2214 Cum
586 2175 699 2225 igitur
719 2175 758 2213 in
778 2175 971 2214 intellectu
992 2174 1126 2213 divino
1147 2174 1192 2212 sit
1212 2174 1377 2213 omnino

352 2290 368 2314 8
388 2290 439 2323 vel}
459 2295 485 2315 et
503 2290 611 2315 GWYb.
706 2297 738 2321 ¹4
758 2297 863 2315 summa
882 2295 907 2315 et
925 2289 1010 2323 prima
1029 2289 1065 2320 N;
1085 2289 1170 2322 prima
1188 2294 1214 2315 et
1232 2297 1347 2316 summa.

354 2333 386 2351 10
406 2325 460 2359 qui]
481 2326 543 2359 quia
561 2325 655 2351 Gwv.
739 2332 770 2350 12
790 2325 822 2350 ab
843 2325 906 2358 arte]
926 2326 959 2350 ad
979 2330 1060 2351 artem
1077 2325 1137 2351 aPc.

298 2367 402 2387 suratur
420 2362 442 2386 Α
460 2362 547 2393 solus;
566 2366 741 2387 mensuretur.

1224 2332 1233 2350 ι
1242 2324 1256 2350 3
1276 2326 1354 2351 etiam
1368 2325 1458 2358 Epr3
1473 2333 1538 2358 ergo
1550 2326 1628 2351 etiam
1641 2326 1676 2356 X,
1690 2333 1754 2359 ergo
1766 2325 1858 2352 ceteri.

834 2361 867 2387 18
886 2360 1001 2394 summa]
1021 2367 1047 2386 et
1066 2369 1172 2386 summa
1191 2361 1258 2392 Dw,
1277 2369 1320 2387 om
1340 2361 1373 2392 G,
1393 2369 1518 2395 suprema
1536 2361 1566 2387 Z.

1432 1263 1537 1301 idem
1567 1263 1781 1302 intellectus
1810 1272 1847 1301 et
1875 1263 1984 1313 quod
2014 1263 2244 1314 intelligitur,
2274 1277 2345 1303 sua
2373 1265 2514 1304 veritas

1431 1317 1502 1355 erit
1529 1317 1657 1367 prima
1685 1325 1723 1354 et
1750 1329 1909 1355 summa
1937 1317 2090 1355 veritas.

1485 1370 1677 1421 Amplius.
1694 1371 1791 1409 lllud
1811 1371 1921 1421 quod
1936 1379 1993 1409 est
2012 1383 2198 1410 mensura
2211 1371 2251 1410 in
2267 1385 2513 1424 unoquoque

1430 1436 1584 1473 genere,
1619 1433 1676 1463 est
1708 1424 2033 1475 perfectissimum
2072 1425 2172 1464 illius
2199 1426 2366 1475 generis:
2405 1427 2513 1465 unde

1432 1491 1571 1516 omnes
1590 1480 1740 1517 colores
1759 1487 2038 1517 mensurantur
2060 1479 2162 1517 albo.
2191 1479 2270 1519 Sed
2297 1479 2429 1518 divina
2446 1492 2514 1518 ve-

1432 1532 1522 1570 ritas
1550 1541 1606 1570 est
1634 1545 1819 1570 mensura
1854 1532 1985 1570 omnis
2013 1533 2194 1572 veritatis.
2223 1534 2374 1572 Veritas
2406 1534 2513 1572 enim

1432 1586 1552 1624 nostri
1581 1586 1794 1624 intellectus
1819 1595 2070 1625 mensuratur
2087 1599 2111 1624 a
2135 1599 2177 1624 re
2201 1599 2303 1638 quae
2327 1595 2384 1625 est
2406 1595 2514 1627 extra

1432 1639 1618 1686 animam,
1635 1652 1682 1677 ex
1697 1641 1774 1678 hoc
1789 1639 1895 1677 enim
1910 1640 2123 1678 intellectus
2143 1649 2276 1680 noster
2288 1653 2406 1680 verus
2420 1641 2513 1680 dici-

1431 1702 1495 1731 tur
1513 1694 1622 1743 quod
1637 1701 1824 1731 consonat
1843 1693 1914 1731 rei:
1934 1693 2075 1732 veritas
2094 1702 2226 1732 autem
2241 1695 2295 1733 rei
2310 1707 2512 1734 mensura-

1393 1764 1418 1779 ιο
1432 1756 1494 1784 tur
1518 1747 1566 1784 ad
1596 1747 1832 1785 intellectum
1853 1746 2044 1794 divinum,
2066 1747 2135 1798 qui
2154 1757 2210 1786 est
2230 1761 2347 1787 causa
2367 1761 2511 1806 rerum,

1432 1809 1475 1838 ut
1503 1800 1600 1838 infra
1613 1800 1634 1822 ’¹‘
1652 1800 1898 1850 probabitur;
1923 1801 2022 1839 sicut
2049 1801 2190 1840 veritas
2218 1802 2514 1841 artificiatorum

1432 1854 1481 1892 ab
1501 1862 1580 1891 arte
1609 1853 1782 1900 artificis;
1806 1862 1902 1892 tunc
1920 1854 2027 1892 enim
2046 1867 2140 1893 vera
2159 1863 2215 1893 est
2233 1867 2323 1894 arca
2350 1857 2513 1906 quando

1432 1915 1621 1944 consonat
1641 1907 1722 1945 arti.
1744 1907 1849 1945 Cum
1868 1907 1986 1945 etiam
2005 1908 2113 1946 Deus
2133 1908 2179 1946 sit
2198 1909 2350 1959 primus
2369 1909 2512 1948 intelle-

1432 1969 1516 1998 ctus
1536 1968 1572 1998 et
1590 1960 1766 2011 primum
1791 1960 2036 2011 intelligibile,
2057 1969 2210 2012 oportet
2237 1963 2347 2013 quod
2372 1962 2514 2002 veritas

1433 2013 1645 2052 intellectus
1674 2013 1878 2052 cuiuslibet
1897 2014 1981 2053 eius
2000 2014 2159 2053 veritate
2187 2024 2452 2056 mensuratur:
2482 2016 2514 2055 si

1433 2068 1725 2118 unumquodque
1738 2075 1981 2107 mensuratur
1988 2071 2118 2120 primo
2131 2072 2192 2108 sui
2197 2072 2363 2122 generis,
2372 2078 2414 2109 ut
2423 2070 2513 2110 Phi-

1433 2121 1623 2172 losophus
1642 2121 1766 2169 tradit,
1782 2121 1821 2160 in
1837 2122 2173 2173 XMetaphysicae
2185 2122 2216 2161 *.
2237 2123 2382 2163 Divina
2401 2123 2515 2174 igitur

1434 2175 1574 2213 veritas
1593 2184 1650 2213 est
1670 2174 1806 2225 prima,
1828 2188 1985 2214 summa
2005 2185 2041 2214 et
2065 2177 2340 2227 perfectissima
2359 2177 2512 2217 veritas.

1943 2334 1976 2358 ¹4
1994 2326 2120 2360 primuml
2138 2334 2219 2361 aupra
2234 2327 2302 2353 Gw.
2387 2327 2418 2354 15
2439 2335 2514 2355 mer»-

1065 2448 1405 2483 Commentaria
1435 2450 1748 2484 Fen-ariensis

301 2559 466 2622 sacusno
483 2548 625 2580 ostendit
638 2548 729 2589 quod
744 2548 855 2580 divina
874 2549 994 2580 ueritas
1013 2554 1060 2580 est
1077 2549 1188 2589 prima
1205 2554 1236 2580 et
1250 2559 1377 2580 summa

58 2597 66 2606 ⁶
82 2596 117 2618 ΕΙ.
136 2595 268 2618 Comment.
342 2594 463 2624 veritas
479 2594 505 2624 *-

355 2638 377 2668 1.
394 2638 558 2669 Probatur
574 2638 696 2679 primo.
722 2637 878 2669 Divinum
895 2646 965 2669 esse
988 2643 1036 2669 est
1058 2638 1201 2678 primum
1218 2645 1250 2669 et
1273 2638 1378 2679 perfe-

298 2683 486 2713 ctissimum.
512 2683 599 2723 Ergo
616 2681 724 2714 divina
740 2683 855 2713 veritas
871 2688 919 2714 est
934 2682 1039 2723 prima
1055 2689 1086 2713 et
1102 2682 1345 2723 perfectissima.
1356 2700 1378 2705 —

298 2727 456 2758 Probatur
472 2727 716 2768 consequentia.
733 2727 830 2766 Quia,
844 2737 881 2758 ex
898 2727 925 2758 11
939 2727 1094 2768 Metaph„
1107 2728 1192 2758 sicut
1207 2733 1255 2759 est
1269 2727 1377 2769 dispo-

298 2772 372 2802 sitio
398 2782 507 2803 rerum
539 2772 571 2802 in
604 2781 682 2809 esse,
708 2772 753 2803 ita
778 2777 810 2802 et
832 2772 865 2802 in
891 2771 1044 2803 veritate:
1067 2782 1108 2803 eo
1139 2772 1230 2813 quod
1261 2782 1319 2803 ens
1346 2778 1378 2804 et

299 2826 411 2848 verum
435 2826 469 2847 se
492 2817 633 2848 invicem
657 2822 911 2857 consequantur.
935 2816 1038 2855 Quod
1061 2826 1138 2857 ergo
1163 2824 1210 2848 est
1234 2818 1377 2858 primum

300 2871 379 2898 esse,
404 2866 534 2902 oportet
558 2867 594 2892 ut
616 2862 739 2902 primae
763 2862 888 2892 veritati
911 2861 1173 2902 correspondeat.

355 2905 598 2937 Advertendum
622 2906 740 2947 primo,
757 2915 796 2937 ex
812 2905 959 2938 doctrina
979 2905 1088 2937 Sancti
1105 2906 1255 2938 Thomae
1271 2906 1378 2938 Prima

62 2950 270 2978 'Qu-¹v··3·³d··
300 2951 391 2982 Parte
408 2951 436 2987 ⁴,
460 2950 552 2991 quod
574 2960 687 2982 verum
711 2950 802 2992 quod
826 2956 874 2982 est
896 2951 929 2982 in
954 2951 1061 2987 rebus,
1085 2952 1285 2983 convertitur
1301 2961 1378 2983 cum

301 3001 374 3026 ente
398 2995 579 3026 secundum
602 2995 892 3036 praedicationem:
918 3005 1017 3027 omne
1047 2996 1135 3026 enim
1165 3006 1222 3027 ens
1253 3003 1299 3027 est
1323 3006 1378 3028 ve—

300 3049 383 3076 rum,
409 3045 440 3071 et
463 3049 563 3071 omne
586 3049 699 3071 verum
723 3047 771 3071 est
794 3050 861 3071 ens.
885 3040 1009 3072 Verum
1032 3046 1142 3071 autem
1166 3041 1257 3082 quod
1277 3047 1329 3072 -est
1344 3042 1378 3073 in

301 3084 478 3120 intellectu,
508 3085 706 3116 convertitur
736 3094 813 3117 cum
844 3090 918 3116 ente
948 3084 1130 3116 secundum
1159 3092 1378 3126 repraesenta-

301 3129 435 3166 tionem,
460 3129 542 3160 sicut
565 3129 838 3161 manifestativum
862 3138 939 3161 cum
961 3128 1182 3161 manifestato:
1215 3140 1255 3161 eo
1287 3131 1378 3171 quod

302 3174 433 3204 cuilibet
466 3183 542 3205 vero
573 3174 751 3206 intellectui
782 3173 1035 3215 correspondeat
1067 3174 1189 3215 aliquid
1212 3175 1246 3206 in
1273 3185 1321 3212 re;
1347 3182 1378 3207 et

303 3228 320 3248 e
344 3228 502 3250 converso
527 3219 659 3250 cuilibet
690 3219 755 3251 enti
787 3218 1040 3260 correspondeat
1063 3228 1157 3251 verus
1185 3220 1378 3257 intellectus,

303 3262 413 3293 saltem
437 3263 575 3294 divinus.
600 3263 665 3295 Isto
689 3263 835 3295 secundo
858 3263 962 3295 modo
986 3263 1112 3295 videtur
1144 3265 1290 3305 accipere
1313 3265 1379 3296 hoc

304 3306 377 3337 loco
402 3307 538 3339 Sanctus
557 3308 703 3340 Thomas
727 3309 996 3340 consecutionem
1029 3309 1111 3339 entis
1135 3315 1166 3340 et
1190 3310 1270 3340 veri:
1302 3311 1379 3350 quia

242 3375 245 3379 .
303 3352 439 3392 assignat
462 3353 620 3383 rationem
644 3353 714 3384 talis
737 3353 980 3384 consecutionis
1004 3362 1042 3384 ex
1066 3353 1130 3384 hoc
1154 3354 1245 3394 quod
1265 3364 1377 3386 verum

305 3401 351 3425 est
373 3405 445 3426 cum
469 3397 589 3428 dicitur
612 3407 680 3428 esse
703 3397 791 3439 quod
814 3402 862 3428 est
884 3402 915 3429 et
939 3407 1004 3428 non
1029 3407 1097 3429 esse
1119 3398 1207 3439 quod
1231 3409 1296 3429 non
1321 3404 1378 3436 est,

305 3439 394 3479 quod
428 3441 565 3481 pertinet
595 3441 634 3472 ad
665 3442 934 3474 consecutionem
970 3443 1236 3483 repraesentantis
1267 3450 1298 3474 et
1330 3454 1379 3476 re-

306 3485 506 3523 praesentati.

360 3528 603 3561 Advertendum
631 3531 787 3567 secundo,
819 3531 903 3562 circa
933 3531 1020 3562 illam
1052 3532 1311 3572 propositionem
1340 3543 1378 3564 ex

308 3571 334 3601 11
351 3573 594 3614 Metaphysicae
617 3582 790 3616 sumptam,
815 3576 907 3607 Sicut
935 3581 983 3607 est
1012 3575 1180 3617 dispositio
1209 3586 1319 3608 rerum
1345 3578 1378 3608 in

307 3625 385 3652 esse,
410 3617 454 3647 ita
478 3623 508 3648 et
531 3618 563 3648 in
589 3619 733 3657 veritate,
759 3620 849 3661 quod
873 3620 1040 3662 dispositio
1066 3630 1131 3651 non
1156 3622 1316 3662 accipitur
1330 3633 1379 3653 se-

307 3660 447 3690 cundum
463 3662 550 3702 quod
565 3668 611 3693 est
627 3664 659 3693 in
683 3674 805 3705 genere
826 3665 1004 3706 qualitatis,
1020 3665 1078 3696 sed
1099 3666 1276 3697 secundum
1293 3667 1381 3707 quod

59 2629 77 2644 c.
91 2629 137 2649 ωιι,
153 2623 202 2644 init.

1431 2549 1593 2591 quendam
1618 2549 1766 2580 ordinem
1790 2549 1955 2591 importat.
1987 2550 2028 2580 Et
2051 2556 2099 2581 est
2122 2559 2236 2582 sensus
2260 2550 2361 2591 quod,
2386 2551 2441 2582 ubi
2463 2551 2513 2583 in-

1432 2594 1562 2625 venitur
1587 2594 1676 2635 quod
1703 2599 1750 2625 est
1780 2594 1923 2625 maxime
1952 2604 2020 2632 ens,
2046 2595 2213 2626 invenitur
2235 2596 2332 2626 etiam
2355 2596 2445 2637 quod
2466 2602 2515 2628 est

1433 2639 1575 2670 maxime
1590 2649 1713 2675 verum,
1730 2639 1807 2680 quia
1825 2640 1912 2670 ratio
1929 2640 1998 2671 ueri
2014 2639 2176 2670 rationem
2193 2640 2276 2671 entis
2291 2641 2512 2682 consequitur.

1432 2683 1477 2715 lta
1501 2685 1635 2724 exponit
1659 2683 1796 2715 Sanctus
1813 2684 1959 2715 Thomas
1978 2684 2086 2722 Ver-it„
2104 2693 2136 2725 q.
2154 2694 2175 2722 1,
2191 2694 2221 2716 a.
2242 2692 2270 2722 ι,
2287 2685 2328 2716 ad
2346 2686 2376 2717 5.

1488 2728 1525 2759 11.
1539 2728 1699 2760 Secundo.
1713 2729 1838 2760 Veritas
1850 2730 2005 2760 convenit
2019 2728 2093 2760 Deo
2106 2730 2326 2767 essentialiter,
2339 2735 2377 2762 ut
2387 2729 2512 2762 dietum

1431 2779 1488 2805 est.
1515 2773 1601 2813 Ergo
1630 2772 1878 2814 perfectissime:
1911 2774 1987 2815 quia
2019 2774 2110 2814 quod
2137 2783 2196 2815 per
2216 2776 2388 2806 essentiam
2415 2775 2512 2807 alicui

1432 2819 1595 2854 convenit,
1620 2818 1666 2849 illi
1690 2817 1923 2859 perfectissime
1947 2819 2111 2850 convenit.

1491 2863 1612 2894 Tertio.
1638 2863 1673 2894 ln
1698 2863 1771 2894 Deo
1795 2865 1935 2895 omnino
1958 2863 2046 2895 idem
2079 2869 2128 2895 est
2158 2863 2342 2896 intellectus
2366 2870 2398 2896 et
2420 2864 2512 2907 quod

1431 2908 1630 2949 intelligitur.
1655 2908 1742 2949 Ergo
1767 2913 1828 2939 ete.
1851 2926 1875 2932 —
1897 2908 2056 2939 Probatur
2079 2909 2322 2950 consequentia.
2348 2908 2435 2948 Quia
2456 2919 2512 2942 ve·

1430 2953 1505 2983 ritas
1528 2953 1675 2984 consistit
1698 2953 1731 2984 in
1755 2952 2003 2994 adaequatione.
2034 2953 2247 2994 Aequalitatis
2277 2959 2387 2986 autem
2415 2963 2512 2987 causa

1432 3003 1479 3028 est
1503 2998 1622 3028 unitas:
1650 3003 1685 3028 ut
1711 2997 1828 3029 dicitur
1850 2998 1879 3029 V
1905 2998 2060 3039 Metaph„
2085 3004 2161 3030 text.
2184 3007 2236 3030 20.
2262 2998 2360 3040 Ergo,
2385 2997 2441 3031 ubi
2464 3005 2512 3031 est

1432 3043 1572 3073 maxima
1592 3043 1698 3074 unitas
1720 3042 1904 3074 intellectus
1919 3047 1951 3074 et
1965 3044 2011 3074 rei
2027 3043 2219 3080 intellectae,
2236 3044 2280 3075 ibi
2297 3043 2356 3075 erit
2371 3045 2512 3076 maxime

1432 3094 1463 3118 et
1487 3086 1720 3128 perfectissime
1743 3087 1869 3119 veritas.

1491 3132 1630 3168 Quarto.
1659 3132 1784 3163 Veritas
1816 3132 1924 3164 divina
1957 3138 2004 3164 est
2036 3141 2188 3164 mensura
2220 3133 2328 3164 omnis
2359 3132 2509 3164 veritatis.

1432 3176 1519 3217 Ergo
1543 3175 1785 3217 perfectissima.
1809 3195 1832 3200 —
1855 3177 1946 3208 Patet
1969 3178 2215 3219 consequentia.
2238 3176 2325 3216 Quia
2348 3176 2440 3218 quod
2463 3184 2512 3208 est

1431 3230 1582 3252 mensura
1606 3222 1639 3252 in
1664 3231 1870 3263 unoquoque
1893 3231 2022 3263 genere.
2047 3227 2095 3253 est
2124 3220 2395 3264 perfectissimum
2424 3221 2512 3253 illius

1431 3266 1567 3306 generis.
1592 3284 1613 3288 —
1636 3266 1843 3298 Antecedens
1858 3276 1936 3298 vero
1961 3267 2125 3308 probatur.
2149 3265 2239 3298 Deus
2255 3271 2303 3297 est
2318 3266 2442 3307 primus
2461 3266 2510 3297 in·

1432 3310 1579 3342 tellectus
1603 3316 1634 3341 et
1658 3311 1800 3352 primum
1824 3311 2035 3352 intelligibile.
2067 3311 2156 3352 Ergo
2182 3311 2298 3342 veritas
2328 3311 2511 3342 intellectus

1432 3355 1604 3387 cuiuslibet
1615 3365 1633 3386 a
1643 3356 1777 3387 veritate
1789 3356 1859 3388 eius
1870 3361 2084 3388 mensuratur.
2094 3355 2253 3387 Probatur
2264 3356 2509 3397 consequentia.

1432 3400 1518 3438 Quia
1535 3401 1642 3431 omnis
1658 3401 1774 3432 veritas
1793 3406 1850 3432 aut
1871 3405 2077 3432 mensuratur
2092 3409 2111 3431 a
2125 3408 2170 3436 re,
2187 3399 2270 3431 sicut
2285 3401 2401 3431 veritas
2415 3401 2510 3432 intel-

1433 3445 1535 3477 lectus
1558 3445 1675 3482 nostri;
1700 3451 1755 3476 aut
1782 3450 1988 3476 mensuratur
2017 3444 2057 3476 ab
2087 3443 2264 3481 intellectu,
2289 3444 2373 3476 sieut
2402 3446 2511 3477 omnis

1432 3490 1477 3520 rei
1502 3490 1616 3520 veritas
1635 3494 1839 3521 mensuratur
1862 3489 1895 3520 in
1919 3488 2032 3520 ordine
2055 3488 2096 3520 ad
2126 3488 2328 3520 intellectum
2351 3489 2509 3526 divinum,

1433 3544 1450 3564 a
1474 3543 1542 3574 quo
1566 3539 1726 3566 causatur.
1749 3533 1815 3566 Sed
1837 3538 1911 3565 utro
1934 3532 2037 3564 modo
2067 3538 2282 3571 mensuretur,
2306 3540 2510 3566 mensuratur

1433 3588 1450 3609 a
1475 3579 1597 3619 primo:
1623 3588 1700 3610 cum
1722 3577 1988 3619 unumquodque
2010 3582 2217 3610 mensuretur
2232 3588 2251 3609 a
2265 3579 2373 3619 primo
2389 3579 2439 3610 sui
2455 3589 2511 3620 ge-

1434 3624 1528 3654 neris.
1554 3623 1640 3664 Ergo
1671 3628 1802 3664 oportet
1831 3627 1867 3653 ut
1897 3623 2004 3653 omnis
2034 3622 2150 3653 veritas
2177 3629 2382 3654 mensuretur
2412 3630 2468 3656 aut
2492 3634 2509 3655 a

1433 3669 1540 3708 primo
1563 3667 1767 3708 intelligibili,
1791 3672 1847 3698 aut
1869 3675 1887 3697 a
1911 3667 2018 3707 primo
2042 3666 2219 3699 intellectu.
2250 3667 2284 3699 Si
2314 3677 2392 3709 ergo
2420 3668 2512 3700 Deus

2540 1811 2550 1820 ‘
2565 1805 2658 1834 uun,
2672 1812 2693 1828 c.
2705 1811 2743 1833 2⁴.

2541 2136 2559 2188 ἶ,
2568 2165 2591 2189 7,
2601 2139 2648 2184 ...μς
2653 2133 2706 2158 ma.
2713 2133 2758 2159 ix.

2556 2133 2613 2156 ξ
