2768 4134
0 1880 4 1922 ,ην
0 1834 3 1862 —-
0 1686 7 1817 *mv——

40 865 52 876 ·
66 863 103 887 ef.
118 868 184 886 num.
198 868 258 884 xxu.

761 243 949 280 SUMMA
979 245 1201 283 CONTRA
1230 245 1504 292 GENTILES,
1531 247 1625 283 LIB.
1647 247 1688 292 ΙΙ,
1710 246 1821 283 CAP.
1843 246 2007 284 XCVIII.

282 323 350 354 sive
373 323 412 353 sit
436 322 560 362 species
583 320 812 352 intellectualis
836 322 1042 359 substantiae,
1067 329 1121 353 aut
1149 324 1246 354 etiam
1276 324 1360 354 acci-

282 367 397 398 dentis.
423 366 514 398 Sicut
537 366 626 397 enim
649 374 718 396 non
733 370 841 406 potest
860 366 1056 397 substantiae
1073 368 1246 398 convenire
1270 373 1306 399 ut
1322 369 1362 398 sit

283 412 434 443 omnium
466 411 592 442 entium
622 409 728 441 forma
758 410 946 440 contentiva
975 410 1189 451 inadaequata
1219 412 1361 449 cuilibet,

281 457 344 487 nisi
367 457 398 487 ei
421 465 505 496 quae
521 460 570 486 est
592 453 728 490 infinita,
752 454 795 484 ita
811 453 875 484 hoc
891 464 959 485 non
975 460 1084 494 potest
1100 457 1274 486 convenire
1289 466 1362 497 spe-

283 502 344 532 ciei
360 499 586 532 intellectuali:
603 508 681 530 cum
697 498 805 529 omnis
821 499 945 538 species
960 499 1185 530 intellectualis
1200 501 1239 530 sit
1255 500 1363 541 aliqua

283 545 446 587 quidditas
470 549 586 581 creata,
610 549 643 574 et
664 552 734 574 non
757 543 861 584 possit
877 552 946 574 esse
962 543 1124 583 quidditas
1140 545 1289 575 omnium
1306 555 1362 576 en—

283 592 367 622 tium
389 588 658 631 repraesentativa
672 588 735 618 nisi
751 592 840 618 extra
854 587 1057 618 intellectum
1078 589 1119 619 sit
1142 588 1250 629 aliqua
1269 589 1377 629 quid-'

284 635 366 666 ditas
380 639 487 666 creata
502 641 587 673 quae
599 633 712 663 omnia
727 632 814 663 entia
826 632 992 663 contineat
1008 638 1040 663 et
1055 632 1095 663 ad
1110 633 1238 664 nullum
1249 642 1363 674 genus,

284 679 325 711 ad
347 679 538 718 nullamque
561 677 705 717 speciem
732 676 915 708 secundum
940 686 1033 707 suam
1055 678 1215 708 rationem
1245 678 1285 708 sit
1308 678 1363 711 de-

279 724 463 755 terminata.
488 722 556 753 Iam
579 722 668 753 enim
691 721 831 752 diximus
854 721 1007 762 speciem,
1032 727 1064 752 et
1086 731 1155 752 rem
1178 731 1363 762 repraesen-

284 774 383 800 tatam
406 777 465 808 per
487 767 602 808 ipsam,
627 771 779 807 oportere
803 765 949 796 eiusdem
972 766 1105 796 rationis
1129 775 1207 796 esse.
1220 783 1243 788 —
1259 766 1300 797 Et
1319 768 1363 798 sic

285 818 412 844 constat
434 811 686 843 fundamentum
708 810 842 841 rationis
857 810 1015 841 adductae
1030 810 1194 851 optimum
1218 819 1296 841 esse.

339 856 425 888 XVI.
450 856 560 888 Tertia
575 857 593 873 ¹*
616 855 786 887 conclusio
806 860 867 886 est:
893 854 1129 886 Similitudines
1145 855 1365 897 intelligibiles

284 903 318 933 in
341 902 524 936 substantia
538 900 704 941 superiori
723 900 898 931 existentes
913 905 990 931 sunt
1005 900 1113 930 minus
1133 900 1366 940 multiplicatae

284 953 315 979 et
338 947 447 988 magis
470 945 681 978 universales.

341 991 499 1024 Probatur
521 992 639 1032 primo,
662 989 798 1020 ratione.
815 988 902 1027 Quia
918 994 1043 1029 quanto
1059 989 1167 1029 aliqua
1190 989 1366 1019 substantia

284 1041 430 1078 separata
453 1042 501 1067 est
523 1035 682 1077 superior,
706 1039 797 1065 tanto
822 1034 892 1064 eius
915 1038 1030 1064 natura
1053 1039 1100 1064 est
1123 1033 1196 1064 Deo
1220 1033 1365 1070 similior,

285 1087 317 1112 et
339 1081 462 1112 idcirco
487 1082 596 1112 minus
619 1084 795 1115 contracta,
819 1083 936 1119 utpote
966 1078 1184 1119 propinquius
1208 1078 1366 1109 accedens

284 1125 326 1158 ad
349 1135 407 1157 ens
430 1125 612 1157 universale
635 1122 818 1165 perfectum
850 1128 882 1154 et
912 1123 1050 1159 bonum,
1079 1132 1117 1153 ac
1143 1129 1277 1163 propter
1301 1123 1364 1154 hoc

285 1170 552 1202 universaliorem
575 1169 655 1201 boni
679 1173 711 1199 et
735 1168 817 1199 entis
840 1167 1124 1208 participationem
1146 1167 1279 1198 habens.

341 1215 500 1246 Probatur
522 1213 680 1251 seeundo,
705 1212 896 1244 auctoritate
918 1212 1079 1253 Dionysii,
1095 1222 1139 1243 xu
1162 1221 1233 1253 cap.
1253 1212 1365 1243 Caele-

282 1260 343 1292 stis
364 1259 606 1297 Hierarcbiae;
629 1263 661 1290 et
683 1258 873 1289 auctoritate
897 1257 970 1289 libri
993 1257 1033 1288 de
1058 1257 1185 1288 causis.

321 1305 391 1336 ‘Ex
413 1297 478 1336 hoc
501 1303 719 1340 concluditur,
744 1303 852 1344 primo
863 1303 891 1340 *,
915 1301 1095 1333 differentia
1118 1302 1151 1332 in
1179 1307 1292 1332 natura
1316 1302 1365 1332 in-

284 1349 453 1390 telligibili.
466 1349 554 1388 Quia
569 1348 721 1380 videlicet
735 1356 903 1378 summum
914 1346 1160 1378 universalitatis
1175 1346 1365 1378 huiusmodi

285 1400 334 1426 est
356 1395 391 1426 in
407 1394 491 1431 Deo,
508 1394 566 1435 qui
582 1403 640 1434 per
663 1402 756 1424 suam
772 1393 944 1424 essentiam
961 1392 1072 1423 omnia
1088 1391 1272 1432 cognoscit;
1292 1390 1365 1422 infi-

284 1448 380 1471 mum
395 1444 442 1471 est
457 1440 492 1470 in
506 1438 675 1470 intellectu
690 1438 848 1474 humano,
861 1437 919 1478 qui
933 1436 976 1468 ad
990 1435 1255 1476 unumquodque
1271 1436 1366 1466 intel-

284 1484 406 1525 ligibile
421 1483 546 1525 indiget
561 1483 670 1524 specie
689 1482 883 1523 intelligibili
905 1482 1038 1523 propria
1061 1486 1093 1512 et
1116 1481 1147 1512 ei
1169 1486 1364 1521 coaequata;

286 1528 432 1570 (supple)
456 1528 604 1560 medium
623 1532 734 1558 autem
757 1532 806 1558 est
828 1527 862 1558 in
885 1525 1071 1558 substantiis
1093 1526 1257 1566 separatis,
1281 1534 1366 1566 quae

284 1582 344 1614 per
366 1573 492 1614 species
514 1573 617 1614 magis
641 1571 839 1603 universales
862 1571 1057 1612 intelligunt.

343 1627 374 1650 2.
402 1617 498 1649 Circa
529 1616 778 1648 conclusionem
807 1616 922 1657 ipsam,
947 1613 1180 1646 advertendum
1205 1619 1253 1645 est
1276 1613 1367 1655 quod

284 1661 458 1704 dupliciter
472 1667 580 1703 potest
593 1661 730 1701 intelligi
745 1661 910 1701 angelum,
926 1661 993 1691 sive
1008 1659 1254 1700 intelligentiam
1270 1668 1367 1700 supe-

284 1708 416 1744 riorem,
440 1716 498 1748 per
521 1706 693 1748 pauciores
716 1706 840 1746 species
862 1705 1051 1746 intelligere.
1076 1704 1152 1736 Uno
1180 1703 1294 1740 mode,
1318 1713 1368 1735 se-

285 1751 432 1784 cundum
461 1752 723 1792 superioritatem
753 1751 786 1781 in
817 1750 919 1790 gradu
949 1748 1122 1791 specifico:
1152 1749 1195 1779 ita
1218 1748 1368 1780 videlicet

286 1796 378 1838 quod
400 1797 508 1828 omnis
523 1796 658 1836 angelus
673 1795 738 1826 alio
754 1794 937 1826 secundum
953 1794 1166 1826 differentiam
1181 1792 1367 1833 specificam

285 1841 444 1883 superior,
468 1850 527 1882 per
549 1840 721 1881 pauciores
744 1844 776 1870 et
799 1839 1046 1870 universaliores
1061 1838 1186 1878 species
1209 1837 1367 1878 intelligat

287 1895 387 1927 quam
410 1884 553 1916 inferior.
577 1884 654 1916 Alio
676 1883 790 1920 modo,
815 1883 996 1914 secundum
1026 1882 1286 1923 superioritatem
1314 1891 1366 1912 or-

287 1931 371 1963 dinis
393 1930 434 1961 ad
458 1929 622 1961 ordinem:
647 1929 692 1960 ita
715 1927 837 1959 scilicet
856 1927 948 1968 quod
971 1927 1076 1968 angeli
1100 1925 1141 1957 ad
1164 1926 1367 1966 superiorem

259 2008 261 2011 Α
287 1981 320 2008 et
334 1975 533 2006 nobiliorem
548 1973 739 2014 angelorum
755 1971 905 2003 ordinem
917 1972 1114 2012 pertinentes
1126 1979 1184 2011 per
1196 1971 1367 2010 pauciores

50 2877 61 2889 '
68 2877 105 2900 De
112 2875 178 2899 Cael.
186 2875 266 2903 Hier„

51 2909 102 2932 etp.
117 2909 141 2926 vi
155 2909 207 2931 sqq.

288 2026 321 2052 et
343 2019 591 2052 universaliores
614 2018 739 2058 species
769 2017 949 2057 intelligant
980 2025 1079 2056 quam
1112 2014 1218 2054 angeli
1245 2014 1367 2046 ordinis

286 2063 463 2100 inferioris;
488 2072 604 2094 omnes
626 2067 735 2093 tamen
760 2061 906 2092 eiusdem
921 2060 1044 2092 ordinis
1059 2069 1117 2101 per
1140 2059 1291 2100 aequales
1306 2068 1367 2090 nu-

287 2118 381 2141 mero
404 2108 528 2149 species
551 2107 742 2147 intelligant,
758 2106 833 2137 licet
848 2106 882 2136 in
899 2105 1018 2137 eodem
1036 2104 1150 2136 ordine
1174 2104 1279 2144 angeli
1295 2113 1367 2144 spe-

289 2153 381 2186 cifice
411 2152 589 2184 nobiliores
620 2151 787 2192 limpidius
817 2150 999 2191 clariusque
1029 2155 1239 2190 cognoscant.

346 2199 438 2230 Licet
461 2202 571 2228 autem
595 2196 636 2227 ad
658 2201 835 2236 utrumque
856 2204 989 2226 sensum
1005 2194 1174 2225 conclusio
1194 2193 1296 2234 possit
1318 2193 1367 2223 in-

289 2243 400 2284 telligi,
424 2241 624 2283 probabilius
646 2246 756 2272 tamen
780 2240 906 2270 videtur
929 2239 1020 2280 quod
1042 2239 1077 2270 in
1101 2237 1248 2270 secundo
1271 2247 1368 2268 sensu

290 2289 330 2320 sit
345 2286 544 2328 accipienda.
561 2285 636 2316 Non
653 2285 741 2316 enim
757 2284 924 2325 probabile
940 2283 1066 2315 videtur
1082 2289 1117 2314 ut
1133 2282 1238 2324 angeli
1261 2282 1318 2323 qui
1333 2283 1367 2313 in

290 2332 409 2364 eodem
422 2331 535 2363 ordine
548 2336 633 2367 sunt,
644 2329 912 2370 propinquissimi
924 2327 1106 2360 secundum
1118 2328 1272 2369 speciem,
1284 2327 1367 2357 hanc

290 2379 430 2409 habeant
445 2375 662 2407 diversitatem
676 2380 714 2406 ut
736 2374 884 2414 superior
906 2383 964 2414 per
986 2373 1158 2414 pauciores
1179 2372 1304 2413 specles
1319 2372 1368 2402 in-

290 2422 421 2462 telligat.
446 2420 604 2452 Videmus
632 2419 720 2450 enim
749 2418 840 2459 quod
868 2418 970 2450 multa
1001 2417 1150 2448 animalia
1173 2416 1369 2448 irrationalia

291 2465 474 2498 secundum
497 2465 640 2505 speciem
664 2463 813 2494 distincta
835 2472 905 2494 non
934 2464 981 2494 sic
1013 2462 1255 2502 distinguuntur
1278 2460 1369 2502 quod

291 2520 396 2543 unum
419 2510 535 2540 habeat
551 2509 661 2549 plures
676 2508 758 2538 vires
774 2508 940 2538 sensitivas
963 2507 1041 2538 alio:
1066 2507 1123 2538 sed
1138 2507 1215 2548 quia
1239 2505 1368 2537 easdem

291 2564 431 2587 numero
454 2554 617 2595 potentias
640 2553 800 2589 habentia,
823 2561 928 2582 unum
943 2551 1152 2592 perfectiores
1175 2551 1238 2582 alio
1262 2551 1368 2581 habet.

292 2599 494 2631 Probabilius
511 2607 588 2638 ergo
605 2602 706 2629 estut
729 2606 844 2627 omnes
868 2596 974 2637 angeli
998 2596 1143 2627 eiusdem
1167 2595 1289 2626 ordinis
1312 2604 1370 2635 per

293 2644 444 2685 aequales
466 2651 606 2674 nurnero
630 2642 754 2683 species
777 2641 966 2682 intelligant,
985 2640 1043 2671 sed
1065 2640 1171 2680 angeli
1194 2640 1369 2679 superioris

293 2689 416 2721 ordinis
446 2688 626 2727 intelligant
656 2696 715 2727 per
744 2686 915 2726 pauciores
947 2694 1046 2726 quam
1076 2684 1182 2725 angeli
1209 2683 1369 2715 inferioris

294 2733 426 2766 ordinis.
458 2732 661 2771 Videturque
692 2731 756 2762 hoc
787 2730 828 2761 ad
858 2735 1003 2761 mentem
1027 2729 1177 2770 Dionysii
1201 2738 1281 2765 esse,
1312 2729 1368 2768 qui

293 2778 426 2819 angelos
457 2778 490 2808 in
521 2776 724 2812 hierarchias,
748 2776 899 2815 ipsasque
929 2775 963 2804 in
994 2774 1125 2804 ordines
1155 2773 1307 2810 distinxit,
1338 2778 1370 2803 et

293 2821 476 2855 secundum
499 2821 584 2852 hanc
607 2820 850 2851 distinctionem
873 2819 913 2850 de
937 2828 1053 2849 eorum
1083 2818 1290 2858 dignitatibus
1314 2817 1369 2848 de-

293 2868 444 2899 terminat
459 2867 487 2897 ⁴.

352 2912 382 2943 3.
408 2910 472 2942 Sed
495 2910 572 2950 quia
595 2914 706 2950 posset
729 2908 845 2948 aliquis
861 2907 990 2939 credere
1007 2907 1098 2948 quod
1113 2906 1200 2947 apud
1223 2907 1370 2937 substan-

294 2957 354 2988 tias
376 2961 536 2996 separatas
560 2959 643 2985 esset
665 2952 886 2994 imperfectior
909 2952 1054 2993 cognitio
1085 2961 1184 2992 quam
1213 2952 1246 2982 in
1275 2951 1370 2982 intel—

294 3002 381 3032 lectu
410 3005 534 3036 nostro,
564 3007 641 3029 cum
663 3007 722 3039 per
751 2998 876 3038 species
905 2997 1151 3028 universaliores
1174 2995 1369 3035 intelligant:

294 3045 383 3087 apud
405 3054 466 3076 nos
485 3044 573 3075 enim
596 3053 654 3084 per
677 3041 922 3073 similitudinem
948 3042 1074 3082 generis
1096 3040 1370 3081 imperfectiorem

295 3090 519 3131 cognitionem
541 3089 700 3118 habemus
722 3086 763 3118 de
786 3087 894 3127 specie
917 3095 1018 3127 quam
1044 3095 1103 3126 per
1125 3084 1370 3116 similitudinem

295 3135 432 3176 speciei:
449 3151 472 3156 —
487 3134 571 3164 hanc
593 3133 724 3163 tacitam
747 3131 977 3167 obiectionem,
1001 3129 1146 3162 secundo
1177 3130 1252 3161 loco
1263 3130 1292 3166 ⁴,
1316 3138 1370 3160 ex·-

295 3179 398 3212 cludit
420 3179 557 3210 Sanctus
573 3177 729 3213 Thomas,
752 3176 904 3216 inquiens
926 3185 996 3206 non
1020 3184 1090 3206 esse
1113 3174 1250 3206 eandem
1273 3174 1369 3204 ratio-

294 3234 372 3256 nem
389 3223 429 3255 de
451 3222 618 3254 intellectu
633 3227 745 3252 nostro
770 3226 802 3251 et
824 3220 865 3251 de
887 3220 1071 3250 substantiis
1094 3219 1255 3259 separatis.
1273 3218 1369 3256 Quia,

296 3278 374 3301 cum
396 3268 580 3299 intellectus
598 3271 708 3297 noster
731 3264 882 3296 infimum
903 3264 1039 3304 gradum
1057 3269 1166 3294 teneat
1191 3263 1224 3294 in
1247 3262 1370 3293 naturis

295 3312 577 3348 intellectualibus,
601 3311 780 3350 unicuique
796 3308 1009 3350 cognoscibili
1025 3308 1160 3348 proprio
1176 3312 1306 3348 oportet
1320 3316 1370 3337 re-

296 3357 459 3398 spondere
481 3356 647 3397 propriam
662 3353 906 3385 similitudinem
930 3353 1066 3393 inipso:
1090 3351 1178 3383 unde
1202 3361 1260 3392 per
1282 3351 1371 3381 simi-

295 3401 468 3433 litudinem
491 3401 646 3432 animalis
660 3408 728 3430 non
745 3399 914 3439 cognoscit
929 3397 1103 3433 rationale,
1128 3402 1160 3428 et
1174 3405 1233 3437 per
1255 3405 1370 3427 conse-

297 3455 401 3486 quens
416 3455 479 3476 nec
489 3446 662 3481 hominem,
678 3445 740 3475 nisi
755 3442 936 3474 secundum
952 3441 1041 3482 quid.
1059 3440 1244 3472 Similitudo
1260 3445 1370 3471 autem

296 3489 505 3530 intelligibilis
527 3499 612 3530 quae
635 3494 683 3520 est
704 3489 739 3519 in
762 3487 938 3519 substantia
958 3491 1112 3526 separata,
1136 3490 1183 3516 est
1206 3485 1370 3516 universa-

297 3535 386 3566 lioris
408 3534 545 3571 virtutis,
568 3534 610 3565 ad
624 3534 725 3574 ,plura
747 3531 1015 3573 repraesentanda
1037 3529 1213 3561 sufficiens:
1240 3534 1272 3560 et
1294 3528 1369 3560 ideo

297 3589 367 3611 non
389 3578 466 3610 facit
487 3577 774 3619 MperfectioreQ
798 3577 855 3608 sed
877 3573 1103 3617 perfectiorem
1129 3574 1369 3614 cognitionem;

297 3633 355 3664 per
377 3632 478 3654 unam
502 3623 590 3654 enim
613 3622 858 3654 similitudinem
881 3620 1049 3661 cognoscit
1072 3619 1197 3650 animal
1220 3623 1252 3649 et
1279 3617 1370 3648 diffe-

2407 248 2481 296 587

1413 324 1531 355 rentias
1554 324 1717 362 animalis;
1742 330 1797 355 aut
1820 325 1917 355 etiam
1933 325 2155 356 universaliori
2178 325 2280 356 modo
2305 331 2336 356 et
2359 332 2485 357 contra-

1414 369 1517 405 ctiori,
1542 368 1722 399 secundum
1746 368 1893 400 ordinem
1917 369 2165 400 substantiarum
2186 370 2338 410 ipsarum.

1470 413 1658 444 Declaratur
1681 419 1712 444 et
1735 423 1774 444 ex
1798 413 2008 444 similitudine
2032 413 2156 444 formae
2180 415 2302 455 agentis
2331 415 2365 445 in
2389 424 2486 446 causa

1416 457 1597 494 universali,
1622 467 1706 498 quae
1730 464 1853 498 quanto
1870 458 1965 488 fuerit
1981 458 2200 496 universalior,
2224 464 2314 490 tanto
2338 459 2379 490 ad
2393 459 2486 500 plura

1416 511 1450 532 se
1474 501 1631 539 extendit3
1657 508 1688 532 et
1711 512 1750 533 ex
1772 503 1840 533 istis
1863 502 1992 533 duobus
2016 503 2314 539 extremis,·scilicet
2328 503 2411 541 Deo,
2429 504 2485 544 qui

1416 555 1484 576 uno
1509 547 1619 576 omnia
1635 547 1812 586 cognoscit,
1838 552 1868 577 et
1892 547 2045 584 hominis,
2069 548 2126 588 qui
2149 547 2281 578 diversis
2304 548 2486 579 similitudi·-

1415 590 1511 620 nibus
1534 590 1575 621 ad
1599 589 1722 621 diversa
1745 591 1974 631 cognoscenda
1989 591 2121 632 indiget.
2138 591 2243 622 Immo
2268 598 2299 623 et
2322 592 2356 623 in
2379 592 2485 623 homi-

1416 634 1511 665 nibus
1534 635 1611 675 ipsis
1634 635 1698 666 hoc
1722 641 1868 676 apparet:
1894 641 2016 675 quanto
2033 637 2120 667 enim
2135 636 2238 667 homo
2255 636 2351 667 fuerit
2366 637 2486 668 altioris

1416 679 1609 716 intellectus,
1624 685 1715 711 tanto
1732 689 1770 710 ex
1786 680 1993 720 paucioribus
2016 681 2109 720 plura
2125 690 2323 720 cognoscere
2338 687 2446 721 potest
2458 682 2485 712 ’ἦ

1472 723 1520 753 Ex
1543 724 1582 754 iis
1598 724 1666 755 vult
1682 725 1799 755 habere
1815 724 1951 755 Sanctus
1967 724 2111 755 Thomas
2128 724 2218 765 quod
2242 726 2386 765 cognitio
2403 735 2487 766 quae

1416 767 1552 798 habetur
1575 777 1632 808 per
1655 769 1779 809 species
1805 768 2062 805 universaliores,
2091 779 2160 799 non
2191 774 2239 799 est
2267 769 2487 810 imperfectior

1418 821 1455 842 ea
1478 821 1562 852 quae
1586 813 1721 844 habetur
1743 822 1801 853 per
1816 813 2072 853 particulariores
2089 813 2228 853 species:
2246 814 2403 854 quoniam
2418 815 2487 855 ipsa

1418 856 1627 887 universalior
1650 858 1774 898 species
1796 862 2012 898 rapraesentat
2042 867 2111 888 non
2141 857 2248 888 solum
2275 859 2488 890 universalem

1417 906 1576 938 naturam,
1593 901 1648 932 sed
1673 903 1770 933 etiam
1786 911 1902 932 omnes
1918 902 1987 933 eius
2011 901 2215 932 differentias.
2232 902 2336 933 Immo
2353 909 2400 933 est
2415 912 2488 943 per-

1418 944 1547 976 fectior:
1565 952 1679 986 utpote
1696 946 1866 983 efficacior,
1884 952 1915 977 et
1931 946 1971 977 ad
1985 946 2078 986 plura
2090 946 2238 977 distincte
2253 956 2287 977 se
2303 947 2487 979 extendens.

1473 990 1716 1021 Attendendum
1732 996 1851 1028 autem,
1868 1000 1944 1022 cum
1959 991 2066 1031 inquit
2085 1000 2143 1031 per
2158 990 2401 1022 similitudinem
2417 992 2488 1022 ani-

1418 1034 1513 1064 malis
1536 1036 1691 1075 cognosci
1707 1045 1725 1065 a
1747 1036 1923 1066 substantia
1939 1041 2082 1076 separata
2099 1041 2131 1066 et
2153 1036 2271 1066 animal
2286 1041 2318 1066 et
2341 1035 2489 1067 differen-

1418 1079 1477 1109 tias
1500 1079 1580 1116 eius,
1604 1085 1662 1110 aut
1684 1080 1781 1110 etiam
1813 1080 2046 1111 universaliori
2075 1079 2172 1110 modo
2202 1085 2234 1111 et
2263 1081 2488 1118 cantractiori‚

1418 1123 1509 1163 quod
1532 1133 1644 1155 sensus
1676 1130 1733 1161 est,
1764 1124 1957 1155 differentias
1987 1124 2134 1155 animalis
2157 1125 2312 1165 cognosci
2334 1134 2430 1166 posse
2458 1131 2490 1156 et

1418 1168 1457 1198 ab
1481 1168 1591 1209 aliqua
1614 1169 1790 1200 substantia
1814 1179 1871 1210 per
1890 1169 2033 1210 speciem
2057 1168 2269 1209 adaequatam
2292 1170 2440 1207 animali;
2457 1175 2489 1201 et

1419 1213 1458 1242 ab
1481 1213 1589 1254 aliqua
1612 1214 1771 1254 superiori
1795 1214 1971 1244 substantia
1986 1223 2043 1254 per
2058 1214 2201 1254 speciem
2224 1214 2489 1245 universaliorem

1419 1262 1451 1287 et
1474 1258 1582 1288 minus
1605 1263 1803 1289 contractam
1826 1259 1934 1299 specie
1958 1258 2103 1288 animalis
2126 1257 2313 1298 adaequata,
2336 1268 2394 1299 per
2417 1268 2489 1299 spe-

1419 1302 1503 1332 ciem
1527 1302 1677 1333 videlicet
1699 1312 1767 1333 non
1790 1308 1916 1333 tantum
1933 1302 2092 1339 animalia,
2109 1302 2166 1333 sed
2182 1303 2279 1333 etiam
2302 1303 2411 1343 aliqua
2429 1303 2490 1334 alia

1418 1352 1733 1387 repraesentantem;
1758 1348 1796 1377 ab
1813 1346 1958 1378 inferiori
1972 1356 2050 1377 vero
2074 1347 2251 1378 substantia
2266 1356 2323 1387 per
2347 1348 2489 1387 speciem

1418 1392 1526 1422 minus
1551 1392 1764 1422 universalem
1780 1397 1812 1422 et
1834 1392 1936 1432 magis
1953 1397 2161 1428 contractam,
2178 1391 2410 1432 cognoscendo
2430 1392 2490 1422 sci-

1418 1435 1494 1466 licet
1517 1436 1641 1476 aliquas
1663 1437 1787 1477 species
1811 1436 1958 1467 animalis
1981 1445 2039 1476 per
2061 1445 2161 1467 unam
2189 1436 2343 1476 speciem,
2367 1436 2490 1477 aliquas

1419 1490 1496 1511 vero
1512 1490 1570 1521 per
1586 1480 1691 1511 aliam.
1708 1481 1798 1511 Haec
1815 1487 1923 1512 autem
1939 1480 2102 1511 diversitas
2117 1481 2267 1522 provenit
2282 1490 2321 1512 ex
2345 1490 2384 1511 eo
2401 1480 2492 1521 quod

1419 1534 1485 1556 una
1508 1525 1683 1556 substantia
1707 1530 1851 1566 separata
1875 1530 1922 1556 est
1945 1526 2102 1565 superior,
2126 1525 2186 1556 alia
2201 1534 2279 1556 vero
2303 1524 2446 1556 inferior.

1474 1569 1573 1600 XVII.
1596 1570 1660 1600 Pro
1684 1569 1899 1600 declaratione
1930 1570 2062 1600 rationis
2093 1569 2133 1599 ad
2164 1569 2410 1600 conclusionem
2437 1568 2493 1600 ad·-

1420 1613 1537 1644 ductae
1548 1615 1575 1651 *,
1600 1614 1833 1645 advertendum
1856 1619 1904 1644 est
1927 1613 2028 1654 quod,
2052 1613 2128 1644 licet
2151 1613 2328 1644 differentia
2352 1614 2391 1644 sit
2410 1615 2493 1644 inter
2519 1617 2528 1626 ·

1420 1659 1632 1689 substantiam
1665 1664 1696 1689 et
1727 1659 1869 1699 speciem
1902 1658 2137 1698 intelligibilem
2167 1659 2201 1688 in
2231 1658 2301 1698 ipsa
2330 1662 2494 1698 receptam

1421 1708 1581 1743 quantum
1604 1702 1644 1733 ad
1666 1703 2006 1743 repraesentationem,
2030 1707 2159 1742 oportet
2181 1707 2290 1732 tamen
2320 1702 2403 1732 inter
2425 1701 2495 1732 illas

1420 1748 1669 1788 proportionem
1694 1747 1859 1788 quandam
1882 1756 1964 1778 esse:
1990 1756 2067 1777 cum
2089 1747 2213 1787 species
2235 1746 2423 1777 huiusmodi
2446 1756 2495 1777 es-

1420 1793 1542 1823 sentiae
1566 1793 1762 1823 substantiae
1786 1797 1949 1832 separatae
1972 1791 2158 1822 naturaliter
2174 1791 2378 1821 conveniant.
2395 1790 2495 1821 Diffe-

1420 1842 1497 1867 runt
1519 1846 1662 1877 namque
1686 1842 1846 1876 quantum
1869 1835 1909 1866 ad
1932 1835 2270 1876 repraesentationem.
2295 1835 2390 1873 Quia,
2419 1844 2495 1866 cum

1421 1890 1487 1911 una
1509 1881 1634 1921 species
1656 1881 1853 1911 substantiae
1875 1880 1916 1910 sit
1939 1879 2102 1920 quidditas
2125 1880 2164 1910 ab
2189 1880 2280 1910 omni
2303 1879 2363 1910 alia
2386 1880 2494 1920 specie

1421 1924 1621 1955 substantiali
1651 1924 1831 1955 secundum
1864 1925 2029 1964 propriam
2058 1924 2218 1954 rationem
2249 1923 2406 1960 distincta,
2438 1924 2494 1954 ha-

1421 1970 1562 2009 beatque
1585 1978 1678 1999 suam
1701 1968 1915 1999 differentiam
1940 1967 2181 1999 substantialem
2205 1977 2223 1998 a
2250 1967 2427 1998 differentia
2449 1968 2494 1998 al-

1421 2014 1520 2044 terius
1535 2013 1731 2044 substantiae
1747 2013 1940 2049 distinctam,
1953 2021 2019 2043 una
2030 2021 2099 2043 non
2114 2017 2222 2052 potest
2235 2012 2330 2043 aliam
2347 2011 2494 2043 distincte

1422 2063 1454 2088 et
1470 2057 1682 2099 quidditative
1697 2062 1952 2098 repraesentare:
1969 2057 2045 2087 licet
2061 2066 2126 2087 una
2149 2057 2189 2087 sit
2212 2056 2323 2087 similis
2339 2056 2429 2087 alteri
2445 2066 2494 2088 se-

1422 2102 1568 2134 cundum
1584 2111 1796 2133 communem
1812 2102 1954 2141 aliquam
1973 2101 2133 2132 rationem
2148 2101 2341 2141 genericam.
2363 2100 2494 2142 Species

1422 2153 1532 2178 autem
1555 2156 1640 2188 quae
1663 2152 1711 2177 est
1733 2147 1766 2178 in
1790 2146 1966 2182 intellectu,
1991 2151 2039 2176 est
2066 2146 2135 2186 ipsa
2159 2144 2320 2185 quidditas
2344 2155 2427 2186 quae
2446 2151 2494 2176 est

1422 2198 1510 2223 extra
1531 2191 1743 2228 intellectum,
1759 2191 1852 2222 cuius
1867 2190 1983 2221 dicitur
1997 2190 2131 2230 species,
2146 2189 2222 2220 licet
2241 2189 2342 2220 alium
2357 2189 2495 2221 modum

1423 2235 1549 2267 essendi
1572 2237 1702 2267 habeat:
1726 2236 1850 2276 species
1873 2235 1962 2265 enim
1984 2233 2099 2274 lapidis
2122 2234 2155 2264 in
2174 2234 2340 2265 intellectu
2364 2239 2410 2265 est
2426 2235 2495 2275 ipsa

1423 2281 1583 2322 quidditas
1606 2279 1721 2321 lapidis
1743 2280 1778 2310 in
1801 2288 1870 2310 esse
1893 2278 2095 2319 intelligibili.
2119 2278 2197 2309 Ideo
2221 2278 2344 2318 species
2367 2278 2495 2319 quiddi-

1422 2331 1522 2358 tatem
1545 2325 1757 2356 extrinsecam
1786 2334 1825 2355 ex
1848 2333 1905 2355 sua
1932 2328 2045 2354 natura
2067 2323 2164 2354 habet
2190 2322 2338 2353 distincte
2361 2328 2393 2353 et
2420 2332 2495 2364 pro-

1422 2371 1492 2411 prie
1521 2374 1770 2411 repraesentare,
1794 2374 1826 2399 et
1850 2368 2051 2399 intellectum
2080 2368 2114 2398 in
2144 2367 2244 2407 ipsius
2274 2367 2495 2408 cognitionem

1423 2415 1558 2446 ducere:
1588 2419 1720 2455 propter
1744 2413 1835 2454 quod
1858 2413 1974 2444 dicitur
2002 2412 2168 2443 obiectum
2198 2411 2398 2452 intelligibile
2426 2421 2496 2442 esse

1422 2469 1480 2500 per
1503 2469 1595 2490 suam
1619 2459 1761 2499 speciem
1785 2463 1816 2488 et
1839 2456 2083 2488 similitudinem
2110 2456 2344 2496 intelligibilem
2366 2457 2496 2487 unitum

1423 2504 1611 2535 intellectui.
1623 2521 1647 2526 -
1658 2503 1791 2542 Verum,
1803 2511 1872 2533 non
1888 2502 2035 2532 obstante
2055 2501 2114 2531 ista
2130 2500 2308 2531 differentia
2322 2501 2405 2531 inter
2420 2501 2495 2531 sub-

1422 2549 1571 2579 stantiam
1600 2553 1778 2588 separatam
1813 2552 1845 2577 et
1874 2547 1943 2576 eius
1971 2546 2113 2586 speciem
2149 2545 2183 2575 in
2214 2544 2495 2585 repraesentando,

1423 2598 1554 2633 oportet
1576 2598 1684 2622 tamen
1707 2593 1790 2622 inter
1817 2600 1854 2621 ea
1882 2590 2130 2631 proportionem
2160 2588 2323 2629 quandam
2350 2598 2429 2626 esse,
2453 2589 2495 2619 si-

1422 2637 1534 2668 milem
1558 2637 1603 2667 illi
1627 2645 1711 2677 quae
1733 2636 1817 2666 inter
1839 2635 2022 2674 subiectum
2045 2639 2077 2664 et
2098 2634 2230 2674 propria
2252 2633 2430 2664 accidentia
2445 2634 2495 2664 in-

1423 2683 1559 2713 venitur.
1584 2680 1740 2712 Videmus
1762 2680 1848 2710 enim
1874 2678 1964 2719 quod
1981 2683 2104 2719 quanto
2120 2678 2303 2708 subiectum
2327 2683 2374 2708 est
2389 2677 2494 2718 perfe-

1424 2727 1516 2763 ctius,
1540 2731 1630 2756 tanto
1654 2724 1846 2765 perfectiora
1875 2724 1915 2754 ab
1947 2724 2020 2764 ipso
2050 2721 2219 2763 profluunt
2247 2721 2434 2758 accidentia,
2462 2727 2495 2753 et

1424 2772 1493 2802 eius
1518 2771 1620 2801 activa
1643 2770 1743 2800 virtus
1766 2774 1813 2799 est
1835 2767 2008 2809 perfectior
2031 2773 2128 2807 atque
2155 2767 2375 2797 universalior.
2399 2766 2495 2797 Simi-

1423 2816 1504 2852 liter,
1529 2820 1652 2856 quanto
1676 2813 1784 2854 aliqua
1806 2813 1982 2844 substantia
1998 2817 2046 2843 est
2068 2811 2309 2842 immaterialior
2332 2816 2364 2841 et
2385 2811 2494 2841 minus

1424 2861 1568 2896 limitata,
1591 2863 1682 2890 tanto
1701 2857 1856 2889 naturalia
1879 2858 1948 2888 eius
1963 2855 2139 2889 accidentia
2153 2856 2255 2895 magis
2273 2855 2495 2886 immaterialia

1425 2910 1509 2942 sunt,
1534 2909 1566 2935 et
1588 2903 1696 2934 minus
1725 2903 1858 2933 limitata
1888 2911 1948 2932 suo
1971 2900 2083 2937 modo,
2113 2901 2288 2940 minusque
2319 2905 2493 2930 contracta.

1424 2950 1509 2981 Nam
1532 2947 1709 2980 accidentia
1731 2957 1815 2988 quae
1839 2951 2084 2986 consequuntur
2099 2945 2267 2975 hominem
2282 2944 2406 2975 ratione
2421 2953 2493 2974 sen-

1424 2994 1519 3031 sitivi,
1542 2994 1651 3024 minus
1674 2997 1837 3023 contracta
1852 2990 2008 3022 materiali
2024 2989 2245 3021 contractione
2261 2994 2346 3025 sunt,
2370 2994 2402 3019 et
2421 2997 2494 3028 per-

1425 3038 1568 3075 fectiora,
1592 3036 1811 3068 accidentibus
1838 3036 1947 3076 ipsum
1979 3034 2253 3074 consequentibus
2275 3033 2399 3063 ratione
2422 3042 2494 3063 cor-

1424 3084 1528 3124 poris:
1545 3087 1581 3113 ut
1596 3090 1729 3113 movere
1744 3090 1778 3111 se
1793 3090 1851 3121 per
1866 3079 2159 3120 apprehensionem
2172 3083 2203 3108 et
2218 3077 2335 3108 sentire
2351 3076 2494 3108 nobilius

1424 3133 1472 3159 est
1495 3136 1594 3168 quam
1616 3135 1712 3167 grave
1736 3135 1805 3156 esse
1829 3130 1861 3155 et
1884 3124 2038 3155 deorsum
2060 3123 2184 3154 moveri
2214 3131 2273 3162 per
2294 3122 2492 3161 gravitatem.

1424 3172 1578 3204 Similiter
1599 3171 1786 3210 intelligere,
1803 3175 1835 3200 et
1858 3178 1927 3199 esse
1942 3168 2162 3208 susceptivum
2182 3166 2378 3206 disciplinae,
2403 3164 2494 3206 quod

1424 3217 1577 3248 convenit
1599 3216 1660 3246 sibi
1682 3215 1876 3254 inquantum
1900 3218 1947 3243 est
1970 3212 2143 3248 rationalis,
2167 3211 2308 3241 nobilius
2324 3216 2371 3241 est
2394 3219 2493 3250 quam

1423 3261 1550 3292 sentire.

1479 3305 1566 3336 Cum
1582 3305 1692 3344 itaque
1708 3303 1831 3343 species
1845 3300 2060 3340 intelligibiles
2076 3309 2160 3340 quae
2179 3304 2254 3330 sunt
2268 3299 2302 3329 in
2318 3298 2494 3329 substantia

1423 3354 1577 3390 separata,
1591 3349 1654 3379 sint
1669 3347 1760 3388 quasi
1776 3345 1936 3387 quaedam
1951 3345 2052 3386 ipsius
2067 3343 2228 3375 naturales
2243 3343 2453 3383 proprietates
2465 3343 2492 3379 *,

1424 3404 1502 3426 cum
1524 3394 1587 3424 sint
1610 3391 1786 3423 accidentia
1809 3390 1849 3421 ad
1876 3399 1960 3430 quae
1984 3394 2031 3419 est
2053 3388 2238 3419 naturaliter
2267 3388 2301 3418 in
2330 3387 2493 3427 potentia;

1424 3439 1549 3479 optime
1564 3438 1719 3478 sequitur,
1735 3440 1771 3466 ut
1795 3434 1925 3465 deducit
1939 3433 2075 3465 Sanctus
2091 3433 2246 3468 Thomas,
2262 3431 2353 3472 quod
2369 3436 2493 3472 quanto

1424 3483 1531 3524 aliqua
1553 3481 1729 3513 substantia
1758 3485 1901 3520 separata
1925 3483 1972 3509 est
1995 3477 2122 3508 divinae
2144 3482 2278 3507 naturae
2301 3476 2436 3507 similior
2462 3481 2494 3506 et

1423 3528 1532 3559 minus
1556 3530 1729 3561 contracta,
1754 3522 2018 3555 universaliorem
2045 3522 2124 3552 boni
2152 3526 2184 3552 et
2214 3521 2296 3551 entis
2322 3520 2494 3561 participa->

1423 3573 1548 3603 tionem
1571 3571 1702 3606 habens,
1726 3569 1841 3599 habeat
1865 3568 1961 3598 etiam
1984 3567 2108 3607 species
2130 3565 2308 3596 nobiliores
2331 3570 2363 3595 et
2385 3564 2494 3595 minus

1423 3617 1457 3647 in
1473 3626 1530 3647 sua
1545 3614 1838 3656 repraesentatione
1854 3616 2042 3648 contractas,
2058 3611 2161 3641 immo
2181 3610 2283 3650 magis
2298 3608 2494 3640 universales

2513 682 2522 691 ·
2537 680 2575 702 Cf.
2590 686 2656 702 num.
2664 686 2714 702 xxi.

2520 1642 2525 1647 ο
2546 1615 2624 1646 ,Νιωι
2647 1620 2732 1643 praee,

2520 1646 2571 1664 init.

2520 3338 2530 3348 ‘¹
2544 3337 2581 3360 cf.
2602 3342 2666 3359 num.
2680 3342 2734 3363 xm,

2519 3370 2541 3394 3,
2554 3364 2595 3386 fin.
