2768 4134
99 891 107 901 ·
123 890 193 912 Num.
206 896 241 911 ιιι.

92 2810 100 2819 ·
115 2808 178 2830 Lect.
191 2815 209 2830 ι.

93 3033 102 3044 ”
117 3032 153 3055 Cf.
169 3039 191 3055 n.
209 3039 230 3060 v,
246 3033 294 3055 init.

344 279 392 315 88

342 358 457 399 gradus
481 357 644 387 albedinis.
670 355 736 393 Qui
760 355 876 395 gradus
899 364 969 385 sese
993 354 1105 386 ordine
1130 353 1275 395 quodam
1294 362 1415 384 conco-

341 404 508 433 mitantur:
533 402 576 431 ita
600 400 690 441 quod
714 399 876 431 secundus
899 409 968 430 non
986 405 1095 440 potest
1118 409 1187 430 esse
1211 399 1281 429 sine
1296 398 1415 439 primo,

341 456 400 477 nec
417 446 527 476 tertius
544 446 612 476 sine
629 444 773 476 secundo
791 450 822 475 et
837 445 954 485 primo,
968 450 999 475 et
1015 445 1061 475 sic
1077 443 1117 474 de
1133 444 1212 474 aliis.
1229 443 1291 474 Ista
1306 449 1415 473 tamen

341 490 539 521 continentia
569 495 616 520 est
647 489 846 521 continentia
876 488 1000 520 formae
1027 494 1059 520 et
1089 493 1190 524 actus,
1214 498 1283 518 non
1306 492 1415 518 autem

340 535 518 575 potentiae:
544 543 621 565 cum
645 544 714 565 esse
738 534 887 565 omniurn
903 539 1036 564 actuum
1060 534 1100 564 sit
1124 533 1298 564 actualitas.
1323 531 1415 562 Talia

340 585 449 610 autem
465 589 550 619 quae
565 585 602 610 ut
618 588 811 610 communes
830 577 990 619 quaedam
1014 577 1138 608 formae
1155 583 1187 608 et
1202 583 1292 608 actus
1308 576 1414 607 consi-

340 624 501 660 derantur,
514 624 540 655 si
556 633 614 665 per
625 634 659 654 se
672 630 787 660 essent,
800 633 934 654 omnem
949 632 1047 654 suum
1056 621 1198 663 gradum
1213 630 1414 660 omnemque

338 668 574 709 perfectionem
590 669 758 705 haberent;
779 669 806 698 si
821 673 931 698 autem
946 668 980 698 in
996 667 1107 707 aliquo
1128 666 1191 696 alio
1207 666 1413 706 recipiantur,

339 713 520 744 secundum
544 713 768 744 conditionem
790 713 973 753 recipientis
989 711 1153 752 accipiunt
1175 710 1413 746 limitationem,

340 764 371 788 et
395 767 529 789 omnem
552 767 644 789 suam
667 757 902 799 perfectionem
924 755 1109 797 gradualem
1133 764 1201 785 non
1231 754 1351 785 habent
1380 754 1414 784 in

338 812 422 834 uno:
452 803 535 833 sicut
565 802 691 839 albedo,
721 802 747 832 si
775 802 815 832 ab
846 801 937 832 omni
968 800 1114 831 subiecto
1146 804 1229 830 esset
1258 803 1413 840 separata,

340 857 473 878 omnem
489 847 644 878 albedinis
660 845 894 888 perfectionem
909 845 1050 880 haberet,
1070 850 1106 875 ut
1121 844 1155 874 in
1170 843 1274 884 prima
1289 844 1414 874 ratione

338 892 433 923 tradit
456 892 591 923 Sanctus
608 892 764 927 Thomas,
780 897 816 921 ut
832 891 876 921 ibi
892 889 1103 921 declarabitur
1125 887 1312 919 immediate
1323 889 1355 925 *;
1379 888 1414 919 in

339 937 486 968 subiecto
503 942 612 967 autem
627 941 756 976 recepta
767 934 940 976 perfectior
956 939 1003 965 est
1019 938 1050 964 et
1066 932 1287 974 imperfectior
1298 942 1414 964 secun-

339 981 418 1013 dum
442 981 576 1012 subiecti
598 980 854 1021 dispositionem.
879 978 980 1018 Quod
1002 984 1111 1009 tamen
1134 978 1231 1009 habet
1253 978 1414 1019 posterio-

338 1036 407 1057 rem
430 1025 586 1056 albedinis
608 1025 754 1066 gradum,
775 1025 870 1055 habet
895 1029 926 1054 et
948 1024 1100 1064 priorem.

396 1080 425 1101 2.
451 1069 732 1101 Considerandum
749 1067 904 1105 secundo,
921 1078 960 1099 ex
976 1067 1123 1099 doctrina
1139 1067 1248 1098 Sancti
1263 1067 1414 1098 Thomae

338 1115 453 1152 Prima,
471 1124 502 1155 q.
518 1124 560 1150 tv,
577 1124 605 1145 a.
624 1124 654 1151 2,
672 1114 712 1145 ad
730 1113 759 1150 3,
781 1119 814 1144 et
834 1113 904 1144 Ver.
922 1122 953 1154 q.
970 1122 1021 1149 xx,
1039 1122 1066 1143 a.
1085 1121 1115 1149 2,
1132 1111 1172 1143 ad
1190 1112 1220 1149 3,
1237 1111 1329 1153 quod
1345 1121 1414 1143 esse

338 1165 370 1190 et
395 1160 504 1190 vivere
533 1158 704 1200 dupliciter
734 1157 928 1189 considerari
955 1163 1107 1198 possunt:
1139 1166 1208 1188 uno
1240 1156 1353 1194 modo,
1377 1162 1414 1188 ut

336 1205 444 1234 vivere
467 1203 603 1234 includit
619 1213 688 1234 esse
704 1208 736 1233 et
751 1202 874 1244 aliquid
896 1201 937 1233 ad
960 1203 1069 1243 ipsum
1092 1201 1194 1239 addit;
1218 1202 1283 1233 alio
1299 1201 1412 1239 modo,

337 1255 372 1279 ut
404 1247 585 1279 secundum
619 1249 779 1278 rationem
811 1247 1053 1288 distinguuntur
1086 1256 1144 1288 per
1176 1247 1413 1288 praecisionem

336 1293 433 1324 unius
456 1293 495 1323 ab
519 1292 594 1328 alio,
611 1291 801 1333 accipiendo
818 1291 940 1323 scilicet
956 1301 1025 1323 esse
1045 1301 1104 1333 per
1118 1301 1163 1328 se,
1181 1297 1213 1323 et
1228 1292 1335 1322 vivere
1354 1300 1414 1332 per

336 1347 370 1368 se
392 1337 545 1378 praecise,
569 1337 691 1368 scilicet
714 1342 874 1378 quantum
898 1336 938 1368 ad
960 1336 1042 1368 illud
1065 1335 1157 1377 quod
1173 1335 1260 1368 addit
1275 1336 1316 1367 ad
1331 1345 1411 1367 esse.

336 1382 426 1413 Sicut
448 1382 636 1413 sensitivam
659 1388 691 1413 et
715 1382 944 1413 intellectivam
971 1387 1110 1422 possunt
1140 1380 1336 1412 considerari
1363 1381 1412 1412 in-

336 1433 495 1468 quantum
517 1427 751 1458 intellectivum
773 1426 910 1458 includit
933 1427 1123 1458 sensitivum
1147 1431 1179 1457 et
1201 1425 1289 1457 addit
1315 1435 1413 1467 super

334 1471 415 1502 illud
430 1471 753 1503 intellectualitatem:
774 1477 884 1512 potest
899 1471 996 1502 etiam
1012 1470 1207 1502 considerari
1222 1471 1412 1502 sensitivum

334 1526 392 1557 per
415 1526 460 1553 se,
485 1522 517 1547 et
539 1516 773 1547 intellectivum
796 1516 941 1557 praecise
964 1522 1125 1557 quantum
1148 1515 1189 1547 ad
1211 1515 1413 1547 intellectua-

334 1561 467 1597 litatem,
492 1570 591 1602 quam
614 1560 701 1592 addit
724 1570 821 1602 super
843 1561 1044 1592 sensitivum.

391 1606 424 1637 Si
447 1606 554 1646 primo
577 1605 679 1637 modo
703 1606 912 1646 accipiantur,
928 1606 1036 1637 vivere
1052 1611 1100 1636 est
1115 1604 1289 1646 perfectius
1312 1614 1411 1647 quam

335 1660 414 1681 esse.
439 1650 503 1682 Sed
525 1651 591 1682 hoc
613 1660 682 1681 non
705 1651 859 1682 convenit
873 1650 934 1681 sibi
950 1656 986 1681 ut
1000 1655 1178 1691 utrumque
1197 1650 1231 1681 in
1252 1650 1412 1682 abstracto

335 1694 542 1736 significatur,
558 1695 615 1726 sed
630 1701 755 1726 tantum
771 1701 808 1726 ut
823 1694 1044 1736 significantur
1065 1695 1099 1725 in
1124 1700 1289 1726 concreto.
1313 1695 1411 1734 Quia,

335 1746 372 1771 ut
394 1740 429 1771 in
452 1740 611 1771 abstracto
635 1739 832 1781 significatur
848 1749 928 1776 esse,
944 1750 1014 1771 non
1030 1745 1138 1781 potest
1160 1740 1264 1781 accipi
1281 1746 1317 1771 ut
1332 1750 1412 1771 con-

335 1790 462 1816 tentum
486 1790 518 1816 et
540 1785 713 1816 limitatum
736 1790 768 1816 et
792 1794 959 1816 excessum
982 1795 1000 1816 a
1023 1784 1125 1825 gradu
1145 1785 1242 1816 vitae:
1270 1794 1347 1816 cum
1370 1785 1411 1816 si-

335 1828 507 1870 gnificetur
540 1835 575 1860 ut
606 1828 711 1860 forma
742 1835 774 1860 et
808 1829 972 1860 actualitas
1007 1839 1141 1860 omnem
1175 1829 1411 1870 perfectionem

336 1873 462 1905 essendi
501 1874 686 1911 continens;
717 1874 800 1905 sicut
831 1873 947 1905 albedo
978 1875 1011 1905 in
1042 1874 1201 1905 abstracto
1234 1874 1412 1915 significata

335 1919 491 1959 accipitur
514 1924 550 1949 ut
572 1918 729 1950 illimitata
753 1924 784 1949 et
807 1919 978 1950 continens
1009 1928 1143 1950 omnem
1174 1918 1411 1960 perfectionem

335 1962 501 2000 albedinis,
514 1969 546 1994 et
558 1963 603 1994 sic
615 1969 652 1994 ut
665 1962 839 2004 perfectior
854 1964 959 2004 seipsa
974 1969 1010 1994 ut
1022 1969 1070 1994 est
1084 1964 1119 1994 in
1135 1963 1246 2004 aliquo
1263 1964 1410 1996 subiecto

334 2008 477 2038 limitata.
502 2007 538 2038 In
562 2013 716 2039 concreto
740 2013 860 2045 autem,
884 2013 921 2039 ut
943 2007 1141 2049 significatur
1170 2017 1239 2040 esse
1262 2009 1327 2040 hoc
1350 2019 1411 2040 no-

334 2053 422 2083 mine
445 2061 512 2088 ens,
537 2058 569 2083 et
591 2052 698 2084 vivere
730 2053 794 2084 hoc
824 2053 959 2084 nornine
987 2052 1107 2090 vivens,
1132 2062 1202 2084 esse
1225 2054 1411 2085 continetur

333 2097 367 2128 in
390 2097 462 2138 ipso
486 2097 607 2128 vivere:
632 2098 709 2138 quia
731 2102 811 2129 tunc
828 2107 897 2128 esse
912 2107 980 2128 non
1004 2098 1221 2139 accipiturut
1244 2097 1411 2139 quoddam

333 2142 530 2172 illimitatum
547 2147 579 2172 et
594 2142 765 2173 continens
781 2151 915 2173 omnem
939 2141 1175 2183 perfectionem
1199 2142 1337 2180 essendi,
1354 2142 1411 2175 sed

333 2192 370 2217 ut
393 2186 503 2218 dicens
526 2186 678 2218 infimum
702 2186 829 2218 essendi
852 2186 998 2228 gradum,
1016 2188 1073 2228 qui
1089 2188 1274 2219 continetur
1290 2188 1323 2219 in
1347 2189 1411 2220 vita

333 2232 415 2262 sicut
438 2231 666 2272 imperfectum
689 2232 874 2263 continetur
896 2232 931 2263 in
953 2231 1110 2272 perfecto.

389 2275 423 2307 Si
446 2281 556 2307 autem
580 2275 725 2308 secundo
748 2275 851 2307 modo
875 2276 1084 2317 accipiantur,
1105 2277 1151 2308 sic
1174 2286 1244 2308 esse
1268 2282 1315 2308 est
1338 2287 1411 2319 per-

333 2319 448 2351 fectius
461 2330 560 2362 quam
576 2321 696 2352 vivere:
711 2321 788 2361 quia
799 2330 868 2352 esse
880 2320 1016 2352 includit
1028 2330 1162 2352 omnem
1174 2320 1411 2362 perfectionem

334 2364 470 2402 essendi,
487 2370 519 2396 et
534 2374 592 2406 per
608 2375 813 2406 consequens
824 2365 961 2406 gradum
977 2366 1070 2403 vitae,
1083 2366 1190 2397 vivere
1207 2371 1315 2397 autem
1332 2366 1410 2398 dicit

332 2410 475 2450 praecise
490 2410 598 2451 ipsum
610 2409 746 2451 gradum
758 2409 883 2441 essendi
900 2411 957 2451 qui
974 2416 1021 2441 est
1037 2410 1154 2442 vivere.
1171 2410 1212 2442 Et
1227 2411 1292 2442 hoc
1307 2411 1410 2444 modo

333 2453 553 2495 significantur
575 2455 609 2485 in
633 2455 801 2486 abstracto.

389 2499 442 2530 Sic
466 2509 542 2540 ergo
567 2499 677 2531 vivens
699 2499 873 2540 perfectius
898 2505 945 2531 est
969 2509 1069 2541 quam
1092 2509 1150 2531 ens
1172 2506 1310 2537 tanturn,
1334 2502 1411 2542 quia

334 2544 445 2574 vivens
473 2544 619 2575 continet
649 2545 682 2575 in
706 2554 740 2575 se
763 2544 900 2586 gradum
931 2544 1058 2576 essendi
1089 2545 1145 2586 qui
1177 2551 1225 2576 est
1247 2546 1355 2577 vivere
1379 2551 1411 2577 et

333 2588 469 2628 gradum
501 2589 689 2630 simpliciter
721 2589 856 2625 essendi,
891 2599 948 2620 ens
981 2595 1090 2620 autem
1123 2590 1269 2621 continet
1300 2591 1409 2631 ipsum

333 2639 459 2664 tantum
482 2633 633 2664 infimum
657 2634 781 2665 essendi
805 2633 951 2675 gradum,
969 2635 1026 2675 qui
1050 2639 1097 2665 est
1120 2644 1199 2666 esse.
1216 2634 1281 2666 Sed
1306 2635 1409 2676 ipsum

333 2687 410 2714 esse,
427 2678 466 2709 ab
484 2679 574 2710 omni
595 2679 771 2720 recipiente
787 2684 970 2720 separatum
986 2684 1018 2710 et
1033 2679 1219 2716 subsistens,
1240 2689 1310 2710 non
1325 2679 1410 2711 limi-

333 2728 417 2753 tatur
440 2722 480 2754 ad
503 2723 646 2764 aliquem
661 2723 797 2764 gradum
813 2723 951 2760 essendi,
967 2722 1024 2755 sed
1040 2733 1175 2755 omnem
1194 2723 1321 2756 essendi
1336 2733 1409 2766 per-

333 2766 508 2799 fectionem
531 2769 566 2799 in
589 2778 623 2799 se
647 2768 753 2799 habet.
784 2768 920 2810 Propter
942 2769 1007 2799 hoc
1030 2768 1114 2799 bene
1136 2769 1244 2810 inquit
1272 2768 1410 2801 Sanctus

333 2812 488 2849 Thomas,
502 2812 542 2844 de
558 2819 667 2844 mente
680 2813 839 2855 Dionysii,
850 2823 872 2844 v
882 2822 953 2854 cap.
969 2812 1010 2844 de
1024 2812 1099 2844 Div.
1111 2813 1208 2844 Nom.
1219 2814 1247 2850 ',
1265 2813 1356 2855 quod
1372 2823 1410 2846 ea

333 2866 417 2898 quae
433 2862 508 2889 sunt
531 2863 563 2888 et
586 2858 709 2894 vivunt,
726 2863 802 2889 sunt
816 2857 1009 2899 perfectiora
1025 2858 1063 2888 iis
1079 2867 1163 2899 quae
1179 2864 1255 2890 sunt
1270 2864 1408 2896 tantum,

332 2901 423 2939 idest,
449 2911 532 2943 quae
554 2902 674 2933 habent
697 2908 823 2933 tantum
850 2903 939 2934 hunc
968 2901 1095 2933 essendi
1122 2903 1257 2943 gradum
1282 2904 1339 2944 qui
1362 2910 1410 2935 est

333 2947 479 2978 existere:
504 2947 613 2988 ipsum
628 2952 736 2978 tamen
753 2957 832 2984 esse,
850 2948 907 2988 qui
923 2953 970 2978 est
990 2947 1089 2984 Deus,
1106 2953 1154 2979 est
1170 2958 1227 2979 ens
1245 2949 1409 2980 universa-

332 2991 403 3022 liter
418 2990 610 3032 perfectum‚
627 2991 718 3029 idest,
736 3001 870 3023 omnem
893 2991 1019 3023 essendi
1044 2991 1279 3033 perfectionem
1302 2993 1408 3025 habet.

389 3035 425 3066 11.
450 3035 550 3067 Hanc
565 3037 806 3068 conclusionem
816 3037 940 3078 probat
949 3037 1061 3078 primo
1074 3037 1090 3054 ⁸*
1106 3036 1246 3069 Sanctus
1269 3038 1409 3069 Thomas

332 3081 388 3111 sic.
413 3080 502 3112 Deus
526 3086 573 3112 est
596 3082 704 3122 ipsum
729 3091 798 3112 esse
822 3082 1008 3112 subsistens.
1039 3081 1126 3122 Ergo
1150 3082 1353 3114 nobilitatem
1378 3089 1409 3114 et

332 3124 566 3166 perfectionem
591 3127 848 3167 uniuscuiusque
871 3126 917 3157 rei
940 3126 973 3157 in
990 3135 1024 3157 se
1042 3126 1149 3158 habet.
1164 3145 1188 3150 -
1203 3127 1409 3159 Antecedens

333 3170 505 3210 probatum
530 3176 576 3202 est
600 3181 706 3212 supra.
732 3190 752 3194 —
779 3171 1025 3212 Consequentia
1046 3180 1124 3202 vero
1150 3172 1315 3212 probatur,
1331 3182 1408 3214 sup-

333 3214 488 3255 ponendo
505 3215 595 3256 quod
618 3216 769 3247 nobilitas
792 3216 1050 3257 uniuscuiusque
1073 3216 1120 3247 rei
1143 3222 1191 3247 est
1214 3217 1274 3247 sibi
1293 3226 1408 3248 secun·

334 3259 412 3290 dum
436 3269 520 3291 esse:
545 3270 613 3292 non
637 3261 726 3291 enim
748 3260 900 3292 nobilitas
916 3266 998 3292 esset
1014 3260 1080 3292 ulla
1095 3261 1222 3292 homini
1237 3271 1296 3302 per
1315 3272 1407 3293 suam

333 3305 522 3344 sapientiam
552 3305 614 3336 nisi
643 3315 702 3346 per
730 3306 835 3346 ipsam
864 3305 992 3346 sapiens
1022 3310 1115 3342 esset,
1140 3310 1171 3337 et
1195 3306 1241 3337 sic
1264 3305 1304 3338 de
1328 3306 1406 3338 aliis.

334 3348 381 3378 Ex
405 3358 472 3389 quo
497 3350 642 3390 sequitur
665 3349 756 3391 quod
780 3349 962 3381 secundum
985 3349 1122 3381 modum
1147 3360 1215 3391 quo
1239 3360 1288 3382 res
1312 3351 1408 3382 habet

334 3402 412 3429 esse,
437 3394 592 3434 accipitur
615 3404 692 3426 suae
715 3394 891 3426 nobilitatis
914 3393 1046 3425 modus:
1073 3404 1111 3426 ex
1135 3404 1175 3426 eo
1200 3396 1287 3426 enim
1318 3395 1408 3436 quod

334 3447 402 3468 esse
418 3438 463 3469 rei
479 3438 518 3469 ad
534 3439 690 3470 maiorem
714 3439 889 3471 nobilitatis
911 3438 1048 3480 gradum
1072 3444 1127 3470 aut
1150 3439 1311 3471 minorem
1328 3450 1407 3472 con-

334 3482 476 3518 trahitur,
501 3482 617 3514 dicitur
649 3494 698 3515 res
728 3485 829 3524 magis
858 3489 913 3515 aut
940 3484 1048 3515 minus
1079 3484 1207 3515 nobilis.
1237 3484 1334 3516 Tunc
1361 3486 1407 3517 sic

335 3526 485 3564 arguitur.
510 3527 697 3559 Secundum
721 3528 859 3560 modum
882 3538 951 3570 quo
974 3538 1024 3560 res
1048 3529 1144 3560 babet
1160 3538 1240 3566 esse,
1256 3530 1353 3560 habet
1376 3536 1408 3561 et

335 3570 544 3602 nobilitatem.
576 3572 663 3613 Ergo
699 3573 789 3613 quod
820 3574 916 3605 habet
946 3578 1049 3604 totam
1084 3573 1210 3605 essendi
1244 3574 1406 3611 virtutem,

336 3623 467 3645 omnem
484 3616 578 3647 habet
594 3617 804 3649 nobilitatem.
830 3617 893 3650 Sed
909 3627 978 3649 esse
994 3618 1169 3650 subsistens
1188 3619 1285 3650 habet
1304 3624 1407 3650 totam

336 3658 460 3689 essendi
484 3660 634 3691 virtutem
651 3667 681 3692 et
698 3668 900 3702 potestatem.
926 3663 1012 3704 Ergo
1036 3663 1133 3695 habet
1156 3672 1290 3695 omnem
1314 3664 1408 3695 nobi-

906 275 1096 312 SUMMA
1125 273 1349 311 CONTRA
1379 272 1657 322 GENTILES,
1688 273 1801 311 CAP.
1821 274 1989 311 XXVIII.

1468 352 1602 384 litatem.
1626 371 1650 376 —
1673 354 1831 386 Probatur
1853 355 1962 386 minor
1982 354 2137 395 exemplo
2161 353 2332 385 albedinis:
2355 354 2432 386 licet
2459 356 2548 387 enim

1468 397 1600 428 habenti
1624 398 1808 430 albedinem
1831 399 1948 440 aliquis
1977 398 2095 440 gradus
2125 398 2282 429 albedinis
2312 398 2424 430 deesse
2445 401 2549 441 possit

1468 447 1603 482 propter
1618 441 1784 474 defectum
1798 444 1992 484 recipientis,
2006 444 2145 485 quinon
2160 443 2275 484 recipit
2290 442 2425 475 fortasse
2440 450 2548 477 totum

1469 495 1567 526 posse
1589 486 1757 524 albedinis,
1781 488 1809 518 si
1830 493 1940 520 tamen
1963 488 2079 520 albedo
2104 493 2187 519 esset
2214 488 2254 518 ab
2278 488 2370 519 omni
2399 489 2547 520 subiecto

1469 536 1624 571 separata,
1640 531 1722 562 nihil
1741 532 1772 562 ei
1787 531 1828 563 de
1850 533 1967 564 virtute
1992 532 2148 564 albedinis
2174 532 2285 564 deesse
2308 538 2428 573 posset.
2453 533 2548 565 Simi-

1467 575 1540 606 liter
1562 584 1640 616 ergo
1661 575 1720 606 erit
1743 575 1784 607 de
1807 586 1876 608 esse
1899 578 1939 608 ab
1963 578 2055 608 omni
2077 577 2253 618 recipiente
2273 583 2432 618 separato,
2457 578 2548 619 quod

1467 619 1548 650 nihil
1572 620 1602 651 ei
1625 619 1666 651 de
1689 619 1890 661 perfectione
1913 627 1945 653 et
1966 622 2084 653 virtute
2107 621 2234 653 essendi
2252 627 2361 663 potest
2380 621 2501 654 deesse.

1523 664 1572 695 Ex
1587 664 1648 695 hac
1663 665 1789 701 ratione
1804 665 1969 706 quandam
1992 667 2110 708 accipit
2132 667 2354 698 conclusionis
2374 666 2547 698 confirma-

1467 709 1603 740 tionem.
1628 708 1818 740 Secundum
1840 709 1979 742 modum
2002 720 2070 752 quo
2086 711 2210 753 aliquid
2224 712 2322 743 habet
2341 721 2421 749 esse,
2438 711 2547 743 deficit

1468 763 1487 784 a
1510 763 1579 784 non
1604 763 1683 785 esse.
1714 754 1802 795 Ergo
1833 753 1925 795 quod
1955 764 2055 786 omne
2085 765 2154 787 esse
2181 756 2288 793 habet,
2312 757 2352 787 ab
2381 766 2422 788 eo
2446 766 2546 788 omne

1468 808 1537 830 non
1561 808 1630 830 esse
1653 799 1785 830 absistit.
1810 798 1898 840 Ergo
1914 799 1954 829 ab
1971 809 2012 830 eo
2028 800 2136 831 omnis
2151 799 2296 833 defectus
2319 807 2367 833 est
2389 807 2545 833 remotus.

1468 843 1556 884 Ergo
1588 849 1635 874 est
1665 843 1887 875 universaliter
1915 843 2088 885 perfectus.
2116 843 2204 885 Ergo
2218 862 2221 864 Δ
2234 845 2334 884 Deus,
2358 847 2416 887 qui
2446 856 2547 878 omne

1469 898 1538 919 esse
1561 888 1668 925 habet,
1693 894 1741 920 est
1763 888 1985 920 universaliter
2007 887 2182 929 perfectus.

1524 933 1705 970 Postremo,
1721 939 1869 965 removet
1883 933 2031 965 dubium.
2048 933 2133 964 Nam
2147 933 2203 964 illa
2217 943 2303 975 quae
2317 940 2445 967 tantum
2459 941 2546 973 sunt,

1468 983 1544 1009 sunt
1566 977 1765 1018 imperfecta.
1790 978 1878 1019 Ergo
1894 988 1964 1010 esse
1980 984 2028 1009 est
2050 977 2289 1019 imperfectum.
2313 978 2348 1010 Si
2363 989 2441 1022 ergo
2456 981 2547 1012 Deus

1469 1028 1517 1054 est
1543 1023 1652 1064 ipsum
1682 1032 1762 1060 esse,
1791 1023 1938 1064 sequitur
1968 1022 2060 1064 quod
2089 1023 2130 1054 sit
2160 1022 2240 1064 quid
2262 1022 2500 1064 imperfectum.
2523 1044 2547 1048 -

1467 1067 1698 1108 Respondetur
1718 1068 1809 1109 quod
1831 1068 1906 1099 talia
1929 1074 2005 1099 sunt
2027 1066 2216 1109 imperfecta
2238 1077 2308 1100 non
2331 1074 2465 1110 propter
2485 1069 2547 1101 im-

1467 1111 1704 1153 perfectionem
1728 1122 1797 1144 esse
1821 1113 1980 1150 absolute,
1996 1111 2089 1149 idest,
2107 1112 2184 1153 quia
2198 1113 2339 1144 habeant
2352 1113 2463 1155 ipsum
2478 1122 2548 1145 esse

1467 1157 1656 1188 absolutum
1679 1163 1712 1189 et
1733 1157 1941 1194 illimitatum,
1965 1163 2002 1189 ut
2025 1157 2184 1199 supponit
2206 1157 2358 1189 dubium:
2389 1158 2448 1190 sed
2469 1158 2548 1200 quia

1467 1202 1661 1243 participant
1683 1212 1754 1234 esse
1775 1202 1958 1234 secundum
1981 1202 2117 1243 gradum
2139 1201 2469 1243 imperfectissimum,
2489 1203 2548 1244 qui

1468 1252 1516 1278 est
1539 1247 1675 1278 existere
1697 1253 1835 1279 tantum.

1524 1291 1576 1322 111.
1601 1291 1697 1323 Circa
1712 1292 1806 1323 istam
1824 1292 2096 1333 propositionem,
2113 1291 2278 1323 Nobilitas
2293 1292 2549 1334 uniuscuiusque

1467 1337 1517 1367 rei
1539 1341 1588 1367 est
1608 1336 1670 1368 sibi
1691 1336 1869 1368 secundum
1892 1346 1988 1368 suum
2004 1345 2082 1373 esse,
2100 1335 2373 1368 considerandum
2393 1342 2441 1369 est
2456 1337 2548 1379 quod

1466 1391 1535 1412 non
1559 1387 1607 1412 est
1630 1391 1723 1413 mens
1747 1381 1857 1413 Sancti
1873 1381 2023 1413 Thomae
2043 1382 2153 1422 ipsum
2174 1380 2404 1423 imperfectum
2419 1381 2548 1414 essendi

1466 1426 1602 1467 gradum
1634 1427 1692 1468 qui
1722 1432 1771 1457 est
1802 1427 1937 1458 existere
1966 1432 2105 1463 tantum,
2135 1431 2192 1458 aut
2218 1426 2315 1458 etiam
2341 1436 2412 1458 esse
2433 1427 2548 1467 uniisse

1467 1471 1627 1512 cuiusque
1651 1471 1776 1503 formae
1799 1472 1899 1503 veluti
1922 1472 2105 1512 praecisum
2129 1481 2148 1502 a
2170 1470 2286 1509 forma,
2303 1481 2373 1503 esse
2390 1472 2437 1504 rei
2451 1472 2547 1509 nobi?

1466 1516 1603 1547 litatem:
1628 1515 1686 1547 sed
1708 1525 1802 1548 mens
1825 1517 1895 1548 eius
1918 1522 1976 1553 est,
2000 1525 2078 1548 cum
2100 1515 2259 1557 perfectio
2287 1517 2547 1558 uniuscuiusque

1465 1561 1512 1592 rei
1528 1566 1560 1592 et
1575 1561 1726 1592 nobilitas
1748 1561 1789 1592 sit
1811 1571 1830 1592 a
1852 1559 1968 1599 forma,
1985 1561 2062 1602 quia
2078 1560 2201 1592 formae
2225 1566 2273 1592 est
2294 1560 2462 1602 perficere,
2475 1570 2547 1595 non

1467 1610 1515 1637 est
1529 1605 1680 1637 nobilitas
1704 1611 1736 1637 et
1758 1605 1916 1647 perfectio
1933 1615 1951 1637 a
1966 1605 2072 1637 forma
2094 1610 2132 1637 ut
2153 1611 2299 1647 separata
2321 1605 2510 1647 intelligitur
2527 1615 2546 1637 a

1466 1659 1501 1681 re
1516 1650 1699 1682 secundum
1714 1660 1794 1687 esse,
1811 1650 1868 1682 sed
1884 1656 1921 1682 ut
1936 1651 1982 1682 rei
2005 1651 2116 1682 unitur
2138 1649 2321 1682 secundum
2344 1659 2414 1682 esse
2436 1659 2544 1682 suum.

1466 1695 1544 1726 Non
1566 1696 1655 1727 enim
1677 1695 1802 1737 aliquid
1824 1696 1957 1737 proprie
1980 1700 2028 1726 est
2051 1695 2188 1727 alicuius
2203 1694 2310 1727 forma
2332 1701 2364 1727 et
2386 1694 2545 1737 perfectio

1465 1740 1527 1771 nisi
1549 1740 1746 1782 inquantum
1778 1741 1839 1772 sibi
1869 1739 1924 1772 dat
1953 1750 2037 1772 esse:
2068 1749 2145 1771 nam
2175 1740 2333 1782 sapientia
2361 1750 2431 1772 non
2462 1746 2546 1773 esset

1465 1785 1608 1816 hominis
1631 1784 1736 1816 forma
1766 1786 1829 1816 nisi
1857 1786 1918 1816 sibi
1947 1785 2127 1826 sapientem
2151 1794 2228 1816 esse
2258 1784 2348 1816 daret
2373 1794 2415 1817 eo
2441 1785 2545 1817 modo

1466 1839 1534 1871 quo
1567 1828 1691 1861 formae
1725 1830 1880 1862 convenit
1911 1829 1987 1862 dare
2018 1839 2098 1861 esse.
2131 1829 2292 1861 Nobilitas
2323 1839 2402 1871 ergo
2431 1828 2545 1863 unius-

1465 1875 1626 1915 cuiusque
1641 1875 1687 1906 rei
1703 1880 1751 1906 est
1765 1875 1826 1906 sibi
1840 1874 2018 1906 secundum
2037 1883 2133 1905 suum
2155 1881 2241 1905 esse:
2254 1873 2348 1911 idest,
2362 1873 2546 1906 secundum

1465 1918 1604 1950 formam
1627 1924 1664 1950 ut
1687 1919 1748 1950 sibi
1771 1919 1896 1951 unitam
1919 1918 2102 1950 seeundum
2126 1927 2196 1950 esse
2220 1923 2252 1950 et
2274 1917 2448 1951 facientem
2474 1924 2545 1951 rem

1465 1973 1535 1995 esse
1558 1964 1667 1995 talem.

1522 2018 1553 2039 2.
1579 2008 1674 2040 Circa
1697 2008 1885 2049 exemplum
1915 2007 1956 2040 de
1986 2007 2146 2045 albedine,
2168 2007 2353 2040 notandum
2382 2013 2431 2040 est
2453 2007 2545 2050 quod

1465 2052 1631 2094 duplicem
1655 2052 1891 2094 perfectionem
1906 2053 1941 2084 in
1956 2052 2105 2084 albedine
2124 2061 2300 2094 possumus
2323 2052 2543 2088 considerare:

1465 2108 1565 2130 unam
1589 2098 1711 2130 scilicet
1735 2097 1938 2130 essentialem
1961 2103 1994 2129 et
2015 2096 2213 2139 specificam,
2237 2106 2323 2139 quae
2348 2107 2408 2139 per
2430 2097 2545 2131 defini-

1464 2143 1590 2174 tionem
1617 2141 1830 2184 significatim
1863 2142 1994 2174 alteram
2024 2151 2103 2174 vero
2132 2141 2331 2184 gradualem,
2361 2141 2544 2175 secundum

1465 2187 1589 2219 diversa
1605 2197 1675 2219 esse
1695 2197 1780 2229 quae
1803 2193 1878 2219 nata
1900 2192 1977 2219 sunt
1999 2186 2141 2218 albedini
2163 2187 2339 2218 convenire
2361 2187 2544 2220 seeundum
2598 2191 2602 2198 ¹

1465 2232 1557 2274 quod
1586 2242 1606 2263 a
1635 2233 1783 2264 subiecto
1814 2231 2031 2264 diversimode
2061 2232 2280 2273 participatur,
2311 2237 2368 2263 aut
2397 2233 2494 2264 etiam
2524 2242 2544 2264 a

1464 2277 1613 2309 subiecto
1633 2283 1779 2318 separata
1802 2283 1866 2309 est.
1885 2276 1918 2308 Si
1941 2276 1982 2308 de
2005 2277 2110 2318 prima
2132 2275 2334 2318 perfectione
2355 2276 2543 2318 loquamur,

1464 2331 1533 2354 non
1557 2327 1605 2353 est
1627 2321 1744 2354 albedo
1767 2327 1912 2364 separata
1941 2320 2116 2363 perfectior
2141 2320 2291 2353 albedine
2322 2321 2478 2354 existente
2507 2323 2544 2355 in

1465 2367 1623 2403 subiecto,
1647 2376 1756 2408 neque
1779 2367 1812 2398 in
1837 2376 1905 2398 uno
1929 2366 2076 2398 subiecto
2107 2365 2281 2407 perfectior
2309 2371 2358 2398 est
2385 2375 2485 2408 quam
2507 2367 2542 2400 in

1465 2411 1544 2442 alio:
1570 2420 1646 2442 cum
1670 2412 1808 2443 essentia
1831 2412 1877 2443 rei
1900 2412 1934 2442 in
1957 2410 2143 2442 indivisibili
2173 2411 2336 2442 consistat.
2367 2410 2403 2443 Si
2431 2417 2542 2444 autem

1465 2455 1506 2487 de
1529 2455 1672 2488 secunda
1695 2456 1735 2487 sit
1757 2465 1876 2493 sermo,
1892 2456 1939 2487 sic
1953 2461 2062 2497 potest
2077 2455 2194 2487 albedo
2217 2461 2362 2497 separata
2385 2465 2455 2488 esse
2469 2465 2542 2498 per-

1464 2500 1580 2532 fectior
1603 2510 1702 2542 quam
1734 2501 1767 2532 in
1797 2501 1956 2537 subiecto,
1982 2506 2014 2532 et
2040 2501 2074 2531 in
2103 2509 2172 2532 uno
2202 2500 2350 2532 subiecto
2380 2509 2481 2542 quam
2507 2501 2542 2533 in

1464 2545 1543 2577 alio:
1568 2551 1714 2586 separata
1737 2545 1835 2583 enim,
1860 2545 1940 2577 nihil
1963 2545 2023 2576 sibi
2051 2545 2092 2576 de
2121 2545 2239 2576 virtute
2269 2544 2437 2583 albedinis,
2459 2544 2544 2579 idest

1464 2589 1504 2622 de
1527 2589 1729 2632 perfectione
1761 2596 1793 2622 et
1823 2600 1892 2621 esse
1923 2589 2090 2627 albedinis,
2115 2589 2226 2621 deesse
2252 2595 2371 2631 potest,
2395 2590 2473 2632 quia
2501 2590 2543 2622 ad

1464 2635 1593 2666 nullum
1609 2634 1820 2666 determinata
1836 2641 1884 2666 est
1898 2634 2050 2676 gradum;
2075 2640 2106 2666 et
2122 2635 2155 2666 in
2171 2644 2240 2666 uno
2264 2635 2412 2667 subiecto
2434 2640 2543 2677 potest

1462 2679 1691 2721 perfectiorem
1714 2679 1851 2721 gradum
1874 2680 1992 2711 habere
2016 2688 2115 2721 quam
2139 2680 2173 2711 in
2195 2679 2271 2711 alio.

1519 2724 1621 2763 Quod
1644 2730 1753 2756 autem
1777 2725 1883 2766 inquit
1905 2723 2043 2756 Sanctus
2065 2724 2223 2761 Thomas,
2247 2734 2286 2756 ex
2309 2723 2439 2756 defectu
2460 2724 2543 2756 reci-

1462 2769 1582 2810 pientis
1604 2769 1750 2801 accidere
1773 2775 1810 2801 ut
1832 2770 1893 2801 sibi
1915 2769 2038 2811 aliquid
2061 2768 2102 2801 de
2125 2769 2243 2800 virtute
2269 2768 2426 2801 albedinis
2448 2767 2542 2806 desit,

1462 2814 1540 2856 quia
1554 2814 1708 2857 sortasse
1723 2824 1790 2846 non
1807 2813 1923 2855 recipit
1937 2823 2009 2845 eam
2025 2813 2203 2846 secundum
2219 2819 2324 2845 totum
2340 2822 2440 2856 posse
2455 2813 2542 2845 albe-

1463 2858 1559 2896 dinis,
1583 2858 1659 2890 ideo
1683 2858 1860 2891 dubitative
1891 2859 2004 2900 posuit
2030 2859 2107 2900 quia
2137 2868 2207 2890 non
2235 2858 2334 2891 refert
2355 2857 2396 2890 ad
2417 2867 2542 2900 propo-

1463 2904 1561 2935 situm
1577 2910 1687 2935 utrum
1703 2903 1838 2945 aliquod
1857 2904 2041 2935 subiectum
2065 2903 2209 2945 recipere
2231 2904 2335 2945 possit
2357 2902 2542 2935 albedinem

1463 2948 1644 2980 secundum
1667 2954 1776 2980 totum
1797 2958 1894 2990 posse
1917 2948 2083 2985 albedinis,
2100 2957 2140 2979 an
2161 2957 2230 2980 non
2253 2948 2366 2990 possit.
2389 2947 2541 2987 Quomo-

1463 2993 1652 3034 documque
1683 2994 1771 3025 enim
1801 2994 1851 3030 sit,
1880 2992 2021 3025 albedini
2050 2998 2215 3034 separatae
2244 2993 2325 3024 nihil
2354 2991 2396 3024 de
2422 2993 2541 3025 virtute

1462 3037 1620 3070 albedinis
1643 3038 1754 3070 deesse
1777 3043 1895 3080 potest,
1912 3039 1989 3079 quia
2018 3047 2087 3069 non
2110 3038 2277 3069 limitatur:
2303 3037 2400 3069 alicui
2430 3042 2540 3069 autem

1462 3083 1537 3114 albo
1561 3082 1684 3125 aliquid
1708 3083 1819 3115 deesse
1842 3089 1951 3124 potest
1973 3088 2106 3124 propter
2127 3083 2177 3114 sui
2199 3082 2493 3124 indispositionem.

1518 3127 1608 3167 Quid
1638 3133 1747 3159 autem
1778 3129 1818 3159 sit
1847 3128 1880 3159 in
1910 3125 2063 3159 veritate?
2093 3126 2200 3159 Tenet
2229 3127 2366 3159 Sanctus
2393 3125 2539 3157 Titomas

1462 3172 1586 3209 Tertio,
1604 3172 1634 3204 d.
1651 3183 1716 3209 xm,
1733 3182 1766 3214 q.
1782 3183 1803 3210 1,
1820 3183 1848 3204 a.
1867 3182 1885 3203 2
1898 3173 1926 3210 *,
1947 3171 2039 3214 quod
2052 3172 2173 3215 forma
2189 3172 2332 3203 existens
2346 3171 2380 3201 in
2395 3170 2538 3202 subiecto

1462 3217 1502 3248 de
1525 3218 1713 3249 necessitate
1736 3222 1784 3249 est
1806 3217 1947 3249 limitata
1970 3222 2127 3258 quantum
2155 3215 2200 3248 ad
2226 3225 2295 3247 esse
2324 3215 2465 3246 debitum
2489 3215 2540 3247 illi

1453 3262 1602 3304 somnae,
1627 3262 1704 3303 quia
1729 3272 1795 3293 non
1825 3262 1920 3293 habet
1949 3266 2053 3293 totum
2080 3270 2150 3293 esse
2175 3259 2263 3302 quod
2286 3264 2427 3291 naturae
2450 3259 2539 3292 illius

1461 3312 1509 3338 est
1526 3307 1692 3348 possibile.
1716 3307 1777 3338 Est
1801 3311 1908 3338 tamen
1927 3305 2084 3348 possibile
2099 3310 2135 3337 ut
2148 3305 2266 3336 habeat
2281 3304 2372 3336 illam
2384 3305 2539 3347 sormam

1461 3351 1638 3383 secundum
1662 3361 1790 3383 omnem
1814 3351 1976 3382 rationem
1999 3350 2089 3382 illius
2102 3349 2251 3392 formae,
2276 3353 2313 3380 ut
2333 3349 2458 3380 scilicet
2477 3349 2540 3381 sibi

1463 3396 1544 3427 nihil
1559 3396 1642 3427 desit
1656 3396 1696 3428 de
1711 3396 1948 3437 pertinentibus
1970 3394 2015 3426 ad
2031 3393 2269 3436 perfectionem
2286 3393 2375 3425 illius
2388 3394 2538 3437 sor-mae.

1462 3441 1608 3473 Primum
1631 3442 1677 3472 sic
1700 3441 1847 3482 intelligo
1871 3438 1972 3482 quod,
1997 3447 2075 3470 cum
2098 3447 2168 3470 esse
2191 3444 2375 3480 separatum
2391 3439 2431 3470 ab
2447 3439 2539 3471 omni

1462 3486 1609 3517 subiecto
1633 3486 1673 3517 sit
1695 3484 1869 3527 perfectior
1891 3482 2010 3515 modus
2033 3482 2160 3514 essendi
2183 3483 2331 3515 absolute
2354 3484 2446 3515 omni
2470 3493 2540 3515 esse

1462 3531 1495 3562 in
1511 3531 1670 3567 subiecto,
1686 3530 1815 3562 nullum
1831 3538 1900 3560 esse
1915 3529 1950 3560 in
1964 3528 2113 3559 subiecto
2137 3534 2246 3569 potest
2268 3528 2444 3560 virtualiter
2459 3538 2540 3560 con-

1461 3575 1563 3606 tinere
1587 3585 1656 3606 esse
1679 3575 1874 3606 abstractum
1897 3573 2010 3614 illique
2033 3572 2250 3613 adaequatum
2271 3582 2353 3605 esse:
2379 3582 2455 3605 cum
2477 3573 2539 3604 im-

1461 3619 1636 3660 perfectius
1665 3629 1735 3651 non
1765 3617 1924 3659 adaequet
1947 3627 2057 3658 neque
2080 3618 2256 3649 virtualiter
2279 3618 2444 3649 contineat
2466 3627 2539 3659 per-

1462 3663 1586 3696 fectius.
1623 3663 1702 3695 Esse
1732 3668 1841 3694 autem
1872 3662 2067 3694 abstractum
2100 3668 2131 3694 et
2165 3663 2302 3694 omnino
2331 3663 2537 3704 irreceptum,

2567 3170 2576 3180 ·
2592 3168 2647 3197 Qu·
2661 3174 2684 3192 s.
