2716 4302
50 554 59 564 ⁸
71 554 133 576 Casu
141 553 212 576 scrib.
222 554 261 576 rit.

41 1071 148 1097 gru.

2 1235 9 1244 ,

0 1344 15 1387 i
43 1382 46 1383 γ

0 1427 21 1487 ’ξπ

0 1487 39 1576 ζ

0 1581 21 1609 Ρῗ

0 1611 11 1640 ἔ·

7 2131 9 2133 ¹
39 2106 70 2135 ξς
76 2103 120 2125 Υ.
127 2107 198 2131 ις-ρ.
206 2107 258 2131 3²4·

0 2532 6 2540 .
41 2520 81 2544 lu.
95 2524 144 2548 ιι..
157 2518 201 2542 inf.

44 2775 79 2798 Ib-
93 2780 108 2797 ι
118 2781 155 2802 3⁰-

0 3392 3 3394 '
47 3390 143 3414 nubi.

1264 170 1530 208 APPENDIX

289 246 399 272 excedit
417 242 504 273 unde
531 243 629 274 virtus
653 251 801 281 generativa
821 256 903 287 quae
933 253 980 278 est
1007 248 1040 278 in
1070 249 1192 280 semine
1222 250 1364 280 hominis

289 302 357 324 non
381 298 490 333 potest
511 305 644 331 generare
663 297 843 336 producere
859 299 991 329 brutum
1006 299 1058 329 vel
1074 299 1227 339 plantam,
1246 304 1294 329 sed
1309 301 1367 331 ho-

289 344 413 374 minem
437 351 547 376 autem
570 353 687 387 potest,
714 349 770 388 qui
786 347 921 390 (tamen)
942 350 1105 390 praedicta
1129 351 1263 382 excedit.
1290 352 1364 382 Alio

289 394 689 428 modo...substantiam
722 407 910 440 separatam.
945 400 1057 431 Tertio
1090 401 1202 438 modo,
1234 409 1365 443 propter

290 447 457 478 materiam
481 447 724 480 determinatam
751 451 789 481 ad
814 450 964 482 effectum
989 453 1021 482 in
1039 446 1136 492 quam
1161 463 1257 492 agens
1274 463 1366 493 agere

289 508 357 529 non
382 505 499 538 potest,
517 500 600 530 sicut
619 503 836 541 carpentarius
855 512 922 533 non
947 510 1054 543 potest
1071 515 1108 540 ag
1129 502 1232 534 facere
1250 514 1367 535 serram

290 549 366 589 quia
390 559 447 580 sua
465 556 530 580 arte
547 561 614 581 non
633 558 739 591 potest
756 563 848 592 agere
862 555 893 584 in
908 554 1039 591 ferrum,
1054 565 1090 585 ex
1106 565 1172 595 quo
1190 555 1225 585 fit
1241 557 1257 572 ⁴*
1271 566 1365 586 serra.

290 599 390 630 Nullo
426 606 536 631 autem
571 602 707 632 istorum
742 604 915 635 modorum
949 612 1055 645 potest
1086 607 1201 646 aliquis
1235 606 1366 637 effectus

285 655 348 690 fieri
366 658 450 680 extra
469 656 589 681 divinam
611 658 682 682 virtu
703 655 843 685 subtrahi
862 656 987 686 divinae
1005 658 1122 687 virtuti.
1148 658 1262 697 Neque
1280 660 1366 688 enim

289 708 423 744 propter
451 702 745 736 dissimilitudinem
779 707 910 738 effectus
939 709 1061 748 aliquid
1085 710 1114 739 ei
1133 714 1198 747 efflei
1217 710 1366 750 impossi—

289 754 352 784 bile
377 763 446 784 esse
471 761 587 795 potest,
613 767 688 787 cum
714 768 811 789 omne
840 769 907 796 ens,
937 760 1131 800 inquantum
1159 761 1255 791 habet
1286 772 1365 797 esse,

289 805 329 835 sit
352 805 382 835 ei
406 805 521 842 simile,
548 813 583 836 ut
607 817 702 848 supra
728 815 895 840 ostensum
920 817 976 840 est.
1006 811 1074 841 Nec
1106 812 1202 841 etiam
1233 818 1364 852 propter

289 855 423 887 effectus
447 858 682 896 excellentiam,
708 870 783 891 cum
808 868 976 892 ostensum
1001 863 1039 892 sit
1064 862 1154 902 quod
1179 863 1294 903 (Deus)
1320 870 1366 893 est

289 917 386 948 supra
409 910 521 939 omnia
545 912 630 941 entia
654 911 686 941 in
704 912 848 943 bonitate
866 919 896 943 et
921 912 1131 953 perfectione.
1156 914 1224 943 Nec
1249 915 1364 944 iterum

288 965 422 999 propter
446 959 611 991 defectum
635 964 798 1000 materiae,
824 974 899 1003 cun}
923 969 949 992 in
969 969 1069 1001 agendo
1094 968 1201 993 materia
1226 970 1312 994 omnis
1333 969 1364 994 ab

288 1021 321 1040 eo
340 1015 400 1039 soto
418 1015 453 1040 sit
471 1020 561 1048 utpote
581 1014 663 1053 (ipse
680 1015 719 1044 sit
745 1025 838 1045 causa
864 1017 1024 1053 materiae,
1050 1015 1148 1059 quae)
1173 1012 1239 1047 non
1265 1018 1366 1058 possi-

288 1062 361 1094 bilis
392 1062 467 1106 (est)
495 1065 617 1095 causari
650 1066 710 1096 nisi
742 1075 799 1106 per
823 1068 839 1082 a
861 1069 1068 1098 creationem.
1103 1069 1172 1108 Ipse
1204 1070 1301 1099 etiam
1332 1070 1365 1099 in

287 1114 416 1154 agendo
440 1125 508 1145 non
534 1117 668 1156 requirit
698 1117 876 1154 materiam,
905 1128 981 1148 curn
1011 1119 1102 1150 nullo
1131 1120 1365 1159 praeexistente

282 1170 373 1203 possit
391 1176 460 1198 rem
483 1169 517 1198 in
541 1178 611 1198 esse
635 1168 804 1208 producat,
829 1176 860 1200 et
883 1171 928 1200 sic
953 1178 1085 1211 propter
1101 1172 1253 1201 materiae
1278 1171 1366 1202 defe-

289 1225 379 1252 ctum
404 1220 473 1251 eius
497 1220 581 1251 actio
605 1220 752 1261 impediri
785 1231 851 1252 non
884 1229 991 1262 potest
1020 1224 1058 1253 ab
1089 1222 1221 1253 effectus
1246 1223 1366 1264 produ-

288 1273 407 1303 ctione.
425 1273 535 1303 Restat
551 1272 684 1312 igitur..
696 1274 989 1313 :omnipotentem
1003 1275 1020 1312 §
1034 1275 1119 1304 Hinc
1132 1280 1178 1304 est
1192 1298 1198 1304 .
1214 1297 1239 1304 ..
1254 1281 1284 1304 et
1301 1275 1365 1305 iob.

287 1323 506 1371 §Erip—92..
525 1333 623 1353 omne
656 1325 800 1354 verbum.
835 1325 852 1363 ξ
876 1325 936 1355 Per
961 1325 1023 1355 hoc
1055 1332 1163 1355 autem
1194 1331 1367 1356 evacuatur

288 1373 496 1415 quorundam
527 1375 800 1415 philosophorum
832 1386 920 1406 error
951 1377 1007 1416 qui
1028 1381 1110 1409 diceb,
1136 1381 1226 1412 opina,
1249 1387 1367 1412 posuere

287 1431 468 1466 posuerunt
488 1435 506 1455 a
530 1425 601 1455 Deo
626 1425 813 1456 immediate
838 1427 973 1466 produci
999 1438 1102 1458 unum
1119 1427 1271 1458 effectum
1297 1434 1367 1458 tan-

287 1481 368 1513 tum,
385 1477 478 1517 quasi
495 1477 593 1506 virtus
614 1477 683 1507 eius
708 1476 747 1507 ad
771 1477 856 1507 illius
880 1478 1134 1518 productionem
1155 1479 1366 1509 determinata

287 1533 372 1558 esset
393 1535 420 1556 et
435 1538 489 1564 per
507 1532 558 1557 hoc
575 1538 603 1556 se
623 1534 654 1558 et
678 1528 768 1568 quod
800 1529 888 1559 Deus
919 1539 986 1560 non
1017 1536 1125 1569 potest
1149 1530 1236 1560 aliud
1260 1530 1364 1560 facere

287 1579 348 1609 nisi
373 1577 554 1610 secundum
580 1579 671 1619 quod
695 1589 808 1610 cursus
833 1590 940 1611 rerum
963 1591 991 1610 se
1010 1585 1088 1609 habet
1107 1581 1302 1611 naturalium
1331 1591 1364 1610 se

286 1630 394 1661 habet.
419 1634 458 1659 De
471 1634 567 1667 quibus
582 1635 674 1659 dicitur
687 1635 786 1666 primae
797 1643 851 1660 cor.
866 1636 958 1668 primo,
979 1636 1071 1660 Nonne
1091 1637 1198 1660 stultam
1217 1635 1277 1660 fecit
1297 1636 1367 1660 Deus

286 1685 442 1719 sapientiam
461 1685 540 1710 huius
560 1685 666 1710 mundi:
685 1686 784 1719 glossa,
803 1687 930 1719 sapientia
949 1688 1038 1712 mundi
1058 1693 1098 1712 est
1117 1695 1184 1720 quae
1204 1688 1367 1720 impossibile

287 1737 344 1762 Deo
362 1737 458 1762 iudicat
476 1737 549 1770 quod
569 1738 594 1762 in
613 1737 713 1762 naturis
731 1745 820 1762 rerum
841 1746 893 1763 non
913 1739 990 1764 videt.
1011 1735 1060 1766 De
1085 1736 1202 1776 q'uIbus
1223 1740 1301 1764 etiam
1321 1737 1368 1767 di-

287 1786 371 1817 citur
400 1786 456 1816 iob
485 1795 559 1821 xxti,
591 1785 692 1823 Quasi
725 1786 803 1816 nihil
833 1793 942 1826 posset
974 1789 1184 1828 omnipotens
1216 1790 1366 1820 aestima-

286 1838 365 1868 bant
388 1846 475 1868 eum.

502 1949 584 1989 Cap.
611 1950 724 1980 XXIII.
750 1950 847 1988 Quoi)
873 1951 959 1982 Deus
983 1961 1048 1982 Nox
1073 1962 1156 1982 AGAT

604 2011 641 2031 ax
667 2003 872 2032 necessitate
897 2013 1051 2033 NATURAE.

332 2096 434 2135 Quod
458 2096 547 2127 Deus
565 2120 571 2126 .
587 2120 593 2126 .
610 2120 616 2126 .
635 2102 778 2127 naturae.
804 2116 823 2118 —
849 2099 866 2136 §
888 2097 934 2127 Ex
960 2098 1022 2127 hoc
1047 2104 1156 2128 autem
1189 2098 1368 2129 ostenditur

287 2148 379 2188 quod
408 2148 496 2178 Deus
527 2148 592 2187 agit
616 2148 662 2185 (in
688 2149 854 2187 creaturis)
880 2158 946 2178 non
979 2158 1035 2188 per
1064 2150 1287 2180 necessitatem
1311 2153 1367 2179 nass

287 2207 389 2236 turae,
406 2199 462 2230 Sed
487 2209 545 2240 per
567 2203 640 2228 arbit
659 2200 825 2229 arbitrium
843 2200 1017 2230 voluntatis
1035 2205 1058 2228 in
1074 2206 1244 2236 productione
1259 2213 1365 2230 suarum

287 2259 472 2280 creaturarum.
495 2250 611 2280 Omnis
635 2251 722 2280 enim
747 2251 869 2290 agentis
894 2260 950 2290 per
980 2252 1203 2282 necessitatem
1233 2258 1365 2282 naturae

286 2303 388 2334 virtus
419 2302 650 2333 determinatur
674 2303 712 2332 ad
742 2312 845 2333 unum
871 2302 1039 2333 effectum:
1061 2308 1082 2332 si
1103 2307 1173 2332 enim
1193 2308 1225 2332 ad
1244 2308 1318 2341 plura
1338 2316 1368 2333 se

287 2357 396 2383 haberet
411 2365 463 2383 non
478 2359 562 2390 magis
582 2365 664 2382 unum
680 2365 759 2390 quam
779 2358 890 2383 alterum
911 2358 1076 2390 produceret,
1092 2358 1142 2383 hoc
1161 2359 1230 2384 enim
1246 2360 1302 2384 sola
1316 2360 1367 2384 ele-

288 2410 374 2436 ctione
387 2408 443 2434 fieri
457 2415 545 2442 potest
566 2415 593 2434 ut
612 2417 692 2441 agens
713 2410 783 2442 quod
804 2415 890 2442 potest
909 2411 934 2434 in
953 2410 1029 2442 plura
1047 2419 1128 2435 unum
1150 2419 1211 2444 prae
1231 2412 1287 2436 aliis
1302 2418 1368 2444 agat,

288 2469 357 2494 quae
372 2455 484 2494 'quidem
500 2461 591 2485 electio
612 2468 663 2485 non
683 2466 723 2485 est
743 2466 850 2485 naturae
870 2462 916 2486 sed
935 2462 1094 2488 voluntatis..
1106 2458 1146 2488 Et
1163 2458 1238 2489 inde
1255 2466 1302 2489 est
1318 2483 1325 2489 .
1341 2483 1365 2489 ..

288 2519 346 2551 per
361 2511 575 2542 voluntatem.
594 2511 609 2526 ᾗ
627 2510 658 2550 (ἓ
675 2509 803 2540 Adhuc.
821 2509 988 2551 Quicquid
1005 2520 1071 2541 non
1090 2511 1243 2551 implicat.
1260 2534 1284 2541 ..
1299 2520 1367 2541 non

288 2562 503 2602 implicarent.
529 2561 619 2592 Sicut
648 2567 735 2601 patet
767 2562 941 2602 praecipue
965 2563 1049 2592 circa
1068 2567 1163 2598 quanti
1182 2572 1366 2599 numerum,

289 2614 484 2655 quantitates
519 2619 551 2643 et
586 2613 751 2643 distantias
782 2613 945 2644 stellarum
965 2637 994 2644 ..
1009 2637 1016 2644 .
1035 2623 1101 2644 non
1137 2614 1365 2654 implicaretur.

289 2669 382 2703 Potes}
400 2668 486 2702 igitur
499 2668 676 2701 Deussacere
696 2664 798 2694 Multa
815 2665 910 2704 igitur
929 2665 991 2693 su'nt
1010 2666 1147 2695 subsunt
1163 2665 1288 2695 divinae
1307 2666 1367 2694 vir·

288 2716 349 2746 tuti
374 2725 458 2756 quae
481 2719 725 2744 contradictionem
746 2726 798 2743 non
819 2719 958 2751 implicant
976 2717 1007 2746 in
1027 2726 1133 2746 rerum
1150 2723 1281 2746 naturae
1299 2725 1365 2745 non

289 2768 509 2798 inveniuntur.
523 2766 734 2808 Quicumque
748 2774 893 2798 autem..
906 2791 913 2798 .
923 2778 980 2808 per
994 2768 1208 2805 voluntatem)
1218 2769 1260 2806 *ξ
1275 2767 1365 2797 Item.

290 2818 562 2860 Unumquodque
587 2829 683 2859 agens
702 2843 709 2849 .
725 2843 749 2849 ..
769 2829 825 2859 per
849 2820 1049 2850 intellectum
1074 2821 1147 2859 agit.
1182 2819 1365 2849 Intellectus

289 2877 397 2902 autem
422 2863 489 2901 non
515 2872 579 2911 agit
603 2871 744 2911 aliquem
769 2877 924 2901 exteriorem
945 2871 1095 2901 effectum
1120 2872 1181 2901 nisi
1205 2870 1366 2900 mediante

288 2923 467 2962 voluntate,
485 2923 578 2953 cuius
595 2923 774 2963 (obiectum
793 2922 852 2962 est)
871 2923 997 2953 bonum
1014 2923 1224 2958 intellectum,
1241 2927 1312 2958 quod
1326 2931 1365 2950 est

289 2968 380 3016 quod
404 2980 514 3004 movet
540 2980 688 3014 agentem
714 2973 837 3004 utfinis
857 2983 897 3003 est
915 2978 1055 3003 obiectum.
1077 2974 1165 3004 Deus
1189 2974 1285 3013 igitur
1309 2982 1366 3012 per

288 3027 491 3057 voluntatem
516 3026 588 3065 agit,
606 3035 674 3055 non
692 3035 749 3065 per
764 3017 988 3056 necessitatem
1005 3032 1147 3056 naturae.
1168 3026 1185 3063 ἓ
1203 3025 1364 3065 Amplius.

289 3077 478 3108 Secundum
503 3077 737 3117 philosophum
763 3079 795 3107 in
821 3088 850 3107 ix
874 3078 1016 3117 metaph.
1041 3077 1160 3117 duplex
1185 3082 1232 3106 est
1256 3077 1363 3106 actio:

290 3139 354 3160 una
380 3138 464 3169 quae
488 3135 597 3158 manet
622 3130 653 3158 in
679 3135 793 3168 agente
810 3135 841 3158 et
858 3135 905 3159 est
922 3128 1078 3169 perfectio
1103 3129 1204 3168 ipsius
1223 3132 1279 3155 alia
1298 3138 1366 3163 quae

290 3186 325 3210 ut
348 3179 473 3215 videre;
499 3180 559 3210 alia
584 3189 667 3220 quae
691 3180 803 3209 transit
826 3181 860 3209 in
884 3181 1041 3209 exteriora
1058 3178 1116 3220 (et)
1137 3184 1183 3209 est
1209 3177 1364 3218 perfectio

289 3231 374 3268 facti,
387 3232 470 3261 sicut
483 3232 676 3261 comburere
694 3232 726 3260 in
743 3231 825 3271 igne.
840 3231 956 3261 Divina
973 3236 1082 3260 autem
1095 3231 1179 3260 actio
1193 3241 1252 3258 cum
1267 3234 1304 3258 sit
1317 3241 1366 3258 sua

288 3288 441 3313 substantia
460 3290 490 3311 ut
508 3294 591 3319 supra
611 3290 744 3311 ostensum
760 3289 799 3311 est
819 3292 885 3312 non
903 3288 1010 3323 potest
1026 3292 1094 3312 esse
1111 3281 1150 3311 de
1167 3291 1283 3321 genere
1300 3281 1366 3311 illa-

290 3345 364 3366 rum
379 3335 547 3365 actionum
565 3343 648 3374 quae
673 3343 740 3364 non
765 3340 840 3364 sunt
855 3335 888 3364 in
909 3340 1034 3373 agente,
1052 3343 1127 3363 cum
1152 3343 1208 3363 sua
1225 3334 1309 3362 actio
1327 3334 1366 3363 sit

290 3396 349 3417 sua
371 3386 558 3422 substantia,
576 3392 611 3416 ut
632 3394 728 3425 supra
752 3391 920 3415 ostensum
937 3390 993 3414 est.
1017 3388 1032 3403 *
1046 3387 1210 3412 Huiusmodi
1225 3391 1313 3412 autem
1334 3394 1366 3411 ac

291 3438 431 3478 Oportet
454 3438 551 3478 igitur
567 3437 657 3477 quod
681 3437 720 3467 sit
744 3437 783 3467 de
807 3446 924 3476 genere
941 3437 1068 3466 illarum
1093 3436 1259 3465 actionum
1282 3445 1365 3474 quae

291 3494 367 3519 sunt
389 3489 424 3519 in
447 3495 563 3530 agente
587 3495 619 3519 et
643 3494 718 3519 sunt
737 3489 828 3529 quasi
853 3487 1008 3528 perfectio
1033 3488 1142 3528 ipsius.
1169 3486 1366 3517 Huiusmodi

291 3546 402 3571 autem
424 3550 493 3571 non
517 3547 593 3571 sunt
616 3541 677 3571 nisi
701 3541 844 3571 actiones
869 3539 1096 3580 cognoscentis
1121 3545 1151 3568 et
1175 3538 1365 3578 appetentis,

291 3592 381 3622 Deus
412 3592 509 3632 igitur
527 3603 580 3628 per
605 3592 835 3634 cognoscendo
865 3599 895 3622 et
926 3590 1067 3621 volendo
1099 3596 1260 3630 operatur.
1290 3589 1364 3618 Non

291 3647 388 3687 igitur
411 3656 469 3687 per
491 3646 717 3677 necessitatem
741 3650 883 3679 naturae,
901 3642 955 3672 sed
980 3651 1036 3682 per
1060 3641 1225 3671 arbitrium
1250 3640 1366 3670 volun-

291 3699 374 3729 tatis.
397 3697 561 3739 §Adhuo
586 3697 695 3728 Deum
719 3705 811 3736 agere
837 3700 968 3735 propter
993 3692 1091 3723 finem
1116 3702 1153 3722 ex
1178 3693 1241 3721 hoc
1265 3691 1368 3721 mani-

292 3749 411 3782 festum
436 3759 505 3780 esse
530 3755 637 3790 potest
661 3748 752 3789 quod
771 3751 823 3776 ord
843 3748 1030 3778 universum
1058 3753 1125 3774 non
1158 3749 1204 3773 est
1235 3753 1251 3772 a
1281 3752 1366 3778 casu,

292 3801 348 3832 sed
364 3801 405 3832 ad
421 3801 556 3842 aliquod
573 3801 698 3831 bonum
715 3799 882 3830 ordinatur
910 3804 944 3827 ut
957 3801 1045 3833 philos
1062 3803 1117 3835 per
1134 3795 1368 3834 philosophum
1386 3819 1391 3830 s

293 3859 381 3893 patet
403 3853 436 3883 in
461 3863 493 3883 xr
516 3852 658 3892 metaph.
684 3851 828 3882 Primum
854 3855 963 3880 autem
987 3857 1083 3887 agens
1113 3851 1245 3886 propter
1269 3844 1367 3874 finem

294 3916 346 3934 non
361 3911 454 3941 potest
476 3915 534 3934 esse
557 3911 667 3936 natura,
690 3908 752 3932 licet
776 3910 803 3932 et
829 3907 887 3939 ipsa
907 3909 1022 3938 propter
1039 3904 1130 3938 finem>
1148 3905 1215 3935 agat
1239 3902 1368 3936 oportet

294 3965 363 3986 esse
387 3950 486 3996 agens
502 3965 559 3996 per
575 3955 776 3986 intellectum
794 3961 826 3985 et
840 3954 1052 3985 voluntatem.
1074 3951 1120 3981 Ea
1137 3951 1222 3980 enim
1243 3972 1249 3978 .
1266 3973 1272 3978 .
1288 3972 1293 3977 .
1312 3957 1369 3988 per

294 4007 495 4037 intellectum
512 4012 544 4037 et
560 4007 772 4037 voluntatem.
789 4007 807 4043 §
819 4005 996 4035 Praeterea.
1013 4001 1112 4040 Quod
1131 4011 1186 4041 per
1203 4010 1235 4030 se
1252 4000 1368 4039 agit...

295 4061 386 4102 quasi
411 4061 553 4100 seipsum
578 4067 687 4097 agens.
719 4056 859 4096 Oportet
886 4056 982 4095 igitur
1012 4054 1153 4094 primum
1185 4060 1282 4090 agens
1306 4050 1370 4079 hoc

2425 181 2498 231 45'3‘

1422 251 1523 282 modo
1541 261 1633 292 agere
1651 253 1741 293 quod
1764 255 1814 285 sui
1834 259 1852 284 d
1873 262 1962 287 actus
1986 256 2138 288 dominus
2162 258 2210 288 sit.
2231 263 2291 288 Hoc
2310 263 2389 289 modo
2406 268 2495 289 autem

1424 314 1474 331 non
1494 307 1555 340 agit
1573 308 1626 333 nisi
1642 315 1680 342 ag
1699 305 1773 336 Non
1798 313 1845 337 est
1870 313 1979 342 autem
2003 308 2118 349 aliquis
2146 310 2193 339 sui
2226 309 2378 341 dominus
2406 317 2495 342 actus

1423 355 1482 384 nisi
1500 364 1557 395 per
1573 356 1785 387 voluntatem.
1804 357 1944 398 Oportet
1959 360 2056 399 igitur
2068 382 2076 390 .
2090 382 2097 390 .
2114 383 2120 390 .
2134 362 2368 392 necessitatem.
2392 364 2410 401 ἓ
2429 362 2495 393 Ad-

1424 406 1497 435 huc.
1516 406 1624 436 Primo
1642 408 1746 447 agenti
1762 432 1768 437 .
1785 432 1791 438 .
1806 434 1812 440 .
1827 410 1911 440 actio
1926 420 2008 450 quae
2025 417 2072 441 est
2087 421 2144 452 per
2157 412 2366 443 voluntatem.
2383 412 2401 453 ᾗ
2416 414 2496 444 Am-

1393 473 1401 492 3
1425 456 1518 495 plius.
1544 457 1590 487 Ex
1609 458 1670 488 hoc
1688 458 1773 489 idem
1793 467 1925 500 apparet
1942 461 2041 501 quod,
2059 463 2114 492 ubi
2134 467 2325 499 coniunguntur
2347 463 2496 505 (coniun-

1423 506 1519 547 gitur)
1547 515 1681 549 utraque
1703 511 1786 539 actio
1802 522 1870 546 quae
1888 519 1928 540 est
1946 523 1958 540 s
1978 513 2124 552 superior
2148 520 2194 543 est
2219 514 2316 544 virtus
2333 524 2416 555 quae
2432 516 2496 555 agit

1425 570 1480 600 per
1497 562 1696 592 voluntatem
1715 574 1750 593 ea
1768 574 1850 604 quae
1868 566 1930 604 agit
1944 575 2000 605 per
2016 573 2162 597 naturam
2178 567 2220 608 (et
2238 568 2336 598 utitur
2353 578 2388 598 ea
2405 570 2496 608 quasi

1424 613 1661 652 instrumento.)
1681 614 1762 644 Nam
1776 616 1807 644 in
1826 617 1957 646 homine
2034 627 2090 657 per
2103 625 2229 646 naturam
2243 625 2373 649 naturae
2386 629 2496 650 neces-

1423 664 1558 694 sitatem.
1581 669 1652 693 Deus
1674 666 1787 695 Divina
1812 673 1919 697 autem
1934 669 2032 698 virtus
2050 692 2057 698 .
2073 692 2079 698 .
2097 692 2102 698 .
2121 669 2354 699 necessitatem.
2371 669 2388 710 ξ
2405 669 2495 700 Item.

1424 716 1581 746 Voluntas
1596 721 1680 745 dlx-ina
1702 718 1794 747 habet
1819 728 1878 757 pro
1904 720 2032 749 obiecto
2058 721 2179 750 bonum
2207 721 2384 751 secundum
2401 723 2496 753 ratio—

1423 777 1497 797 nem
1518 769 1606 798 boni.
1629 769 1748 799 Natura
1765 774 1873 799 autem
1898 780 1963 799 non
1981 772 2105 810 attingit
2129 771 2166 801 ad
2193 781 2401 802 communem
2418 774 2497 804 boni

1423 819 1591 858 rationem,
1610 820 1665 850 sed
1682 820 1720 850 ad
1737 821 1800 850 hoc
1818 821 1942 851 bonum
1965 821 2053 861 quod
2079 828 2125 852 est
2148 827 2199 851 sibi
2213 835 2233 858 p
2254 832 2310 853 sua
2329 823 2494 863 perfectio.

1424 869 1508 899 Cum
1534 871 1629 910 igitur
1654 881 1752 901 omne
1776 882 1874 912 agens
1892 872 1975 914 (agat
1993 873 2171 903 secundum
2196 872 2298 914 quod)
2316 873 2354 904 ad
2371 874 2495 904 bonum

1423 925 1537 949 intendat
1564 919 1731 961 (intendit)
1814 933 1910 963 agens
1928 923 2126 963 particulare.
2145 924 2252 963 Agens
2277 930 2384 955 autem
2400 925 2496 965 parti-

1384 989 1405 1007 15
1423 973 1529 1003 culare
1547 998 1552 1003 .
1571 996 1576 1002 .
1593 997 1598 1003 .
1618 983 1683 1003 non
1710 984 1765 1013 per
1789 976 2011 1006 necessitatem
2036 982 2166 1005 naturae
2191 985 2296 1015 agens.
2323 977 2338 991 ἢ*
2362 977 2380 1014 §
2402 976 2495 1006 Hanc

1423 1024 1518 1053 etiam
1537 1025 1700 1054 veritatem
1719 1024 1824 1055 divina
1841 1026 1997 1065 scriptura
2013 1035 2072 1056 nos
2090 1025 2194 1056 docet.
2212 1026 2336 1056 Dicitur
2360 1027 2446 1056 enim
2463 1027 2494 1056 in

1385 731 1409 744 to

2524 986 2571 1008 33v
2587 986 2629 1001 112.

1423 1084 1481 1114 ps„
1507 1079 1573 1103 Dixit
1593 1085 1618 1103 et
1643 1079 1707 1104 tacta
1731 1086 1798 1110 sunt,
1824 1076 1942 1106 Omnia
1964 1086 2190 1117 quaecumque
2219 1078 2321 1107 voluit
2345 1077 2496 1108 dominus
2524 1104 2526 1107 .

1422 1125 1508 1156 fecit.
1527 1126 1566 1156 Et
1583 1127 1655 1166 eph.
1675 1128 1834 1167 primo...
1849 1137 1885 1157 ea
1903 1137 1970 1157 esse
1988 1128 2098 1159 voluit.
2116 1128 2134 1166 §
2150 1128 2209 1158 Per
2226 1128 2303 1158 haec
2321 1135 2428 1158 autem
2443 1153 2449 1158 .
2466 1153 2471 1158 .
2488 1152 2494 1158 .

1422 1186 1479 1216 per
1503 1182 1634 1208 naturae
1659 1179 1891 1208 necessitatem.

1384 1242 1408 1255 2n

1423 1286 1504 1326 Cap.
1531 1287 1644 1317 XXIV.
1670 1288 1766 1325 Quoi)
1792 1288 1878 1318 DEus
1903 1299 1976 1318 Afflr
2005 1299 2167 1319 SECUNDUM
2196 1299 2275 1319 sumt
2301 1299 2494 1319 saprum-mm.

1468 1381 1567 1418 Quod
1595 1382 1962 1422 Deus...sapientiam.
1987 1402 2008 1404 —*
2033 1383 2113 1422 §Ex
2139 1384 2201 1413 hoc
2227 1389 2335 1413 autem
2365 1388 2495 1423 apparet

1423 1433 1512 1472 quod
1539 1434 1626 1463 Deus
1644 1434 1775 1464 effectus
1793 1444 1869 1464 suos
1894 1434 2045 1474 producit
2062 1435 2243 1465 secundum
2262 1439 2383 1464 ordinem
2405 1445 2496 1465 suam

1383 1499 1406 1518 ις
1423 1484 1623 1523 sapientiam.
1647 1489 1758 1523 Semper
1779 1489 1847 1513 enim
1869 1490 1934 1514 actio
1954 1489 2059 1514 secundi
2086 1490 2186 1522 agentis
2211 1490 2326 1522 procedit
2351 1490 2495 1514 secundum

1423 1540 1540 1571 regulam
1561 1541 1660 1572 agentis
1680 1541 1756 1573 primi
1784 1541 1831 1565 nisi
1853 1542 1885 1565 sit
1905 1541 2020 1566 defectus
2045 1541 2070 1566 in
2090 1541 2178 1566 medio
2201 1547 2302 1573 agente,
2326 1541 2392 1566 sicut
2414 1548 2497 1574 quan-

1423 1591 1510 1623 doque
1529 1597 1635 1624 propter
1650 1592 1778 1616 defectum
1799 1599 1886 1624 organ
1908 1593 2073 1617 instrumenti
2093 1591 2195 1617 artificis
2214 1593 2331 1625 operatio
2350 1592 2497 1625 impeditur.

1424 1642 1571 1667 Intellectus
1598 1648 1685 1667 autem
1709 1650 1874 1675 comparatur
1901 1645 1932 1668 ad
1957 1644 2119 1669 voluntatem
2145 1645 2210 1668 sicut
2234 1645 2347 1677 primum
2367 1651 2447 1677 agens
2466 1645 2498 1669 ad

1424 1693 1579 1722 secundum,
1598 1694 1718 1718 voluntas
1738 1694 1807 1718 enim
1828 1695 1878 1725 agit
1898 1694 1964 1719 sicut
1986 1699 2056 1718 mota
2077 1702 2090 1718 a
2110 1693 2179 1718 bono
2203 1701 2249 1726 per
2273 1695 2430 1718 intellectum
2454 1701 2498 1726 ap-

1387 1755 1410 1773 io
1424 1745 1563 1777 prehenso.
1584 1745 1696 1777 Semper
1709 1746 1820 1777 Oportet
1839 1746 1916 1777 igitur
1935 1746 2005 1778 quod
2025 1745 2141 1777 operatio
2154 1745 2293 1770 voluntatis
2307 1746 2340 1770 sit
2354 1745 2498 1769 secundum

1425 1796 1585 1820 intellectum
1606 1796 1654 1820 nisi
1670 1796 1704 1820 sit
1722 1796 1838 1820 defectus
1858 1797 1882 1820 in
1905 1797 2047 1825 voluntate.
2067 1796 2133 1820 sicut
2152 1795 2233 1820 homo
2252 1796 2390 1828 aliquando
2410 1800 2500 1820 contra

1425 1847 1559 1872 scientiam
1580 1848 1632 1879 agit
1651 1853 1758 1879 propter
1772 1847 1989 1872 inordinationem
2009 1847 2157 1876 voluntatis,
2178 1854 2244 1879 quae
2264 1846 2383 1879 sequitur
2401 1847 2499 1871 bonum

1424 1898 1619 1931 apprehensum
1630 1906 1682 1930 per
1696 1906 1800 1923 sensum
1818 1904 1844 1924 ut
1867 1899 2018 1923 delectabile
2038 1906 2132 1923 sensus
2149 1904 2237 1923 contra
2250 1898 2368 1923 ordinem
2383 1898 2499 1924 rationis.

1423 1950 1495 1974 Talis
1511 1955 1597 1975 autem
1620 1949 1735 1974 defectus
1756 1950 1780 1974 in
1800 1950 1885 1974 divina
1901 1950 2033 1974 voluntate
2053 1957 2112 1974 esse
2132 1958 2184 1974 non
2203 1954 2298 1982 potest,
2318 1957 2378 1974 cum
2397 1950 2423 1974 in
2442 1949 2498 1974 Deo

1386 2008 1407 2028 35
1424 2007 1476 2024 non
1503 2001 1586 2032 possit
1611 2007 1671 2024 esse
1697 2000 1790 2032 aliquis
1817 2000 1943 2029 desectuS,
1967 2007 2014 2024 nec
2039 2000 2122 2032 possit
2145 2000 2212 2024 velle
2238 2000 2344 2029 malum,
2367 2004 2395 2024 ut
2419 2006 2498 2032 supra

1423 2057 1559 2076 ostensum
1577 2057 1625 2076 est.
1648 2051 1813 2084 Relinquitur
1831 2051 1909 2083 igitur
1927 2052 1999 2084 quod
2018 2052 2142 2085 quicquid
2168 2052 2238 2076 Deus
2262 2051 2328 2081 facit,
2354 2053 2496 2077 secundum

1423 2105 1541 2129 ordinem
1562 2104 1703 2135 sapientiae
1721 2111 1784 2128 suae
1798 2103 1866 2128 facit.
1882 2099 1898 2117 *
1916 2099 2088 2139 (Voluntas
2104 2100 2191 2130 enim
2209 2123 2215 2129 .
2232 2123 2237 2130 .
2254 2123 2260 2129 .
2279 2106 2314 2130 ut
2330 2106 2497 2131 ostensum

1424 2158 1480 2181 est.
1507 2151 1593 2181 Cum
1620 2151 1714 2189 igitur
1741 2151 1773 2180 in
1799 2150 1869 2180 Deo
1894 2160 1960 2180 non
1986 2151 2024 2180 sit
2048 2151 2108 2180 nisi
2137 2150 2359 2181 intellectualis
2383 2160 2496 2192 appre-

1424 2202 1547 2237 hensio,
1573 2201 1718 2240 nihilque
1743 2200 1898 2240 intelligat
1914 2201 1975 2230 nisi
1998 2200 2209 2240 intelligendo
2234 2210 2267 2231 se
2287 2205 2313 2230 in
2333 2205 2390 2230 eius
2407 2209 2496 2230 autem

1423 2263 1522 2294 quem
1543 2253 1720 2293 intelligere
1734 2258 1780 2282 est
1796 2253 1973 2292 sapientem
1989 2262 2067 2288 esse,
2082 2253 2272 2292 relinquitur
2285 2252 2374 2292 quod
2387 2254 2497 2283 omnia

1424 2307 1512 2336 Deus
1529 2304 1710 2335 secundum
1726 2314 1818 2334 suam
1834 2305 2021 2344 sapientiam
2040 2303 2216 2343 operatur.)
2231 2305 2246 2320 ἦ
2259 2305 2277 2342 ἓ
2289 2304 2379 2334 Item.
2390 2304 2498 2335 Omne

1423 2366 1520 2397 agens
1545 2356 1609 2395 agit
1633 2355 1691 2385 sibi
1716 2355 1829 2385 simile.
1858 2355 1950 2385 Unde
1968 2361 2096 2395 oportet
2117 2355 2206 2394 quod
2230 2355 2409 2386 secundum
2433 2356 2497 2386 hoc

1423 2414 1493 2448 agat
1519 2406 1782 2447 unumquodque
1808 2417 1904 2446 agens
1929 2405 2134 2447 (secundum)
2153 2406 2242 2446 quod
2266 2406 2363 2437 habet
2386 2407 2497 2436 simili·

1424 2459 1571 2490 tudinem
1591 2470 1666 2488 suam
1688 2459 1735 2488 sui
1761 2457 1903 2493 effectus,
1929 2458 2011 2488 sicut
2038 2457 2120 2497 ignis
2145 2456 2291 2487 calefacit
2318 2457 2497 2488 secundum

1423 2511 1559 2541 modum
1585 2511 1633 2541 sui
1665 2510 1788 2540 caloris.
1819 2509 1882 2539 Sed
1913 2510 1945 2538 in
1979 2509 2124 2548 quolibet
2155 2514 2268 2548 agente
2300 2517 2356 2548 per
2383 2508 2498 2539 volun-

1424 2568 1520 2592 tatem
1554 2562 1759 2603 (inquantum
1786 2559 1988 2598 huiusmodi)
2014 2565 2060 2588 est
2091 2558 2268 2589 similitudo
2292 2559 2341 2588 sui
2366 2558 2497 2589 effectus

1423 2613 1603 2644 secundum
1630 2612 1810 2643 intellectus
1836 2610 2138 2651 apprehensionem.
2163 2610 2195 2641 Si
2221 2610 2306 2640 enim
2326 2633 2332 2639 .
2349 2633 2354 2639 .
2371 2633 2378 2640 .
2395 2619 2444 2640 res
2463 2611 2496 2640 in

1423 2675 1491 2695 esse
1504 2664 1666 2704 producit.
1682 2665 1700 2702 §
1713 2663 1872 2702 Amplius.
1887 2662 2075 2692 Secundum
2091 2661 2326 2702 philosophum
2342 2661 2375 2690 in
2391 2661 2496 2700 primo

1422 2717 1576 2756 metaph„
1601 2715 1749 2745 ordinare
1774 2714 1925 2754 sapientis
1942 2719 1999 2743 est.
2024 2713 2192 2743 Ordinatio
2210 2713 2296 2742 enim
2313 2712 2496 2751 aliquorum

1384 2781 1408 2800 50
1422 2767 1489 2797 fieri
1518 2777 1584 2797 non
1611 2772 1718 2806 potest
1741 2767 1802 2795 nisi
1826 2775 1883 2805 per
1908 2765 2129 2804 cognitionem
2153 2763 2348 2794 habitudinis
2372 2769 2403 2793 et
2422 2773 2496 2803 pro-

1421 2819 1580 2858 portionis
1611 2815 1860 2856 (ordinatorum)
1897 2809 2101 2845 adinvicem
2127 2820 2158 2844 et
2186 2814 2224 2844 ad
2254 2813 2375 2853 aliquid
2404 2814 2496 2843 altius

1423 2871 1501 2905 eius,
1527 2869 1615 2909 quod
1641 2875 1687 2898 est
1711 2867 1783 2898 finis
1808 2877 1933 2897 eorum.
1962 2866 2052 2896 Ordo
2078 2867 2230 2896 enim
2250 2865 2408 2895 dicuntur.
2434 2865 2496 2895 Res

1422 2927 1530 2952 autem
1563 2930 1646 2960 quae
1671 2926 1745 2949 sunt
1769 2929 1785 2948 a
1810 2919 1881 2948 Deo
1913 2918 2089 2958 productae
2120 2917 2266 2947 ordinem
2295 2916 2334 2946 ad
2358 2917 2496 2947 invicem

1421 2974 1540 3003 habent
1564 2982 1632 3002 non
1657 2982 1674 3000 a
1697 2981 1760 2999 casu
1778 2970 1948 3004 casualem,
1978 2978 2053 2999 cum
2081 2970 2119 2999 sit
2144 2977 2270 3007 semper
2294 2967 2343 2997 vel
2368 2967 2400 2997 in
2425 2967 2496 3007 plu-

1422 3026 1519 3060 ribus,
1547 3030 1578 3054 et
1602 3025 1646 3054 sic
1663 3028 1750 3063 patet
1775 3026 1846 3059 quod
1867 3033 1881 3050 a
1900 3032 1947 3049 sua
1973 3031 2051 3048 causa
2070 3031 2136 3056 quae
2155 3028 2260 3048 naturas
2280 3030 2369 3047 earum
2388 3022 2498 3047 instituit

1423 3076 1527 3117 (quod
1545 3076 1633 3106 Deus
1651 3079 1724 3103 Deus
1744 3083 1792 3103 res
1809 3073 1840 3102 in
1863 3082 1930 3102 esse
1948 3071 2099 3112 produxit
2116 3080 2168 3101 eas
2185 3069 2391 3110 ordinando.)
2407 3069 2496 3100 Deus

1422 3128 1517 3168 igitur
1542 3136 1598 3166 per
1614 3135 1705 3156 suam
1723 3125 1910 3164 sapientiam
1937 3133 1985 3153 res
2012 3123 2044 3152 in
2070 3116 2137 3152 esse
2155 3121 2316 3161 produxit.
2335 3121 2495 3159 §Adhuc.

1422 3179 1468 3209 Ea
1493 3188 1576 3218 quae
1602 3183 1675 3207 sunt
1696 3187 1712 3206 a
1729 3176 1895 3205 voluntate
1911 3202 1914 3204 .
1931 3198 1937 3203 .
1954 3199 1960 3204 .
1976 3183 2058 3213 quae
2084 3173 2238 3203 factibiles
2262 3172 2423 3202 dicuntur.
2442 3171 2496 3212 (Et

1422 3233 1466 3261 sic
1501 3236 1586 3270 patet
1612 3228 1717 3269 quod)
1741 3237 1790 3257 res
1821 3233 1910 3255 autem
1935 3230 2011 3262 igitur
2032 3226 2048 3241 ὓ
2065 3231 2188 3263 creatae
2209 3235 2260 3253 non
2281 3229 2355 3254 sunt
2379 3233 2396 3253 a
2425 3223 2495 3253 Deo

1422 3284 1504 3312 sicut
1521 3281 1632 3310 factae.
1648 3279 1851 3318 Factibilium
1866 3284 1973 3307 autem
1987 3301 1992 3306 .
2007 3303 2012 3308 .
2030 3300 2035 3306 .
2054 3276 2092 3306 ad
2117 3275 2282 3306 artificem.
2307 3273 2370 3305 Sed
2386 3273 2496 3304 artifex

1423 3344 1479 3374 per
1502 3344 1579 3361 suum
1607 3335 1767 3359 intellectum
1794 3340 1835 3358 res
1859 3329 2007 3358 ordinem
2032 3337 2108 3357 suae
2126 3326 2300 3366 sapientiae
2318 3331 2349 3356 et
2372 3325 2496 3356 intelle-

1423 3392 1492 3415 ctus
1512 3395 1554 3413 res
1574 3382 1739 3413 artificiata
1766 3381 1796 3411 in
1823 3390 1891 3411 esse
1917 3379 2076 3420 producit.
2100 3378 2186 3418 Ergo
2212 3383 2243 3408 et
2269 3377 2358 3407 Deus
2382 3386 2496 3407 omnes

1423 3442 1581 3466 creaturas
1607 3444 1663 3474 per
1687 3433 1834 3463 ordinem
1860 3432 1908 3461 sui
1940 3430 2120 3460 intellectus
2145 3429 2230 3459 fecit.
2255 3429 2273 3466 §
2289 3428 2362 3457 Hoc
2387 3433 2496 3457 autem

1422 3487 1529 3516 divina
1554 3486 1743 3515 auctoritate
1761 3482 1979 3513 confirmatur.
2005 3481 2087 3511 Nam
2105 3480 2221 3510 dicitur
2244 3480 2275 3508 in
2300 3488 2359 3518 ps„
2377 3478 2497 3508 Omnia

1382 3549 1405 3572 ες
1422 3538 1453 3566 in
1468 3537 1622 3576 sapientia
1640 3534 1760 3569 fecisti3
1778 3539 1809 3563 et
1826 3542 1916 3573 prov.
1931 3542 1974 3567 111,
1995 3535 2066 3560 Deus
2079 3531 2240 3561 Dominus
2253 3529 2407 3569 sapientia
2423 3527 2496 3558 fun-

1423 3589 1507 3618 davit
1525 3594 1650 3617 terram.
1677 3586 1694 3626 ξ
1711 3585 1769 3614 Per
1793 3585 1872 3614 haec
1897 3589 2005 3613 autem
2019 3605 2026 3612 .
2042 3606 2048 3612 .
2064 3607 2070 3612 .
2086 3583 2206 3621 absque
2231 3580 2338 3620 aliqua
2361 3579 2495 3609 ratione.

1387 2266 1409 2284 μ)

1386 2523 1406 2543 43

1383 3038 1404 3058 55

1381 3291 1408 3309 60

1573 3699 1653 3737 Cap.
1681 3697 1778 3726 XXV.
1804 3695 1970 3733 Qunm‘ran
1994 3702 2189 3724 onnmoraxs
2213 3700 2348 3721 mentun

1780 3756 1930 3776 armenam
1955 3755 2019 3775 non
2042 3753 2145 3774 posse.

1384 3811 1409 3823 '⁷0

1470 3842 1616 3880 Qualiter
1630 3865 1635 3870 .
1651 3863 1658 3869 .
1675 3864 1681 3870 .
1696 3850 1762 3869 non
1781 3848 1885 3879 posse.
1901 3850 1920 3859 ·—
1942 3828 1960 3876 ξ
1976 3838 2022 3868 Ex
2039 3836 2220 3878 praemissis
2237 3841 2342 3865 autem
2358 3858 2364 3865 .
2381 3856 2388 3862 .
2403 3855 2410 3863 .
2428 3841 2494 3881 non

1425 3901 1530 3932 posse.
1557 3891 1732 3921 Ostensum
1758 3890 1843 3919 enim
1869 3895 1916 3918 est
1946 3897 2042 3928 supra
2064 3888 2097 3917 in
2130 3887 2201 3917 Deo
2226 3894 2293 3915 esse
2317 3883 2495 3924 potentiam

1426 3944 1572 3974 activam.
1591 3941 1772 3972 Potentiam
1789 3949 1865 3971 vero
1883 3940 2040 3980 passivam
2057 3939 2090 3968 in
2103 3947 2142 3968 eo
2159 3946 2227 3967 non
2244 3945 2311 3966 esse
2324 3935 2387 3964 iam
2400 3941 2495 3973 supra

1425 4002 1559 4024 ostensum
1587 4000 1627 4022 est
1654 3993 1687 4022 in
1712 3992 1818 4032 primo
1842 3990 1946 4021 fuerat
1978 3988 2190 4030 probatum.*
2226 3984 2412 4016 Secundum
2440 3993 2496 4013 au-

1385 4061 1408 4081 75
1426 4053 1491 4077 tem
1511 4055 1652 4081 utrumque
1673 4050 1843 4083 utramque
1860 4042 2038 4083 potentiam
2056 4039 2191 4070 dicimur
2207 4046 2313 4077 posse.
2331 4035 2385 4066 Illa
2401 4035 2496 4075 igitur

2524 1394 2570 1416 333¹
2585 1394 2596 1408 a
2610 1394 2672 1415 ΙΟ-Ρ.
2688 1394 2716 1416 31¹

2526 2107 2578 2128 ·1b.
2595 2114 2641 2134 mg·
2658 2108 2695 2129 lat.

2525 2313 2533 2320 ·
2550 2311 2582 2332 lb.
2599 2318 2611 2332 a
2627 2318 2659 2333 22.

2525 3235 2548 3257 33
2565 3235 2577 3249 v
2593 3229 2606 3249 b
2624 3236 2641 3250 i.

2523 3841 2547 3863 33
2559 3841 2570 3854 v
2588 3835 2600 3855 b
2614 3839 2674 3860 ii-p.
2685 3839 2716 3861 ,ατς

2523 3990 2531 3997 “
2549 3987 2601 4009 vid.
2616 3988 2643 4008 ad
2661 3988 2704 4008 loc.
