2768 4134
0 2198 4 2231 v--
0 2144 2 2171 ‹—
0 1995 7 2124 manv—v
0 1944 5 1965 ν,-

28 355 36 365 ·
46 352 81 375 ef.
92 352 125 375 ΙΙΙ
140 352 170 374 de
183 352 241 374 Ani-

27 385 73 407 ma,
86 387 106 406 v,
123 386 146 405 ις
162 385 204 406 vn,
220 385 241 407 3.

26 889 37 900 ⁸
45 886 83 911 tn
100 888 130 911 de
141 888 242 914 Anima,

25 914 243 945 ‘numana-12.

26 945 110 996 ''lpgdq
117 952 138 974 v,
144 951 157 968 2
163 953 170 972 ς
176 945 242 968 sfrh.

649 271 837 308 SUMMA
867 271 1090 309 CONTRA
1118 271 1394 317 GENTILES,
1424 272 1519 308 LIB.
1541 272 1582 318 ll,
1613 271 1724 308 CAP.
1745 272 1901 317 LXXX,
1921 272 2094 309 LXXXI.

270 349 321 388 ita
349 362 390 387 se
418 350 563 387 habent
591 350 641 386 ad
670 349 796 398 ipsam
824 358 865 386 ut
893 351 1042 387 colores
1075 351 1125 388 ad
1160 349 1342 387 visum*:

269 403 386 449 unde,
406 403 504 441 sicut
522 402 629 440 visus
643 414 725 440 non
743 410 869 452 potest
883 403 1014 441 videre
1035 403 1116 441 sine
1135 403 1343 450 coloribus,

269 455 320 493 ita
348 456 479 494 anima
506 455 736 494 intellectiva
764 468 846 493 non
873 464 999 506 potest
1027 456 1233 506 intelligere
1262 457 1344 494 sine

270 509 617 560 phantasmatibus.
647 509 794 558 Indiget
821 510 939 547 etiam
967 509 1099 547 anima
1126 510 1175 547 ad
1210 509 1344 547 intelli-

269 563 444 612 gendum
477 563 684 601 virtutibus
719 563 1039 613 praeparantibus
1074 564 1345 613 phantasmata

270 617 320 654 ad
348 618 426 654 hoc
452 617 562 667 quod
590 616 685 654 fiant
708 616 953 665 intelligibilia
982 625 1081 663 actu,
1102 616 1242 654 scilicet
1271 616 1344 654 vir—

270 678 350 708 tute
378 670 582 719 cogitativa
609 678 646 707 et
673 670 945 708 memorativa:
966 671 1015 708 de
1034 670 1178 720 quibus
1196 678 1345 708 constat

270 724 390 773 quod,
405 736 499 761 cum
514 723 588 760 sint
607 731 714 761 actus
733 723 985 773 quorundam
1004 735 1242 772 organorum
1260 735 1344 761 cor-

270 777 376 827 poris
403 789 475 827 per
492 789 594 827 quae
623 785 845 827 operantur,
866 777 975 827 quod
996 789 1077 814 non
1105 785 1268 827 possunt
1287 789 1345 814 re-

271 842 430 869 manere
445 839 532 880 post
546 843 701 880 corpuS.
717 831 831 869 Unde
847 838 883 868 et
897 830 1119 868 Aristoteles
1133 830 1223 868 dicit
1237 831 1345 880 quod

272 886 509 934 nequaquam
527 886 607 921 sine
630 886 893 934 phantasmate
910 885 1080 934 intelligit
1102 886 1232 921 anima
1250 883 1288 930 *3
1309 891 1346 921 et

271 938 380 987 quod
401 939 492 975 nihil
510 938 680 988 intelligit
697 939 779 975 sine
797 938 978 975 intellectu
1001 939 1153 987 passivo
1167 937 1198 982 ²²,
1224 948 1345 986 quem

270 999 386 1029 vocat
413 991 596 1029 virtutem
615 990 873 1039 cogitativam,
894 990 962 1040 qui
990 999 1046 1028 est
1073 989 1343 1040 corruptibilis.

236 1041 242 1061 ³
272 1045 321 1082 Et
348 1053 507 1095 propter
533 1045 611 1082 hoc
638 1043 739 1090 dicit,
768 1044 808 1082 in
836 1045 850 1081 1
878 1044 924 1081 de
946 1045 1088 1081 Anima
1102 1043 1133 1090 ²⁸,
1162 1043 1270 1093 quod
1291 1045 1346 1080 in-

270 1099 438 1149 telligere
456 1099 617 1136 hominis
634 1099 890 1148 corrumpitur
907 1097 1069 1147 quodam
1089 1099 1242 1134 interius
1263 1109 1345 1135 cor-

271 1159 393 1203 rupto,
423 1151 564 1189 scilicet
585 1152 855 1201 phantasmate
874 1152 937 1188 vel
955 1150 1111 1200 passivo
1139 1149 1344 1188 intellectu.

183 1222 190 1229 ·
237 1223 242 1229 ·
271 1206 321 1244 Et
347 1205 388 1243 in
416 1206 463 1244 ΙΙΙ
491 1206 537 1243 de
563 1206 704 1242 Anima
718 1204 750 1250 *,
778 1203 918 1243 dicitur
951 1205 1059 1254 quod
1089 1216 1163 1241 non
1194 1205 1345 1241 remini-

269 1261 421 1305 scimur,
457 1266 545 1309 post
579 1266 760 1304 mortem,
788 1269 927 1295 eorum
962 1269 1064 1307 quae
1093 1256 1278 1294 scivimus
1306 1257 1346 1294 in

270 1312 481 1359 γῇς-Εἰς
492 1311 613 1360 igitur
629 1319 734 1361 patet
753 1311 862 1361 quod
877 1312 983 1348 nulla
997 1310 1171 1361 operatio
1190 1310 1345 1348 animae

269 1374 396 1416 potest
415 1377 618 1403 remanere
636 1372 724 1414 post
752 1372 932 1402 mortem.
953 1365 1095 1414 Neque
1123 1363 1237 1412 igitur
1254 1364 1345 1401 sub—

270 1419 409 1457 stantia
435 1419 519 1456 eius
547 1426 696 1456 manet:
727 1430 820 1455 cum
848 1419 954 1455 nulla
986 1417 1198 1455 substantia
1225 1417 1346 1467 possit

270 1484 354 1511 esse
381 1473 531 1522 absque
559 1471 797 1521 operatione.

323 1526 344 1549 *³
358 1526 440 1564 Has
467 1533 601 1563 autem
623 1524 802 1570 rationes,
822 1523 914 1573 quia
932 1524 1073 1560 falsum
1096 1523 1346 1569 concludunt,

270 1587 314 1618 ut
326 1591 375 1617 ex
388 1577 611 1629 praemissis
621 1577 642 1600 *
657 1585 713 1615 est
727 1585 941 1623 ostensum,
955 1577 1187 1614 tentandum
1201 1584 1258 1613 est
1272 1577 1346 1614 sol-

270 1644 374 1669 vere.
403 1633 462 1670 Ac
487 1630 616 1681 primo
636 1630 841 1668 sciendum
865 1637 921 1666 est
944 1629 1052 1679 quod
1072 1640 1347 1679 quaecumque

270 1693 424 1736 oportet
451 1697 535 1722 esse
562 1683 734 1721 invicem
762 1690 941 1733 coaptata
968 1690 1006 1720 et
1039 1681 1346 1732 proportionata,

270 1738 388 1778 simul
401 1737 593 1788 recipiunt
606 1736 897 1774 multitudinem
911 1737 974 1773 vel
989 1735 1188 1782 unitatem,
1204 1747 1348 1774 unum-

271 1792 460 1842 quodque
488 1803 535 1829 ex
564 1803 636 1828 sua
663 1802 792 1828 causa.
814 1789 855 1828 Si
883 1789 998 1838 igitur
1023 1801 1107 1827 esse
1136 1789 1254 1828 unius
1281 1790 1348 1827 de-

269 1845 440 1896 pendeat
467 1845 517 1883 ab
548 1845 680 1891 altero,
710 1843 838 1882 unitas
869 1845 933 1881 vel
967 1842 1235 1893 multiplicatio
1264 1842 1348 1881 eius

271 1898 388 1938 etiam
417 1911 464 1936 ex
498 1897 563 1936 illo
592 1897 805 1947 dependet:
836 1896 1022 1946 alioquin,
1046 1908 1094 1933 ex
1122 1896 1195 1934 alia
1230 1908 1348 1934 causa

271 1951 496 1991 extrinseca.
526 1951 715 1988 Formam
742 1949 857 1999 igitur
891 1958 928 1988 et
960 1949 1164 1987 materiam
1192 1961 1350 1999 semper

272 2013 426 2056 oportet
453 2017 536 2042 esse
565 2004 615 2042 ad
643 2003 814 2041 invicem
842 2002 1137 2053 proportionata
1171 2011 1208 2040 et
1236 2003 1348 2052 quasi

272 2058 495 2098 naturaliter
522 2065 717 2107 coaptata:
748 2056 840 2106 quia
863 2056 1046 2106 proprius
1064 2064 1172 2094 actus
1200 2056 1240 2093 in
1259 2068 1349 2106 pro-

272 2112 356 2163 pria
384 2111 546 2149 materia
564 2111 618 2148 fit.
648 2111 761 2149 Unde
780 2122 937 2160 semper
955 2117 1109 2159 oportet
1133 2110 1241 2159 quod
1266 2122 1348 2147 ma-

272 2165 367 2204 teria
393 2172 430 2203 et
456 2165 583 2203 forma
601 2171 894 2214 consequantur
913 2176 953 2201 se
982 2163 1151 2201 invicem
1179 2163 1220 2200 in
1248 2165 1348 2200 mul-

272 2219 435 2258 titudine
454 2226 492 2256 et
510 2217 669 2256 unitate.
691 2217 732 2255 Si
751 2217 865 2267 igitur
883 2229 967 2254 esse
985 2217 1135 2254 formae
1154 2217 1348 2266 dependet

272 2286 296 2312 a
314 2271 486 2318 materia,
501 2270 769 2320 multiplicatio
789 2269 910 2320 ipsius
924 2283 947 2308 a
966 2270 1128 2308 materia
1142 2270 1347 2320 dependet,

273 2335 311 2364 et
328 2325 502 2364 similiter
521 2325 658 2362 unitas.
681 2324 722 2362 Si
748 2332 879 2361 autem
899 2336 992 2370 non,
1012 2323 1082 2362 erit
1100 2323 1263 2373 quidem
1281 2336 1348 2361 ne-

273 2379 486 2419 cessarium
514 2377 759 2427 multiplicari
787 2377 955 2415 formam
975 2378 1194 2415 secundum
1218 2377 1348 2414 multi-

273 2433 523 2483 plicationem
536 2431 732 2477 materiae,
751 2430 850 2468 idest
869 2430 985 2468 simul
1003 2442 1096 2468 cum
1120 2430 1291 2477 materia,
1311 2439 1349 2468 et

272 2485 569 2537 proportionem
590 2484 728 2534 ipsius:
750 2496 832 2521 non
851 2491 984 2522 autem
1003 2484 1055 2522 ita
1073 2484 1182 2534 quod
1202 2484 1347 2533 depen-

273 2540 362 2579 deat
390 2538 517 2578 unitas
544 2540 606 2575 vel
635 2537 844 2575 multitudo
882 2537 1003 2587 ipsius
1038 2537 1187 2575 formae
1214 2550 1238 2574 a
1264 2550 1347 2575 ma-

272 2593 379 2632 teria.
401 2593 615 2631 Ostensum
635 2599 691 2628 est
709 2599 840 2628 autem
855 2590 875 2612 ’⁸
894 2591 1003 2640 quod
1021 2590 1154 2628 anima
1172 2591 1348 2628 humana

273 2654 330 2684 est
348 2647 475 2684 forma
493 2645 714 2682 secundum
729 2657 847 2682 suum
862 2656 946 2682 esse
966 2656 988 2681 a
1009 2644 1170 2682 materia
1184 2656 1266 2681 non
1280 2644 1346 2681 de-

272 2700 460 2750 pendens.
482 2699 596 2736 Unde
615 2698 790 2748 sequitur
812 2698 921 2747 quod
940 2697 1244 2747 multiplicantur
1262 2697 1345 2746 qui-

273 2754 365 2792 dem
393 2752 548 2790 animae
576 2751 796 2789 secundum
815 2752 923 2800 quod
944 2751 1246 2800 multiplicantur
1263 2762 1346 2787 cor-

272 2818 381 2856 pora,
396 2818 478 2843 non
492 2813 624 2843 tamen
639 2804 905 2854 multiplicatio
920 2816 1134 2854 corporum
1144 2804 1215 2841 erit
1229 2816 1347 2841 causa

272 2858 602 2909 multiplicationis
629 2857 864 2895 animarum.
894 2859 943 2895 Et
970 2857 1060 2895 ideo
1084 2870 1166 2895 non
1195 2864 1347 2906 oportet

273 2913 394 2963 quod,
422 2911 624 2950 destructis
643 2910 885 2960 corporibus,
905 2918 1026 2948 cesset
1048 2910 1246 2960 pluralitas
1265 2910 1346 2948 ani·

273 2978 444 3004 mamm:
475 2973 518 3003 ut
544 2965 671 3015 prima
699 2964 795 3002 ratio
823 2964 1091 3002 concludebat.

327 3020 386 3058 Ex
401 3032 482 3069 quo
498 3018 615 3056 etiam
630 3018 678 3055 de
693 3017 792 3056 facili
806 3025 910 3067 patet
925 3017 1128 3067 responsio
1143 3017 1194 3054 ad
1209 3029 1346 3054 secun·

273 3074 366 3111 dam
386 3072 587 3110 rationem.
609 3072 702 3108 Non
717 3070 822 3108 enim
841 3070 1036 3120 quaelibet
1053 3071 1271 3108 formarum
1290 3070 1346 3107 di-

275 3127 432 3164 versitas
450 3125 537 3164 facit
556 3124 818 3162 diversitatem
836 3124 1056 3162 secundum
1075 3123 1258 3173 speciem,
1277 3124 1347 3161 sed

210 3185 214 3189 '
273 3182 402 3218 solum
431 3180 495 3217 illa
512 3191 613 3228 quae
634 3186 689 3215 est
708 3179 927 3215 secundum
952 3176 1141 3227 principia
1158 3176 1345 3224 formalia,

2397 274 2469 310 505

1402 352 1619 388 secundum
1649 351 1831 401 speciem.
1861 351 2073 390 Multitudo
2106 352 2219 401 igitur
2251 353 2471 392 animarum

1401 416 1423 441 a
1442 404 1671 454 corporibus
1691 412 1956 454 separatarum
1971 405 2223 455 consequitur
2241 406 2401 455 quidem
2416 407 2472 445 di-

1401 457 1622 495 versitatem
1635 458 1851 495 formarum
1867 458 2085 496 secundum
2101 459 2364 507 substantiam,
2380 460 2472 510 quia

1401 510 1474 548 alia
1507 519 1564 548 est
1598 511 1811 549 substantia
1839 511 1957 549 huius
1985 512 2139 550 animae
2174 521 2211 550 et
2245 512 2360 550 illius:
2389 526 2472 551 non

1367 575 1377 595 5
1400 571 1533 601 tamen
1552 564 1622 601 ista
1643 564 1844 601 diversitas
1863 565 2037 614 procedit
2056 577 2102 603 ex
2130 565 2348 603 diversitate
2367 567 2472 616 prin-

1401 616 1595 667 cipiorum
1637 617 1899 655 essentialium
1937 618 2057 667 ipsius
2100 619 2269 665 animae,
2307 632 2379 657 nec
2416 628 2472 658 est

1401 670 1620 708 secundum
1653 670 1849 708 diversam
1885 671 2075 708 rationem
2108 672 2278 719 animae;
2315 674 2383 710 sed
2417 682 2473 711 est

1401 724 1620 761 secundum
1649 723 1845 762 diversam
1873 725 2296 762 commensurationem
2325 726 2472 764 anima-

1401 789 1490 814 rum
1518 777 1567 814 ad
1596 789 1778 827 corpora;
1806 778 1903 815 haec
1922 777 2027 814 enim
2047 778 2178 815 anima
2197 786 2252 815 est
2271 791 2472 817 commen-

1361 848 1387 863 ιο
1401 838 1531 868 surata
1549 830 1642 868 huic
1661 830 1815 880 corpori
1835 838 1872 868 et
1899 843 1980 868 non
2009 830 2072 878 illi,
2102 830 2165 869 illa
2183 839 2314 868 autem
2342 832 2415 879 alii,
2435 841 2472 870 et

1401 883 1455 921 sic
1482 884 1532 921 de
1560 884 1757 922 omnibus.
1788 883 2028 922 Huiusmodi
2060 892 2191 922 autem
2224 897 2472 923 commensu-

1402 937 1570 975 rationes
1590 945 1792 975 remanent
1811 937 1851 975 in
1870 937 2076 975 animabus
2090 937 2206 975 etiam
2221 939 2473 987 pereuntibus

1401 990 1649 1040 corporibus:
1680 990 1777 1028 sicut
1796 999 1832 1028 et
1851 990 1957 1040 ipsae
1977 1003 2113 1028 earum
2137 990 2371 1028 substantiae
2390 1003 2472 1029 ma-

1402 1052 1505 1090 nent,
1535 1044 1646 1094 quasi
1666 1057 1688 1082 a
1707 1044 1938 1094 corporibus
1957 1044 2176 1082 secundum
2195 1056 2278 1082 esse
2306 1056 2388 1082 non
2408 1045 2489 1082 de-r

1362 1114 1384 1134 15
1401 1098 1627 1147 pendentes.
1663 1098 1762 1135 Sunt
1797 1097 1903 1134 enim
1936 1097 2089 1135 animae
2127 1098 2346 1135 secundum
2383 1098 2472 1136 sub-

1403 1150 1558 1189 stantias
1573 1163 1663 1188 suas
1676 1151 1824 1188 formae
1839 1163 2067 1200 corporum:
2084 1150 2176 1188 alias
2191 1150 2474 1189 accidentaliter

1402 1204 1556 1254 corpori
1571 1204 1785 1250 unirentur,
1805 1211 1841 1241 et
1861 1204 1915 1241 sic
1933 1216 1979 1241 ex
2001 1204 2132 1241 anima
2151 1212 2187 1241 et
2206 1217 2370 1254 corpore
2390 1217 2472 1243 non

1401 1258 1511 1295 fieret
1538 1270 1665 1295 unum
1693 1269 1764 1307 per
1791 1269 1843 1303 se,
1872 1258 1939 1294 sed
1968 1269 2094 1295 unum
2114 1269 2184 1306 per
2202 1257 2392 1295 accidens.
2413 1259 2472 1295 In-

1401 1319 1594 1361 quantum
1622 1318 1755 1348 autem
1787 1311 1934 1348 formae
1971 1318 2071 1356 sunt,
2110 1318 2261 1360 oportet
2290 1323 2354 1348 eas
2389 1323 2472 1348 esse

1360 1379 1387 1394 ²0
1401 1364 1632 1414 corporibus
1645 1372 1991 1401 commensurataS.
2006 1364 2117 1402 Unde
2132 1371 2235 1413 patet
2245 1364 2353 1413 quod
2367 1364 2473 1414 ipsae

1401 1418 1576 1456 diversae
1595 1417 1997 1455 commensurationes
2016 1425 2176 1454 manent
2203 1417 2243 1454 in
2267 1417 2473 1455 animabus

1402 1471 1600 1520 separatis:
1631 1479 1667 1507 et
1694 1482 1765 1519 per
1791 1482 2036 1519 consequens
2064 1470 2270 1519 pluralitas,

1457 1524 1674 1562 Occasione
1702 1531 1835 1561 autem
1857 1523 1989 1561 tertiae
2013 1523 2170 1561 rationis
2189 1523 2380 1570 inductae,
2409 1523 2474 1562 ali-

1403 1577 1471 1627 qui
1509 1577 1773 1614 aetemitatem
1811 1576 1951 1614 mundi
1988 1585 2179 1626 ponentes
2222 1577 2261 1613 in
2301 1577 2474 1614 diversas

1363 1645 1386 1665 2⁵
1404 1630 1609 1679 opiniones
1647 1637 1848 1667 extraneas
1889 1629 2118 1667 inciderunt.
2158 1629 2332 1676 Quidam
2369 1630 2475 1667 enim

1404 1683 1699 1720 conclusionem
1735 1682 1957 1732 simpliciter
1992 1691 2277 1728 concesserunt,
2306 1683 2476 1720 dicentes

1404 1736 1554 1785 animas
1584 1737 1778 1773 humanas
1806 1747 1898 1773 cum
1927 1735 2158 1785 corporibus
2186 1736 2340 1784 penitus
2361 1736 2474 1773 inter-

1404 1789 1470 1827 ire.
1491 1812 1517 1817 —
1538 1789 1613 1827 Alii
1637 1801 1731 1826 vero
1759 1789 1940 1827 dixerunt
1969 1789 2076 1838 quod
2105 1789 2154 1826 de
2183 1788 2368 1826 omnibus
2396 1789 2476 1826 ani-

1405 1844 1545 1881 mabus
1578 1850 1752 1880 remanet
1784 1842 1930 1892 aliquid
1958 1854 2084 1880 unum
2118 1850 2338 1891 separatum
2368 1843 2476 1891 quod

1364 1911 1389 1932 κο
1404 1905 1460 1934 est
1488 1896 1673 1934 omnibus
1692 1908 1921 1933 commune:
1943 1895 2083 1933 scilicet
2112 1895 2322 1933 intellectus
2348 1907 2475 1944 agens,

1404 1950 1623 1987 secundum
1643 1949 1855 1998 quosdam;
1876 1950 1938 1986 vel
1957 1961 2049 1986 cum
2079 1961 2127 1986 eo
2156 1948 2367 1986 intellectus
2386 1961 2475 1998 pos-

1405 2003 1534 2049 sibilis,
1571 2003 1791 2040 secundum
1827 2002 1933 2040 alios.
1955 2024 1981 2029 —
2001 2001 2076 2039 Alii
2104 2010 2235 2039 autem
2258 2009 2476 2051 posuerunt

1405 2056 1555 2094 animas
1584 2055 1624 2093 in
1657 2068 1727 2093 sua
1755 2055 2002 2093 multitudine
2035 2062 2123 2105 post
2151 2067 2316 2105 corpora
2348 2067 2473 2092 rema-

1405 2122 1515 2147 nere:
1546 2110 1626 2156 sed,
1655 2122 1704 2146 ne
1733 2116 1963 2158 cogerentur
1991 2108 2213 2146 animarum
2242 2121 2388 2158 ponere
2418 2108 2474 2145 in-

1365 2176 1387 2196 u
1404 2163 1605 2209 finitatem,
1634 2162 1814 2200 dixerunt
1843 2162 2000 2199 easdem
2029 2161 2179 2199 animas
2208 2161 2368 2199 diversis
2391 2173 2475 2199 cor-

1404 2217 1567 2266 poribus
1586 2215 1687 2254 uniri
1708 2224 1796 2265 post
1810 2215 2110 2253 determinatum
2130 2223 2298 2264 tempus.
2315 2216 2363 2253 Et
2378 2216 2475 2252 haec

1404 2270 1473 2307 fuit
1508 2269 1799 2307 Platonicorum
1834 2268 1979 2318 opinio,
2017 2269 2065 2306 de
2101 2281 2180 2317 qua
2214 2268 2311 2306 infra
2330 2268 2351 2290 ’¹‘
2389 2280 2475 2316 age-

1404 2332 1477 2361 tur.
1507 2346 1532 2350 —
1562 2322 1736 2370 Quidam
1771 2334 1879 2368 vero,
1910 2321 2043 2360 omnia
2077 2322 2274 2371 praedicta
2302 2321 2475 2367 vitantes,

1404 2376 1584 2414 dixerunt
1621 2388 1702 2413 non
1740 2388 1824 2413 esse
1862 2375 2142 2412 inconveniens
2179 2374 2330 2412 animas
2366 2386 2475 2424 sepa-

1362 2442 1390 2463 40
1404 2437 1503 2468 ratas
1538 2437 1626 2467 actu
1662 2429 1823 2467 existere
1859 2428 2038 2466 infinitas.
2078 2429 2173 2465 Esse
2210 2427 2316 2465 enim
2349 2427 2476 2464 infini-

1403 2491 1488 2521 tum
1517 2491 1606 2520 actu
1634 2483 1674 2520 in
1704 2482 1763 2519 his
1792 2494 1893 2532 quae
1931 2494 2012 2519 non
2050 2481 2195 2518 habent
2222 2482 2272 2519 ad
2306 2481 2476 2518 invicem

1404 2537 1594 2582 ordinem,
1623 2544 1680 2573 est
1707 2548 1791 2573 esse
1819 2535 2016 2572 infinitum
2044 2547 2115 2584 per
2141 2534 2338 2572 accidens:
2367 2534 2476 2583 quod

1402 2602 1550 2639 ponere
1588 2601 1669 2626 non
1702 2596 1881 2638 reputant
1918 2587 2208 2625 inconveniens.
2242 2588 2291 2624 Et
2323 2595 2380 2623 est
2406 2599 2475 2636 po-

1403 2643 1488 2680 sitio
1517 2642 1739 2679 Avicennae
1777 2649 1814 2679 et
1841 2641 2038 2689 Algazelis.
2059 2662 2085 2667 —
2110 2640 2217 2687 Quid
2245 2648 2376 2677 autem
2405 2641 2475 2677 ho-

1361 2708 1386 2728 ⁴5
1403 2708 1491 2733 rum
1520 2695 1741 2732 Aristoteles
1769 2693 1940 2740 senserit,
1960 2694 2009 2731 ab
2029 2705 2077 2730 eo
2103 2705 2282 2743 expresse
2310 2705 2391 2730 non
2419 2693 2474 2730 in-

1402 2748 1571 2786 venitur:
1592 2760 1685 2786 cum
1704 2756 1835 2786 tamen
1854 2759 2033 2797 expresse
2053 2747 2190 2784 mundi
2212 2746 2474 2784 aeternitatem

1401 2810 1533 2853 ponat.
1569 2801 1713 2840 Ultima
1748 2809 1880 2838 tamen
1915 2799 2200 2850 praedictarum
2242 2799 2475 2850 opini0num

1401 2855 1599 2906 principiis
1618 2855 1668 2892 ab
1687 2867 1736 2892 eo
1754 2854 1889 2903 positis
1908 2866 1990 2891 non
2009 2861 2207 2903 repugnat.
2228 2854 2334 2890 Nam
2362 2853 2402 2890 in
2427 2853 2474 2890 ΙΙΙ

1401 2911 1515 2958 Phys.
1545 2916 1582 2946 et
1601 2908 1674 2946 inI
1707 2908 1814 2945 Caeli
1840 2914 1873 2944 et
1899 2907 2044 2945 Mundi
2054 2906 2085 2953 ²¹²,
2114 2906 2253 2956 probat
2281 2918 2361 2944 non
2391 2918 2473 2943 esse

1362 2976 1388 2996 5⁰
1402 2962 1598 3000 infinitum
1636 2969 1723 2999 actu
1759 2961 1798 2998 in
1834 2960 2064 3010 corporibus
2106 2959 2354 3006 naturalibus,
2392 2971 2473 2996 non

1401 3023 1534 3054 autem
1567 3015 1607 3052 in
1642 3013 1863 3052 substantiis
1900 3013 2229 3051 immaterialibus.
2257 3035 2283 3040 —
2313 3013 2473 3050 Certum

1401 3077 1534 3107 tamen
1553 3076 1609 3106 est
1637 3067 1738 3106 circa
1757 3069 1833 3105 hoc
1852 3068 2000 3113 nullam
2019 3066 2283 3104 difficultatem
2302 3065 2380 3115 pati
2400 3066 2472 3103 Ca-

1401 3122 1566 3160 tholicae
1586 3121 1679 3159 fidei
1698 3121 1946 3171 professores,
1966 3119 2035 3169 qui
2053 3119 2314 3157 aeternitatem
2333 3118 2473 3156 mundi

1402 3188 1484 3214 non
1513 3182 1677 3225 ponunt.

273 3235 335 3271 vel
355 3233 574 3271 secundum
589 3231 783 3269 diversam
803 3230 993 3269 rationem
1012 3230 1175 3267 formae:
1197 3237 1347 3267 constat
1361 3244 1385 3265 ss
1454 3230 1550 3266 Non
1585 3236 1641 3266 est
1676 3227 1791 3265 etiam
1828 3226 2089 3263 necessarium
2124 3226 2243 3276 quod,
2279 3225 2309 3262 si
2342 3225 2473 3262 anima

274 3287 379 3325 enim
399 3286 508 3337 quod
528 3285 600 3323 alia
619 3293 675 3322 est
694 3283 857 3322 essentia
875 3284 1024 3321 formae
1044 3283 1161 3320 huius
1190 3283 1287 3331 ignis
1310 3291 1347 3320 et
1402 3290 1535 3320 manet
1562 3293 1726 3331 corpore
1750 3281 1955 3326 destructO,
1977 3279 2084 3328 quod
2104 3279 2215 3316 fuerit
2235 3279 2269 3316 ei
2297 3278 2472 3316 acciden-

274 3339 388 3387 illius,
409 3352 482 3377 nec
500 3347 631 3377 tamen
656 3346 712 3375 est
731 3337 827 3375 alius
855 3337 951 3386 ignis
970 3349 1099 3386 neque
1119 3336 1192 3374 alia
1219 3336 1346 3374 forma
1399 3335 1523 3373 taliter
1550 3334 1673 3373 unita:
1704 3342 1746 3371 ut
1774 3341 1910 3383 quarta
1938 3332 2034 3369 ratio
2063 3332 2328 3369 concludebat.
2364 3331 2472 3369 Acci-

329 3453 340 3470 ι
362 3446 448 3477 ipsam
465 3446 572 3478 (nempe
589 3445 770 3478 operationem
788 3442 960 3476 intellectus)]
989 3443 1046 3475 ipsa
1065 3443 1117 3468 BE.
1218 3441 1231 3466 3
1251 3441 1395 3474 intelligere
1413 3449 1457 3467 om
1476 3441 1531 3472 EG,
1549 3445 1613 3466 ante
1631 3449 1683 3466 non
1702 3440 1735 3465 Y.
1832 3438 1848 3464 8
1867 3438 1939 3471 quod
1957 3446 2001 3463 om
2020 3438 2054 3463 G.
2143 3446 2160 3471 9
2178 3443 2318 3470 operantur
2338 3438 2380 3463 lta
2398 3439 2472 3469 ZPd;

273 3486 396 3515 operatur
413 3481 504 3506 ceteri.
590 3480 622 3506 13
642 3480 696 3514 qui]
717 3488 784 3513 quae
803 3480 845 3509 Pe,
920 3479 952 3503 23
972 3479 1027 3503 Has
1046 3478 1152 3503 Novum
1168 3478 1316 3510 capitulum
1335 3477 1467 3509 incipiunt
1479 3477 1541 3505 ch;
1562 3477 1657 3502 titulus
1671 3477 1698 3501 in
1718 3476 1749 3500 b.-
1768 3474 1926 3507 Improbatio
1944 3474 2132 3505 praedictarum
2150 3474 2294 3504 rationum;
2313 3475 2338 3498 in
2357 3474 2407 3499 Pe:
2425 3474 2473 3499 So-

274 3518 339 3542 lutio
357 3517 567 3550 praecedentium
591 3516 731 3542 rationum.
823 3514 854 3540 25
875 3514 946 3547 quod
965 3521 1008 3539 om
1029 3513 1076 3538 Pa.
1171 3513 1204 3537 30
1223 3511 1310 3546 etiam]
1330 3517 1357 3537 et
1374 3513 1451 3538 etiam
1471 3512 1546 3538 axv.
1639 3511 1667 3536 31
1690 3510 1834 3536 extrinseca
1854 3509 1896 3534 Ita
1914 3508 2018 3543 N(Z)1>;
2037 3509 2174 3534 intrinseca
2192 3509 2286 3540 ceteri3
2304 3509 2324 3534 Z
2343 3510 2423 3543 legit.-
2441 3518 2473 3535 ex

274 3553 320 3578 illo
339 3553 498 3585 dependeret
515 3556 642 3585 tanquam
660 3559 691 3577 ex
709 3559 787 3577 causa
806 3551 956 3576 extrinseca.
1052 3549 1175 3574 Formam
1246 3547 1383 3573 materiam
1403 3548 1446 3573 lta
1464 3548 1512 3579 Pe:
1531 3547 1627 3572 Forma
1703 3546 1810 3571 materia
1827 3545 1918 3570 ceteri.
2020 3543 2052 3569 36
2071 3544 2210 3578 dependet]
2231 3545 2376 3578 dependeat
2394 3545 2471 3570 NYZ.

276 3588 310 3614 38
327 3596 390 3620 non,
409 3587 466 3620 erit]
485 3595 547 3619 non,
565 3595 619 3612 non
637 3587 686 3613 erit
702 3587 786 3617 wsY,
805 3594 858 3611 non
877 3586 933 3617 erit,
953 3586 1001 3610 erit
1018 3585 1050 3610 D.
1139 3592 1174 3616 4⁰
1193 3589 1219 3609 et
1236 3583 1442 3617 proportionem]
1460 3588 1487 3608 et
1505 3583 1674 3617 proportione
1691 3582 1735 3612 W,
1754 3589 1769 3606 a
1787 3581 1955 3614 proportione
1973 3581 2001 3607 Z,

329 3631 345 3656 7
365 3622 476 3657 animae]
496 3623 579 3656 ipsius
597 3624 699 3648 animae
718 3622 790 3648 DPd.
869 3621 901 3647 35
921 3621 1028 3647 easdem
1043 3623 1107 3652 post
1125 3620 1225 3644 animas
1244 3619 1292 3645 Pa.
1378 3625 1410 3651 4¹
1433 3619 1466 3644 ad
1483 3619 1595 3644 invicem
1615 3626 1657 3643 om
1678 3617 1730 3648 ΝΖ,
1749 3616 1858 3641 invicem
1878 3616 1963 3640 «WX.

598 3666 634 3693 49
653 3666 707 3683 non
725 3666 786 3684 esse
800 3661 865 3690 post
883 3656 1010 3682 infinitum
1030 3656 1073 3687 Pe,
1093 3663 1145 3680 non
1163 3663 1242 3680 omne
1262 3655 1311 3680 αΧ.
1403 3654 1435 3687 57
1455 3659 1546 3688 quarta
1567 3654 1609 3679 Ita
1630 3654 1676 3684 Pc;
1695 3653 1786 3686 quinta
1803 3652 1894 3677 ceteri.

2042 3617 2076 3647 48
2095 3623 2148 3640 non
2166 3621 2293 3649 repugnat
2312 3616 2355 3641 Ita
2373 3617 2471 3648 z2ffl³3

274 3665 401 3693 repugnat
418 3659 509 3685 ceteri.

418 3712 513 3737 Smuu
532 3711 642 3737 Coum
662 3711 794 3736 ommes
815 3711 846 3736 D.
864 3710 980 3735 Tamna
999 3709 1068 3734 Tou.
1088 3709 1105 3735 1.
2292 3703 2328 3736 64

2508 2274 2516 2281 '
2527 2271 2583 2300 Cap.
2594 2277 2690 2293 unm.

2502 2915 2511 2923 '
2538 2913 2570 2934 111
2591 2913 2671 2940 Phys„
2691 2919 2716 2939 v,

2501 2946 2592 2994 1¹.³9⁵.“¹‘³.·
2600 2947 2619 2987 ³1
2630 2939 2715 2992 {0121

2501 2999 2515 3013 V
2538 2998 2603 3020 sqq-³

2502 3020 2516 3041 1,
2527 3025 2541 3047 9
2552 3025 2604 3048 sqq.

2634 2999 2653 3015 s.
2667 2992 2714 3014 Th.
