2756 4322
31 403 101 430 ‘39r
116 407 175 423 aio.

26 1989 132 2017 39rbi.

26 3739 74 3761 39v
90 3740 101 3754 a
115 3741 132 3755 ι.

276 160 346 197 52³le

273 239 390 269 lorum.
416 238 502 268 Cum
527 238 612 267 enim
631 246 666 266 ea
691 244 774 275 quae
798 238 873 262 sunt
897 240 953 271 per
977 229 1063 260 aliud
1088 228 1282 258 reducantur
1304 226 1343 256 ad

275 300 311 320 ea
329 299 411 329 quae
435 293 510 318 sunt
525 296 582 327 per
605 297 648 322 se,
666 285 829 325 oportebit
854 284 995 324 primum
1016 281 1157 310 activum
1182 278 1343 308 malorum

275 351 342 370 esse
367 349 423 379 per
447 348 480 368 se
503 338 636 368 malum.
666 336 725 366 Per
756 345 788 365 se
814 340 923 364 autem
941 340 981 361 est
1001 331 1139 361 dicimus
1166 329 1229 358 tale
1254 327 1343 368 quod

274 401 330 431 per
347 390 516 420 essentiam
534 397 625 418 suam
642 388 703 418 tale
721 386 792 425 est.)
809 386 826 403 *
840 386 916 415 Eius
933 384 1030 423 igitur
1046 381 1183 412 essentia
1200 389 1267 410 non
1286 379 1345 409 erit

273 443 368 472 bona.
394 441 467 470 Hoc
493 446 600 470 autem
626 445 671 468 est
696 435 912 477 impossibile:
939 443 1038 464 omne
1059 433 1143 462 enim
1170 430 1260 470 quod
1286 436 1343 465 est,
1369 445 1377 464 ς

272 493 462 531 inquantum
485 497 531 520 cst
555 499 621 524 ens,
641 497 743 524 oportet
766 488 910 528 (necesse
935 483 993 525 est)
1019 493 1087 514 esse
1112 484 1247 512 bonum.
1266 481 1344 510 Esse

271 552 411 581 namque
430 566 435 571 .
451 565 457 571 .
473 565 478 571 .
497 546 664 580 appetunt.
685 539 759 569 Non
778 543 885 578 potest
909 537 1005 576 igitur
1030 534 1194 565 distinctio
1214 537 1343 561 maiorum

271 605 285 621 a
305 597 378 620 bonis
399 593 429 621 in
455 593 549 621 rebus
582 590 756 631 procedere
782 599 799 618 a
824 588 952 618 duobus
976 586 1143 617 contrariis
1168 584 1343 624 principiis,

271 653 411 683 quorum
431 652 531 673 unum
549 644 587 672 sit
605 643 729 672 bonum
747 647 777 671 et
795 639 880 670 aliud
898 639 1032 669 malum.
1050 639 1067 676 §
1084 637 1212 667 Adhuc.
1236 635 1343 665 Omne

271 705 367 735 agens
385 719 391 724 .
408 719 413 724 .
429 718 435 724 .
454 696 575 724 bonum
595 694 743 724 dicimus.
759 696 833 721 Nihil
848 697 983 729 igiturest
997 691 1105 721 Omne
1122 689 1218 729 igitur
1235 696 1342 726 agens,
1362 701 1386 715 ιο

270 747 462 785 inquantum
488 745 685 780 huiusmodi,
703 746 828 775 bonum
851 750 907 774 est.
931 746 1009 777 Quod
1029 742 1060 771 Si
1078 739 1156 780 quid
1174 739 1270 778 igitur
1287 747 1344 777 per

270 806 303 826 se
327 796 449 826 malum
467 802 524 830 est,
542 805 608 825 non
635 795 752 835 poterit
770 805 839 825 esse
856 804 963 835 agens
989 793 1022 822 Si
1047 797 1153 822 autem
1181 797 1228 820 est
1244 793 1342 817 malum

270 848 429 877 malorum
456 847 651 886 principium
677 847 830 886 primum,
848 851 977 885 oportet
1002 853 1070 874 esse
1089 852 1146 882 per
1170 851 1203 871 se
1220 840 1342 870 malum

271 904 319 938 (ut
351 903 518 927 ostensum
550 898 621 936 est).
656 896 858 936 Impossibile
891 903 938 925 est
970 895 1067 934 igitur
1100 893 1342 924 distinctionem

269 952 370 976 boniet
389 952 447 975 mali
476 949 507 977 in
532 948 627 977 rebus
651 946 826 987 procedere
855 956 871 976 a
904 946 1032 976 duobus
1065 943 1230 985 principiis
1253 943 1343 972 bono
1360 954 1382 974 ις

271 1007 299 1030 et
324 999 421 1029 maio.
447 1000 464 1037 ξ
483 999 640 1038 Amplius.
666 998 698 1028 Si
723 1007 821 1028 omne
839 1007 896 1028 ens
915 1021 920 1026 .
936 1021 942 1027 .
958 1021 965 1027 .
982 1006 1050 1027 non
1076 1005 1143 1026 ens.
1161 995 1237 1025 Non
1262 993 1344 1024 entis

269 1058 388 1087 autem,
422 1053 616 1091 inquantum
650 1049 849 1086 huiusmodi,
877 1059 944 1079 non
980 1055 1026 1079 est
1057 1057 1180 1089 ponere
1213 1055 1343 1077 causam

269 1109 427 1143 agentem,
446 1112 521 1132 cum
539 1111 637 1131 omne
662 1111 759 1141 agens
776 1108 847 1141 agat
864 1102 1060 1141 inquantum
1081 1104 1096 1128 Ιι
1118 1105 1165 1129 est
1185 1108 1242 1128 ens
1258 1105 1342 1133 actu,

269 1165 326 1191 aga:
347 1153 435 1195 (agit)
452 1160 559 1184 autem
574 1153 866 1192 (unumquodque)
880 1153 937 1182 sibi
957 1152 1071 1183 simile.
1091 1151 1164 1181 Mali
1184 1151 1300 1191 igitur.
1313 1172 1320 1179 .
1336 1172 1342 1179 .

269 1208 415 1237 omnium
434 1206 606 1235 malorum.
623 1206 640 1243 §
660 1205 787 1235 Adhuc.
805 1204 905 1242 Quod
922 1204 1071 1235 educitur
1091 1209 1216 1244 praeter
1240 1203 1345 1232 interi·
1359 1214 1386 1228 20

268 1259 391 1288 tionem
416 1259 538 1297 agentis
555 1267 622 1287 non
640 1258 735 1287 habet
752 1267 882 1287 causam
899 1266 957 1297 pet·
974 1267 1018 1293 se,
1043 1256 1099 1286 sed
1119 1259 1212 1292 incipit
1232 1253 1344 1284 incidit

268 1320 324 1350 per
348 1309 507 1345 accidens,
533 1310 616 1339 sicut
631 1318 707 1339 curn
725 1309 797 1349 quis
814 1309 936 1339 invenit
952 1309 1139 1338 thesaurum
1158 1306 1285 1337 fodiens
1305 1305 1344 1335 ad

268 1361 489 1402 plantandum.
505 1360 566 1391 Sed
581 1360 703 1390 malum
717 1361 747 1389 in
763 1359 880 1390 effectu
893 1359 1005 1399 aliquo
1018 1369 1085 1390 non
1100 1364 1207 1400 potest
1217 1361 1343 1393 consequi

268 1412 466 1453 (provenire)
499 1412 558 1442 nisi
591 1417 715 1452 praeter
746 1412 961 1441 intentionem
986 1411 1119 1451 agenti5‚
1145 1419 1220 1440 cum
1245 1417 1344 1439 omne

267 1474 364 1504 agens
400 1468 496 1500 aliquid
532 1463 599 1502 (ad)
632 1464 756 1493 bonum
789 1462 944 1499 intendat,
970 1466 1079 1491 intendit
1103 1466 1173 1490 enim
1192 1464 1383 1492 sibisimi1e25

269 1515 405 1558 (bonurn
431 1517 517 1546 enim
543 1522 589 1546 est
614 1515 703 1556 quod
729 1516 839 1545 omnia
863 1512 1047 1557 appetunt.)
1065 1525 1078 1543 s
1098 1513 1221 1544 Malum
1249 1513 1346 1553 igitur

266 1577 332 1598 non
358 1568 454 1598 habet
478 1577 607 1598 causam
641 1576 697 1606 per
722 1577 765 1605 se,
791 1567 846 1596 sed
877 1576 935 1607 per
959 1566 1109 1597 accidens
1137 1565 1249 1596 incidit
1274 1576 1288 1594 e
1312 1565 1344 1595 in

268 1618 433 1649 effectibus
459 1628 638 1649 causarum.
664 1622 777 1646 Effectus
797 1627 884 1647 autern
905 1630 951 1655 per
970 1621 1090 1646 accidens
1110 1629 1162 1646 non
1186 1621 1346 1645 reducuntur

267 1675 291 1699 in
312 1682 390 1699 unam
411 1682 516 1699 causam
537 1681 583 1707 per
602 1681 630 1698 se
651 1679 676 1698 et
695 1674 904 1705 determinatam,
918 1674 979 1707 quia
991 1675 1058 1699 entis
1073 1682 1119 1707 per
1138 1674 1258 1699 accidens
1274 1674 1344 1699 nulla

267 1733 344 1750 causa
365 1731 404 1749 est
423 1725 600 1753 determinata,
627 1723 690 1749 alias
714 1724 882 1756 provenirent
900 1732 947 1758 per
970 1733 999 1750 se
1018 1730 1043 1750 et
1069 1733 1121 1750 non
1145 1733 1192 1758 per
1216 1726 1345 1751 accidens.
1362 1733 1387 1753 30

267 1774 342 1804 Non
367 1774 462 1813 igitur
481 1778 527 1803 est
543 1782 665 1813 ponere
685 1783 786 1803 unum
813 1773 954 1813 primum
979 1774 1177 1814 principium
1194 1774 1343 1804 omnium

268 1826 441 1855 malorum.
462 1830 478 1862 ἕ
492 1830 564 1854 item.
584 1829 610 1853 Si
631 1834 736 1862 propter
757 1829 927 1854 differentiam
943 1829 1003 1854 boni
1018 1834 1043 1854 et
1058 1829 1118 1854 mali
1134 1837 1202 1862 quae
1215 1829 1345 1854 invenitur

268 1882 292 1905 in
314 1882 393 1905 rebus
413 1884 519 1913 oportet
539 1881 658 1913 ponenda
685 1885 745 1905 sunt
770 1880 894 1913 principia
917 1881 1045 1905 contraria
1068 1880 1167 1906 bonum
1188 1886 1215 1906 et
1237 1881 1344 1909 malum,

268 1935 374 1964 oportet
394 1932 482 1956 dicere
502 1932 620 1963 sequitur
639 1931 671 1956 de
690 1932 844 1956 necessitate
859 1931 929 1964 quod
950 1931 1049 1956 malum
1065 1939 1117 1956 non
1136 1932 1169 1956 ait
1188 1931 1343 1964 principium

267 1984 375 2009 alicuius
395 1984 464 2012 boni.
478 1991 524 2008 nec
540 1983 638 2008 bonum
655 1985 670 1999 ἢ*
689 1983 798 2008 alicuius
818 1983 888 2008 mali.
903 1983 959 2008 Sed
976 1983 1002 2008 si
1017 1990 1055 2008 ex
1068 1984 1174 2009 actione
1188 1984 1243 2009 Hoc
1256 1989 1342 2009 autem
1361 1987 1382 2007 ³5

267 2041 307 2060 est
326 2035 498 2068 impossibile.
524 2034 620 2059 Malum
647 2034 717 2059 enim
742 2041 876 2067 nunquam
903 2034 1055 2067 producitur
1074 2035 1130 2059 sine
1150 2035 1240 2068 aliquo
1258 2034 1344 2060 bono:

266 2087 340 2120 quod
358 2087 490 2119 corruptio
511 2086 580 2111 enim
601 2093 668 2118 quae
688 2093 740 2110 non
760 2089 800 2110 est
819 2086 896 2110 unius
917 2094 967 2110 non
988 2091 1027 2110 est
1047 2086 1103 2111 sine
1121 2086 1288 2118 generatione
1307 2087 1344 2111 al-

267 2139 355 2169 terius,
375 2144 400 2164 et
419 2139 456 2163 sic
480 2139 578 2163 malum
599 2138 712 2171 corrupti
733 2143 774 2162 est
798 2146 857 2163 cuin
876 2145 896 2171 g
915 2138 985 2163 bono
1003 2138 1129 2171 generati.
1143 2138 1175 2163 Et
1189 2138 1227 2164 sic
1240 2144 1345 2172 oportet

267 2191 338 2223 quod
357 2189 426 2214 idem
446 2190 479 2214 sit
499 2189 653 2222 principium
673 2194 698 2213 et
718 2189 779 2214 boni
799 2194 825 2214 et
844 2189 914 2215 maii.
934 2189 992 2214 Non
1012 2189 1090 2221 igitur
1114 2192 1223 2222 oportet
1241 2196 1344 2222 ponere

267 2247 327 2266 sunt
355 2241 473 2273 ponenda
499 2241 625 2266 contraria
649 2240 772 2274 principia
794 2241 860 2273 <ud>
880 2239 1009 2274 (propter)
1035 2241 1084 2266 hoc
1104 2242 1175 2274 quod
1200 2241 1300 2266 bonum
1319 2247 1343 2266 et
1358 2246 1386 2267 ⁴0

267 2294 364 2318 malum
385 2293 410 2317 in
430 2293 508 2317 rebus
529 2292 664 2317 invenitur.
684 2288 702 2326 ξ
718 2287 894 2319 Praeterea.
912 2287 1159 2320 Contrariorum
1177 2290 1342 2329 agentium

267 2347 341 2371 sunt
373 2341 550 2371 contrariae
575 2340 728 2370 actiones
763 2340 887 2370 Eorum
919 2341 1016 2380 igitur
1044 2350 1127 2381 quae
1156 2350 1213 2382 per
1244 2351 1342 2372 unam

267 2394 428 2423 actionem
447 2392 673 2433 producuntur
697 2401 764 2422 non
785 2400 891 2428 oportet
908 2403 962 2428 pon
984 2398 1058 2422 sunt
1079 2392 1232 2433 ponenda
1258 2393 1343 2432 prin-

268 2445 350 2484 cipia
375 2444 544 2474 contraria.
570 2443 701 2474 Bonum
728 2448 838 2474 autern
867 2449 898 2473 et
926 2443 1048 2474 malum
1075 2443 1189 2475 eadem
1214 2444 1343 2474 actione

268 2495 503 2535 producuntur,
514 2500 585 2532 quod
595 2499 665 2523 enim
679 2503 720 2523 est
729 2498 772 2523 uni
783 2498 883 2524 bonum
898 2504 939 2524 eat
948 2499 1020 2524 alteri
1034 2500 1142 2528 maium.
1156 2499 1224 2524 sicut
1235 2499 1344 2525 deiectio
1358 2507 1382 2528 ,ς

268 2550 343 2575 unius
362 2550 476 2575 hostium
493 2549 575 2575 hostis
590 2555 630 2574 eat
651 2550 692 2575 vic
710 2551 830 2575 exaltatio
843 2552 949 2576 alterius
971 2545 1097 2588 (eadem
1111 2547 1198 2578 enim
1216 2547 1343 2578 actione

267 2607 350 2638 aqua
374 2598 593 2638 corrumpitur
609 2604 639 2628 et
664 2608 718 2628 aer
732 2598 928 2638 generatur.)
954 2599 1029 2630 Non
1054 2606 1128 2630 sunt
1148 2600 1245 2640 igitur
1269 2609 1343 2640 pro-

267 2655 337 2689 pter
361 2648 572 2680 differentiam
590 2650 667 2680 boni
686 2656 716 2680 et
737 2650 811 2680 mali
828 2651 860 2681 in
887 2651 982 2682 rebus
1001 2652 1165 2682 inventam
1191 2650 1343 2692 ponenda

267 2701 423 2740 principia
448 2701 617 2732 contraria.
642 2707 658 2738 ς
673 2706 748 2731 item.
763 2706 870 2732 Materia
889 2707 952 2732 nulii
968 2707 1111 2732 sennarum
1127 2714 1195 2740 quae
1214 2707 1239 2732 in
1259 2707 1342 2741 ipsam

267 2754 394 2780 inducitur
414 2756 551 2781 contrarie
575 2757 702 2782 contraria
724 2764 784 2782 esse
803 2763 898 2791 potest,
919 2758 1076 2783 contrarium
1101 2759 1170 2783 enim
1195 2767 1248 2783 non
1266 2757 1296 2784 fit
1314 2766 1343 2784 ex
1361 2767 1386 2787 ςο

266 2807 393 2831 contrario
413 2807 479 2832 sicut
492 2815 522 2832 ex
542 2808 658 2834 materia.
676 2809 765 2841 Agens
784 2813 871 2834 autem
891 2810 962 2842 quod
983 2817 1013 2835 ex
1034 2809 1140 2835 materia
1160 2810 1258 2843 aliquid
1277 2809 1345 2837 facit.

266 2858 379 2884 similem
400 2859 447 2883 sibi
467 2859 578 2884 formam
592 2860 617 2884 in
632 2861 772 2886 materiam
789 2862 896 2886 materia
910 2862 1016 2887 inducit.
1030 2862 1137 2887 Materia
1148 2862 1225 2895 igitur
1238 2870 1289 2888 non
1305 2868 1345 2888 est

266 2910 358 2943 agenti
371 2917 420 2935 con
435 2910 534 2936 facienti
548 2911 646 2944 aliquid
666 2919 696 2936 ex
716 2913 822 2938 materia
834 2913 972 2939 contrarie
990 2914 1117 2939 contraria
1141 2914 1190 2939 nisi
1210 2922 1256 2947 per
1279 2914 1345 2939 acci—

267 2961 340 2991 dens,
350 2961 446 2986 scilicet
460 2961 559 2987 ratione
572 2963 678 2987 alterius
691 2962 799 2992 formae.
813 2969 919 2997 propter
935 2972 1014 2997 qnam
1028 2964 1120 2989 dicitur
1129 2965 1201 2998 quod
1214 2973 1294 2998 agenn
1305 2971 1345 2991 est

266 3012 422 3037 contrarium
446 3013 559 3045 patienti.
583 3014 680 3039 Malum
703 3019 790 3039 nutem
815 3023 866 3039 non
889 3020 974 3047 potest
995 3022 1054 3040 csse
1075 3016 1122 3041 niai
1143 3015 1168 3040 in
1188 3016 1270 3041 bono:
1291 3025 1343 3042 non
1361 3026 1383 3047 55

267 3064 334 3088 enim
349 3069 388 3088 est
408 3065 506 3090 malum
526 3064 622 3098 aliquid
643 3066 663 3090 ai
685 3074 736 3090 non
756 3071 840 3095 nocet.
860 3074 911 3091 non
931 3072 1019 3092 autem
1040 3073 1115 3092 nocet
1134 3068 1183 3093 nisi
1204 3068 1226 3093 ei
1246 3068 1270 3093 in
1290 3076 1344 3102 quo

267 3120 315 3145 est,
338 3123 398 3140 nam
418 3117 488 3149 quod
512 3117 620 3142 omnino
642 3122 683 3142 eat
701 3124 793 3149 expers
813 3118 873 3143 mali
893 3118 993 3144 nullum
1018 3124 1205 3144 nocumentum
1225 3127 1255 3145 ex
1275 3120 1345 3145 malo

267 3165 364 3198 recipit.
385 3166 494 3198 Oportet
515 3167 591 3199 igitur
610 3168 708 3192 malum
729 3175 788 3193 ease
808 3169 832 3193 in
851 3176 883 3193 eo
903 3170 942 3194 cui
964 3175 1039 3194 nocet
1060 3170 1204 3203 (malum).
1224 3171 1282 3196 Non
1298 3178 1343 3196 au-

266 3221 319 3242 tem
334 3222 374 3242 est
386 3217 483 3250 aliquid
499 3218 596 3242 maium
617 3218 665 3243 nisi
686 3226 715 3244 ex
729 3227 762 3244 eo
781 3220 852 3252 quod
871 3226 947 3246 nocet
962 3220 1042 3252 bono,
1061 3221 1134 3254 quod
1146 3222 1225 3252 εηίηι,
1244 3223 1344 3248 malum

1238 148 1503 186 APPENDIX

1403 224 1482 266 (hisi
1501 224 1578 261 duo,
1595 225 1721 254 bonum
1743 229 1774 253 et
1790 223 1924 259 malum,
1948 227 2034 259 primo
2058 224 2210 264 (primus)
2226 226 2387 266 principia
2402 236 2482 256 con-

1401 277 1494 306 traria
1517 276 1676 316 posuisse.
1702 274 1815 304 Posuit
1831 279 1940 304 autem
1958 279 1990 304 et
2005 275 2122 315 pictag.
2140 274 2207 306 duo
2223 276 2339 317 prima,
2355 277 2482 308 bonurn

1402 333 1433 356 et
1456 327 1590 361 malum,
1616 325 1672 355 sed
1695 334 1763 355 non
1789 334 1846 365 per
1876 324 2014 355 modum
2044 326 2280 367 principiorum
2305 330 2482 368 agentium,

1401 377 1457 407 sed
1482 386 1539 417 per
1558 376 1696 407 modum
1711 379 1911 412 principiorum
1936 375 2123 406 formalium
2148 378 2395 418 principiorum.
2421 380 2483 411 Po—

1402 428 1498 458 nebat
1523 429 1609 458 enim
1634 428 1714 457 haec
1746 426 1812 457 duo
1845 436 1914 457 esse
1947 431 2084 463 principia
2118 437 2238 468 genera
2272 430 2332 460 sub
2364 431 2483 470 quibus

1401 480 1512 509 omnia
1529 479 1587 509 alia
1606 477 1973 518 comprehenderentur,
1999 486 2034 509 ut
2058 484 2146 519 patet
2170 489 2229 520 per
2247 481 2483 522 philosophum

1401 531 1433 560 in
1459 530 1565 569 primo
1591 530 1733 569 metaph.
1758 533 1868 557 Videtur
1880 538 1968 557 autem
1982 538 2009 558 et
2020 533 2084 558 haec
2098 533 2193 566 positio
2206 535 2239 560 ad
2253 535 2326 560 illam
2338 536 2484 570 aliqualiter

1401 585 1524 609 accedere
1550 572 1618 616 quae
1643 584 1742 608 bonum
1762 589 1787 608 et
1806 584 1905 608 malum
1926 584 1979 608 duo
1997 585 2126 609 contraria
2145 586 2249 618 agentia
2271 586 2396 619 ponebat.
2414 587 2483 612 Cum

1400 637 1470 661 enim
1490 636 1599 660 effectus
1620 636 1704 667 agenti
1725 635 1853 660 similetur
1871 636 1898 660 in
1916 635 2009 666 forma,
2028 637 2168 670 primoque
2187 638 2274 670 agenti
2295 638 2380 671 prima
2399 638 2483 664 forma

1399 687 1558 720 respondeat
1577 691 1606 711 ut
1625 687 1747 719 proprius
1766 686 1884 717 effectus,
1903 687 1949 720 qui
1968 692 2009 712 est
2027 689 2140 713 maxime
2159 689 2327 720 conveniens,
2341 689 2410 715 sicut
2423 697 2484 716 ease

1400 738 1511 763 diximus
1531 739 1668 771 proprium
1687 738 1734 763 Dei
1756 738 1888 768 effectum.
1907 741 2015 772 oportet
2033 740 2166 766 dicentem
2192 742 2236 774 qui
2262 742 2316 767 duo
2340 743 2483 776 generalis-

1398 790 1473 818 sima¹
1494 789 1593 814 bonum
1614 795 1640 814 et
1658 790 1766 819 malum,
1780 790 1862 822 ponit,
1875 790 1908 814 ad
1923 789 1973 815 hoc
1986 792 2093 816 tendere
2111 792 2215 818 videtur
2233 793 2306 826 quod
2319 794 2371 818 sint
2383 794 2483 819 bonum

1399 846 1424 866 et
1444 842 1543 865 malurn
1564 841 1647 874 prima
1667 842 1791 874 principia
1809 842 1947 867 contraria.
1965 842 2014 868 Ex
2033 842 2074 868 his
2087 846 2178 868 autem
2188 843 2412 877 phi1osophorum
2425 846 2483 879 opi-

1399 893 1523 918 nionibus
1541 890 1560 928 §
1577 893 1656 918 Hanc
1676 889 1746 919 Hos
1762 897 1871 921 autem
1889 890 2192 931 antiquissimorum
2208 892 2484 934 philosophorum

1400 950 1522 971 errores
1553 945 1664 977 quidam
1681 945 1805 977 perversi
1835 942 1901 982 qui'
1928 942 2026 972 etiam
2058 952 2116 983 per
2143 945 2343 984 posteriores
2377 945 2484 985 philo—

1399 994 1522 1034 sophos
1550 999 1626 1024 sunt
1649 998 1764 1031 diligent
1794 993 1992 1025 sufficienter
2022 995 2155 1032 exclusi,
2183 995 2318 1036 quidam
2342 997 2485 1037 perversi

1398 1056 1512 1076 sensus
1528 1047 1680 1077 homines
1697 1050 1722 1075 in
1743 1050 1896 1076 doctrinam
1911 1051 2088 1076 christianam
2109 1047 2275 1078 doctrinae
2293 1048 2484 1080 christianae

1399 1098 1574 1138 adiungere
1606 1104 1905 1139 praesumpserunt.
1929 1098 2083 1137 Quorum
2115 1099 2239 1139 primus
2256 1123 2264 1130 .
2279 1123 2286 1130 .
2301 1123 2309 1130 .
2326 1100 2484 1131 marchia-

1399 1150 1511 1180 nistae.
1538 1149 1578 1180 Et
1603 1150 1720 1180 ultimo
1745 1150 1940 1187 manichaei,
1966 1151 2023 1191 qui
2050 1151 2139 1181 hunc
2171 1160 2313 1182 errorem
2343 1153 2484 1183 maxime

1399 1199 1610 1231 diffuderunt.
1635 1205 1710 1236 Quos
1733 1210 1758 1230 et
1782 1206 1922 1230 auctoritas
1941 1210 1967 1230 et
1992 1206 2056 1231 ratio
2080 1204 2240 1232 sufficienter
2262 1206 2387 1238 consistat,
2405 1212 2436 1232 ut
2452 1214 2485 1233 ex

1400 1255 1553 1288 praemissis
1568 1261 1685 1289 apparet.

1463 1365 1550 1406 Cap.
1577 1366 1674 1397 XLII.
1700 1367 1798 1404 Qcon
1823 1378 1921 1398 eausa
1946 1378 2040 1398 Pium
2064 1378 2292 1400 msrmcrioxls
2315 1379 2421 1401 nutum

1597 1428 1660 1447 sos:
1686 1428 1740 1448 asr
1765 1429 1974 1450 snctmnoauu
1999 1429 2161 1451 maurum
2185 1430 2283 1452 onno.

1445 1512 1545 1550 Quod
1571 1522 1666 1543 causa
1681 1537 1688 1543 .
1703 1537 1710 1543 .
1726 1537 1732 1543 .
1750 1514 1842 1544 ordo.
1861 1533 1882 1536 -
1899 1514 1916 1555 g
1933 1514 1981 1545 Ex
2002 1515 2125 1546 eisdem
2143 1516 2242 1547 etiam
2265 1517 2394 1548 ostendi
2410 1523 2487 1559 pot-

1401 1570 1448 1593 est
1473 1564 1563 1604 quod
1587 1574 1695 1595 rerum
1720 1565 1885 1596 distinctio
1905 1576 1972 1597 non
1995 1573 2144 1598 causatur
2168 1577 2206 1598 ex
2229 1567 2345 1600 ordine
2369 1578 2487 1602 secun·

1401 1615 1518 1646 dorum
1543 1617 1722 1656 agentium,
1741 1621 1811 1647 sicut
1835 1622 1944 1655 quidam
1971 1622 2062 1648 dicere
2080 1623 2223 1650 votum-unt
2241 1620 2327 1651 sicut
2350 1620 2487 1662 quidam

1401 1667 1507 1698 dicere
1532 1668 1708 1699 voluerunt
1733 1669 1824 1710 quod
1849 1669 1948 1706 Deus,
1975 1679 2050 1701 cum
2080 1671 2120 1701 sit
2152 1680 2239 1702 unus
2262 1672 2311 1711 (et
2332 1671 2486 1715 simplex)

1402 1719 1476 1750 facit
1506 1726 1632 1750 tantum
1663 1730 1767 1751 unum
1799 1721 1965 1758 effectum,
1991 1732 2076 1763 quae
2108 1728 2156 1753 est
2179 1723 2358 1755 substantia
2381 1725 2488 1765 prima

1401 1777 1540 1802 causata.
1566 1772 1660 1810 Quae
1686 1774 1763 1812 quia
1787 1773 1985 1814 simplicitati
2019 1775 2143 1815 primae
2171 1784 2288 1806 causae
2313 1775 2487 1818 adaequari

1401 1832 1467 1852 non
1494 1829 1612 1863 potest,
1638 1833 1713 1854 cum
1743 1834 1811 1854 non
1836 1825 1876 1855 sit
1900 1831 1991 1856 actus
2016 1819 2121 1866 purus⁴
2142 1826 2199 1857 sed
2222 1827 2340 1858 habeat
2362 1827 2487 1869 aliquid

1400 1873 1440 1903 de
1465 1875 1612 1914 potentia
1629 1875 1832 1919 ammixtum,
1850 1876 1947 1907 habet
1962 1879 2016 1905 iam
2037 1877 2179 1917 aliquam
2199 1877 2487 1918 multiplicitate»,

1400 1930 1435 1955 ut
1452 1934 1489 1954 ex
1507 1935 1544 1957 ea
1561 1926 1624 1956 iam
1643 1926 1808 1966 pluralitas
1825 1926 1932 1966 aliqua
1948 1928 2052 1967 possit
2074 1927 2217 1968 prodire,
2233 1933 2267 1959 et
2289 1929 2335 1960 sic
2358 1937 2488 1971 semper

1400 1975 1568 2006 effectibus
1585 1986 1601 2006 a
1617 1977 1822 2017 simplicitate
1840 1987 2012 2008 causarum
2024 1977 2262 2017 deficientibus,
2275 1979 2384 2022 (dum)
2401 1980 2487 2012 mul-

1399 2027 1586 2067 tiplicantur
1603 2027 1738 2059 effectus
1754 2037 1783 2062 et
1798 2033 1823 2057 in
1837 2033 1915 2058 rebus
1929 2029 2096 2061 diversitas
2112 2029 2249 2073 (rerum)
2265 2033 2487 2071 constituitun

1400 2089 1437 2109 ex
1458 2079 1577 2120 quibus
1603 2081 1791 2111 universum
1809 2081 1967 2112 consistit.
1993 2081 2084 2112 Haec
2103 2082 2202 2122 igitur
2218 2106 2226 2113 .
2240 2106 2247 2113 .
2262 2106 2270 2114 .
2289 2084 2348 2114 erit
2363 2093 2382 2114 a
2397 2092 2487 2116 caut.

1399 2132 1416 2147 ⁴*
1432 2132 1450 2169 ξ
1466 2131 1628 2171 Amplius,
1655 2131 1689 2162 ld
1707 2132 1797 2173 quod
1814 2139 1862 2164 est
1878 2133 2043 2174 optimum
2062 2134 2094 2164 in
2113 2135 2208 2166 rebus
2225 2135 2363 2166 causatis
2378 2142 2488 2173 opu-nt

1398 2187 1513 2213 attribui
1536 2183 1702 2215 reducitur
1726 2190 1761 2215 ut
1786 2185 1819 2215 in
1844 2185 2010 2226 propriam
2035 2195 2167 2217 causam
2191 2186 2225 2217 in
2255 2186 2287 2218 id
2317 2186 2411 2228 quod
2438 2192 2488 2220 en

1399 2238 1575 2272 (simpliciter)
1595 2235 1759 2276 optimum
1784 2236 1818 2266 in
1842 2236 1961 2267 causis:
1987 2242 2119 2277 oportet
2142 2237 2231 2268 enim
2251 2237 2386 2270 effectus
2410 2248 2488 2281 pro-

1400 2287 1599 2327 portionales
1615 2297 1685 2318 csse
1709 2288 1824 2318 causis.
1850 2287 2024 2329 Optimum
2045 2287 2185 2331 (autem)
2207 2290 2240 2321 in
2257 2290 2413 2322 omnibus
2428 2300 2488 2324 en-

1399 2339 1485 2370 tibus
1509 2339 1647 2370 causatis
1671 2345 1719 2370 est
1739 2343 1826 2376 ipsam
1846 2344 1897 2369 bon
1917 2339 2001 2371 ordo
2026 2341 2181 2378 universi,
2204 2341 2237 2372 in
2261 2351 2330 2382 quo
2359 2342 2486 2375 bonum

1400 2392 1539 2422 universi
1565 2392 1722 2429 consistit,
1738 2392 1822 2424 sicut
1846 2398 1878 2423 et
1902 2394 1934 2424 in
1959 2393 2056 2424 rebus
2071 2393 2223 2425 humanis
2239 2394 2365 2426 bonum
2380 2395 2487 2436 gemis

1399 2449 1446 2474 est
1467 2443 1608 2474 divinius
1632 2453 1731 2484 quam
1757 2444 1883 2475 bonum
1912 2445 2020 2475 unius.
2046 2444 2188 2486 Oportet
2210 2445 2309 2486 igitur
2325 2469 2334 2477 .
2347 2469 2356 2477 .
2370 2468 2379 2478 .
2395 2455 2487 2479 sum-

1399 2504 1492 2526 mum
1517 2495 1655 2526 bonum.
1684 2495 1760 2526 Non
1786 2495 1884 2536 igitur
1907 2505 2015 2527 rerum
2045 2495 2223 2534 distinctio,
2246 2497 2280 2528 in
2309 2506 2375 2538 qua
2401 2496 2487 2531 ordo

1399 2547 1548 2577 consistit
1572 2539 1830 2584 universi,*1·aoet
1853 2558 1964 2576 caum-i
1988 2558 2086 2577 causas
2103 2551 2237 2578 secandas
2261 2553 2304 2584 de,
2324 2559 2381 2586 pro
2402 2558 2490 2580 omno

1400 2603 1532 2637 desectum
1545 2609 1691 2628 causarum
1701 2602 1892 2632 secundarum,
1903 2609 1958 2636 pro
1967 2610 2050 2629 causa
2071 2604 2222 2632 causatur
2237 2609 2276 2631 ex
2289 2604 2368 2638 dispo
2381 2601 2489 2633 cantab

1400 2649 1561 2686 secundis,
1579 2649 1635 2680 sed
1653 2650 1755 2691 magis
1780 2659 1817 2681 ex
1836 2650 2019 2682 intentione
2036 2661 2152 2682 causae
2170 2652 2305 2693 primae.
2322 2653 2341 2692 5
2357 2651 2486 2685 Adhuc.

1400 2700 1587 2732 Absurdum
1608 2725 1614 2731 .
1631 2725 1636 2731 .
1652 2724 1660 2732 .
1678 2710 1794 2732 causae
1819 2702 1954 2742 primae.
1979 2703 1998 2741 ξ
2015 2702 2107 2733 Item.
2133 2701 2168 2733 In
2195 2703 2351 2734 omnibus
2370 2726 2378 2735 .
2393 2727 2400 2734 .
2416 2726 2423 2734 .
2441 2703 2487 2735 ci-

1400 2753 1480 2784 vilis.
1499 2753 1674 2784 Proecssus
1691 2759 1801 2784 autem
1819 2754 1945 2784 entium
1963 2763 1980 2784 a
1998 2754 2106 2795 primo
2131 2759 2206 2785 ente
2231 2760 2279 2786 est
2303 2764 2361 2796 per
2383 2756 2487 2788 actio-

1399 2815 1475 2836 nem
1505 2805 1684 2835 ordinatam
1719 2805 1758 2836 ad
1790 2804 1900 2841 finem,
1928 2814 2004 2836 cum
2029 2806 2068 2836 sit
2092 2815 2150 2846 per
2167 2806 2408 2838 inintellectum
2436 2805 2487 2848 (ut

1400 2864 1569 2888 ostensum
1587 2859 1659 2896 est),
1677 2858 1860 2888 intellectus
1879 2863 1988 2888 autem
2007 2858 2116 2888 omnis
2132 2864 2267 2900 propter
2286 2857 2385 2890 finem
2409 2859 2486 2901 agit.

1400 2908 1432 2939 Si
1458 2909 1554 2949 igitur
1572 2909 1602 2939 in
1623 2908 1840 2949 productione
1858 2918 1967 2940 rerum
1983 2914 2060 2940 sunt
2079 2909 2209 2950 aliquae
2228 2919 2345 2941 causae
2369 2919 2487 2943 secun-

1400 2959 1470 2996 dae,
1489 2966 1619 3000 oportet
1640 2960 1731 3001 quod
1755 2959 1836 2991 fines
1861 2970 1973 2992 earum
1993 2965 2048 2991 sint
2066 2969 2185 2999 propter
2203 2967 2236 2993 et
2251 2963 2399 2993 actiones
2421 2962 2487 2995 sint

1400 3018 1535 3053 propter
1551 3010 1651 3043 finem
1668 3021 1784 3043 causae
1802 3013 1936 3053 primae,
1954 3014 2011 3054 qui
2028 3006 2082 3045 est*
2092 3013 2227 3046 ultimus
2242 3013 2317 3045 finis
2340 3013 2373 3045 in
2388 3013 2488 3046 reb-n

1401 3065 1548 3095 causatis.
1575 3064 1649 3094 Hoc
1678 3069 1788 3095 autem
1806 3087 1812 3094 .
1829 3088 1835 3095 .
1850 3088 1858 3095 .
1877 3063 1992 3096 forma.
2021 3065 2097 3097 Non
2122 3066 2221 3107 igitur
2235 3072 2352 3103 propter
2369 3069 2420 3096 Ιιοι·
2437 3069 2487 3097 eat

1400 3115 1566 3146 distinctio
1591 3117 1622 3146 in
1648 3116 1744 3147 rebus
1768 3122 1799 3147 et
1823 3115 1906 3148 ordo
1931 3122 2066 3158 propter
2093 3117 2237 3148 actiones
2267 3115 2487 3149 secundarum

1400 3176 1581 3203 causarum,
1599 3166 1654 3197 sed
1678 3168 1782 3208 magis
1801 3168 1947 3199 actiones
1970 3168 2191 3200 secundarum
2215 3177 2386 3200 causarum
2409 3172 2487 3201 aunt

1400 3225 1533 3260 propter
1550 3219 1699 3250 ordinem
1717 3225 1749 3250 et
1769 3219 2012 3251 distinctionem
2030 3220 2063 3252 in
2088 3220 2185 3252 rebus
2208 3219 2484 3252 constituendam.

267 3268 335 3292 enim
355 3267 507 3301 inquantum
530 3269 627 3294 mulum
648 3277 700 3294 non
720 3276 796 3295 nocet
820 3271 897 3301 malo,
918 3273 964 3297 sed
989 3278 1028 3298 est
1047 3273 1095 3298 sibi
1115 3274 1284 3299 conveniens.
1303 3274 1344 3299 Sic
1358 3279 1386 3300 6ο
1399 3272 1418 3310 ἓ
1434 3270 1562 3302 Adhuc.
1577 3271 1609 3302 Si
1629 3275 1698 3301 ordo
1718 3271 1883 3303 distinctio
1901 3272 2040 3313 partium
2059 3273 2202 3304 universi
2218 3278 2250 3303 et
2265 3271 2348 3303 ordo
2372 3279 2484 3303 etrum

267 3319 342 3352 igitur
367 3324 470 3352 oportet
495 3321 565 3353 quod
586 3321 684 3346 malum
707 3322 739 3346 sit
758 3323 783 3346 in
803 3322 883 3348 bono.
903 3324 961 3349 Non
975 3329 1015 3349 est
1034 3325 1110 3357 igitur
1130 3332 1176 3358 per
1195 3333 1225 3350 ae
1244 3326 1343 3351 malum

267 3371 337 3403 quod
353 3370 403 3403 agit
418 3372 526 3396 maium.
545 3368 563 3406 §
579 3368 738 3409 Amplius.
757 3369 856 3407 Quod
874 3372 1011 3401 omnino
1029 3381 1095 3402 non
1115 3379 1160 3403 cst
1175 3396 1199 3403 ..
1215 3397 1221 3403 .
1236 3379 1343 3404 osten-

268 3427 338 3448 sum
356 3424 412 3449 est.
439 3418 575 3458 Oportet
601 3420 695 3459 igitur
713 3422 834 3452 malum
859 3435 919 3452 esse
938 3428 1035 3460 aliquid
1055 3437 1108 3452 non
1127 3436 1173 3453 ens
1190 3426 1271 3467 (esse
1289 3425 1344 3456 ali-

268 3470 344 3509 quid
371 3471 564 3510 inquantum
589 3478 635 3502 est
659 3483 725 3503 non
753 3475 835 3513 ens.)
860 3486 872 3502 s
897 3474 970 3505 Hoc
995 3481 1104 3506 autem
1129 3482 1176 3507 cst
1200 3486 1256 3507 ens
1281 3477 1344 3517 pri-

269 3525 387 3550 vatum.
423 3521 542 3552 Malum
576 3523 739 3562 igitur...
764 3525 858 3555 habet
890 3525 1038 3556 formam.
1074 3526 1111 3557 Et
1144 3528 1189 3558 sic
1213 3533 1344 3568 oportet
1358 3539 1382 3564 ες

270 3580 325 3609 per
349 3581 380 3600 sc
407 3571 555 3603 effectum
582 3575 704 3612 agentis
732 3585 798 3605 esse
823 3579 919 3612 aliquid
945 3577 1064 3607 habens
1095 3577 1242 3614 formam,
1268 3588 1342 3610 cum

269 3630 365 3660 agens
389 3630 458 3661 agat
483 3624 540 3654 sibi
567 3625 681 3663 simile,
708 3627 766 3656 nisi
794 3636 848 3667 per
872 3627 1034 3658 accidens.
1066 3629 1342 3670 Relinquitur...

270 3672 390 3703 malum
417 3683 472 3712 per
500 3675 657 3706 accidens.
681 3678 699 3715 ξ
717 3677 802 3707 Hinc
827 3684 873 3709 est
891 3702 897 3708 .
914 3702 919 3708 .
936 3702 942 3708 .
962 3689 1063 3710 unum
1093 3686 1204 3711 contra
1230 3690 1343 3712 unum.

269 3724 286 3760 ᾖ
305 3723 428 3754 Dicitur
452 3728 558 3757 autem
585 3726 671 3757 Deus
697 3726 800 3758 facere
826 3729 908 3759 mala
926 3731 941 3746 *Ψ
963 3730 1010 3760 vel
1037 3740 1142 3762 creare
1161 3755 1167 3762 .
1184 3755 1190 3762 .
1206 3754 1213 3762 .
1231 3733 1263 3762 in
1289 3731 1345 3762 fla-

268 3773 390 3813 gellum
408 3774 533 3805 format.
559 3777 650 3814 §Per
667 3778 744 3808 haec
770 3785 876 3810 autem
903 3781 1083 3812 excluditur
1107 3792 1194 3813 error
1218 3793 1345 3824 ponen-
1360 3797 1387 3817 το

269 3825 348 3856 tium
367 3826 469 3866 prima
493 3827 648 3867 principia
674 3830 842 3860 contraria.
867 3831 932 3869 Qui
958 3842 1045 3863 error
1071 3835 1176 3873 primo
1201 3834 1344 3875 incoepit

269 3877 308 3906 ab
325 3876 465 3917 emped.‚
487 3882 530 3913 qui
556 3879 665 3918 posuit
692 3880 805 3919 (enimi
824 3882 890 3912 duo
909 3884 1010 3922 prima
1033 3885 1189 3926 principia
1207 3887 1344 3925 agentia.

268 3927 441 3958 amicitiam
467 3935 497 3958 et
523 3929 621 3963 litem,
648 3940 788 3969 quorum
813 3934 984 3964 amicitiam
1014 3935 1092 3966 dixit
1121 3946 1189 3967 esse
1214 3946 1344 3968 causam

268 3980 494 4017 generationis,
520 3981 606 4010 litem
634 3991 709 4011 vero
735 3984 962 4022 corruptionis,
987 3996 1022 4016 ex
1056 3996 1123 4027 quo
1149 3987 1285 4023 videtur,
1311 3994 1345 4019 ut

265 4035 437 4067 philosophas
452 4037 515 4061 dicit
536 4037 561 4062 in
579 4045 598 4069 p
621 4034 806 4064 Aristoteles
831 4035 906 4065 dicit
924 4038 953 4066 in
972 4037 1077 4076 primo
1102 4040 1257 4079 metaph„
1282 4043 1344 4069 haec
1359 4053 1383 4074 ⁷5

1401 3329 1447 3353 est
1465 3324 1616 3364 proprius
1634 3322 1768 3354 effectus
1785 3333 1902 3355 causae
1926 3324 2049 3366 primae
2074 3325 2167 3366 quasi
2191 3324 2306 3356 ultima
2330 3322 2436 3355 forma
2452 3329 2485 3355 et

1401 3379 1509 3404 ultimus
1528 3378 1587 3405 finis
1607 3374 1784 3416 (optimum
1813 3376 1845 3406 in
1876 3374 2055 3417 universo),
2079 3381 2211 3418 oportet
2238 3384 2347 3406 rerum
2371 3375 2484 3406 distin·

1401 3426 1544 3456 ctionem
1571 3431 1602 3456 et
1627 3426 1776 3457 ordinem
1802 3436 1872 3457 esse
1897 3427 1928 3458 in
1955 3427 2122 3458 intellectu
2147 3435 2263 3458 causae
2287 3426 2422 3466 primae.
2448 3425 2484 3457 In

1401 3477 1496 3508 rebus
1515 3501 1521 3508 .
1537 3501 1544 3508 .
1560 3501 1566 3508 .
1586 3484 1620 3508 ut
1645 3487 1740 3518 supra
1765 3484 1935 3510 ostensum
1952 3484 2010 3510 est.
2036 3478 2069 3510 Si
2093 3478 2191 3519 igitur
2215 3487 2254 3508 ex
2272 3482 2351 3508 rebus
2370 3476 2484 3510 formis

1401 3538 1486 3568 quae
1518 3535 1592 3559 sunt
1623 3529 1654 3559 in
1687 3529 1855 3560 intellectu
1880 3533 2036 3566 proveniunt
2061 3527 2284 3570 (proveniant)
2315 3538 2364 3560 res
2395 3534 2484 3561 extra

1401 3579 1542 3610 animam
1569 3580 1600 3610 in
1626 3580 1675 3610 his
1691 3589 1776 3620 quae
1801 3589 1858 3621 per
1882 3579 2084 3611 intellectum
2109 3586 2260 3620 aguntur,
2285 3585 2441 3620 poterunt
2465 3590 2483 3611 a

1402 3630 1503 3670 prima
1530 3640 1625 3661 causa
1650 3630 1837 3662 immediate
1862 3631 1984 3662 causari
2011 3630 2103 3671 plura
2120 3636 2151 3662 et
2171 3630 2307 3668 diversa,
2331 3640 2398 3662 non
2423 3631 2482 3662 ob-

1400 3686 1503 3712 stante
1520 3682 1536 3698 *
1550 3681 1658 3712 divina
1675 3681 1892 3722 simplicitate.
1909 3686 2043 3722 propter
2059 3690 2159 3722 quam
2186 3691 2287 3719 ponunt
2311 3683 2481 3719 (mundum)

1400 3737 1520 3762 ominem
1549 3738 1682 3770 quendum
1712 3737 1888 3763 secundarum
1917 3743 2056 3762 :amarum
2085 3737 2115 3762 di
2141 3744 2230 3763 rerum
2261 3735 2439 3763 divertium
2467 3743 2482 3762 ι

1401 3788 1458 3813 neo
1477 3789 1578 3814 caus-ri
1599 3783 1746 3825 (quidam
1766 3784 1799 3815 in
1824 3782 2021 3824 praedictam
2045 3784 2247 3825 positionem
2271 3782 2480 3821 inciderunt.)

1401 3836 1419 3874 §
1436 3835 1527 3866 item.
1546 3835 1642 3866 Actio
1656 3859 1663 3866 .
1679 3859 1685 3866 .
1701 3859 1708 3866 .
1723 3844 1809 3866 casu.
1831 3838 1862 3864 Si
1881 3838 1966 3872 igitur
1987 3835 2075 3866 Deus
2089 3834 2228 3878 (autem)
2245 3841 2292 3866 est
2309 3843 2408 3875 agens
2423 3843 2482 3875 per

1402 3886 1616 3923 intellectum,
1642 3893 1676 3917 ut
1701 3891 1870 3918 ostensum
1894 3891 1951 3917 est.
1978 3886 2046 3918 Nec
2071 3894 2180 3928 potest
2203 3888 2274 3918 eius
2299 3886 2386 3918 actio
2410 3895 2480 3918 esse

1402 3938 1548 3974 casualis,
1574 3947 1650 3969 cum
1675 3947 1743 3968 non
1761 3938 1863 3978 possit
1880 3938 1912 3968 in
1937 3948 1993 3968 sua
2019 3941 2148 3971 actione
2164 3939 2316 3976 deficere,
2341 3951 2388 3971 nec
2408 3943 2480 3978 quod

1401 3998 1441 4017 cst
1461 4000 1507 4025 pei·
1526 3993 1648 4018 accidens
1660 3993 1816 4025 poenitente
1829 3998 1888 4017 ante
1908 3993 1932 4018 id
1953 3994 2025 4027 quod
2044 4000 2084 4020 est
2103 4002 2150 4027 per
2168 4001 2206 4022 oe.
2226 3989 2368 4032 Oportet
2383 3990 2481 4032 Igitur

1402 4039 1492 4080 quod
1513 4051 1568 4070 reu«
1588 4043 1706 4077 aliquam
1732 4038 1892 4080 producat
1915 4039 2067 4072 effectum
2100 4050 2196 4073 suum
2225 4052 2263 4073 ex
2293 4042 2356 4073 hoc
2389 4041 2480 4083 quod

2511 1529 2563 1553 39*
2576 1522 2732 1554 ινδ-Μῦν

2513 2147 2565 2172 29'
2578 2141 2626 2165 ba.

2510 3693 2599 3723 Αηιο..
2613 3694 2660 3716 Α·
2696 3723 2698 3725 ¹

2508 3720 2596 3743 irat.
