2664 4120
211 306 342 347 quoties
359 305 390 337 S.
408 306 555 340 Thomas
570 306 605 337 in
627 305 722 336 initio
739 311 771 336 et
786 305 852 336 fine
867 306 933 336 loci
955 309 1129 347 suppressi.
1155 319 1194 339 va
1219 311 1292 350 qui-

211 351 287 382 dem
304 350 429 382 Uccelli
444 356 532 381 recte
551 350 661 382 scribit
679 348 753 392 (nisi
774 350 865 390 quod
881 351 982 381 semel
997 352 1106 391 ipsum
1129 363 1189 393 pro
1208 354 1294 385 unde

210 395 318 432 sumit,
349 395 387 431 11,
417 405 488 432 xxx,
513 395 575 435 48’
599 395 620 425 b
636 403 697 434 40:
734 393 766 425 S.
792 395 855 425 Th.
877 404 918 425 va
945 395 1000 426 Ex
1025 402 1180 438 utroque;
1211 398 1291 429 Ucc.

215 440 309 471 Unde
324 449 367 471 ex
383 440 537 481 utroque)
554 439 611 471 sed
630 439 858 480 interpretatur
883 439 990 470 vadat.
1020 441 1189 478 Quantum
1214 452 1292 473 vero

211 484 252 516 ad
276 489 339 520 cat,
356 485 466 515 scribit
488 489 551 520 eat,
577 483 695 515 eodem
719 493 827 521 sensu,
844 484 896 514 vel
912 489 969 514 tot.
987 491 1042 515 aut
1061 491 1174 521 totum,
1200 487 1292 526 quasi

209 529 405 570 significaret
434 534 538 560 totum
566 529 746 560 omittatur.
777 529 813 559 ln
843 529 988 559 Miniana
1021 536 1069 560 ter
1107 531 1292 561 invenimus

210 582 297 605 recte
313 574 470 614 scriptum
493 579 557 610 cat,
574 574 631 605 sed
653 574 789 615 singulis
804 574 929 604 vicibus
953 574 1103 605 Romana
1119 575 1216 605 habet
1239 581 1294 606 eat

208 619 260 650 vel
283 624 340 650 tot.
365 618 600 660 subiungimus
623 619 697 650 loca
719 619 909 660 principalia
926 628 1010 659 quae
1033 629 1066 650 se
1091 619 1233 650 referunt
1253 619 1293 650 ad

208 664 293 694 hanc
311 672 437 694 vocem.

264 756 281 787 Ι,
296 763 373 788 xxxn,
392 757 442 782 ro*
455 766 470 782 a
491 749 534 790 34.
554 757 665 782 Miniuna
689 757 736 784 Vct.
748 757 820 782 Nam
833 757 916 790 prior
930 755 1120 789 praedicatio.
1134 774 1140 781 .
1152 774 1158 781 .
1172 756 1294 782 univoce.

209 803 264 827 cat.
283 799 416 835 (Romana
434 800 499 836 eat).
669 805 672 807 '

263 846 327 879 Cap.
346 854 400 878 un,
422 847 472 871 τι*
485 854 502 872 a
515 847 539 876 3.
559 851 621 880 post
632 854 727 872 vocem
741 849 834 876 extra,
846 846 908 871 Min.
921 850 1008 872 notate
1029 855 1042 868 ε
1057 845 1129 871 Haec
1146 846 1235 870 omnia
1247 844 1293 870 ha-

210 890 304 916 bentur
316 891 343 916 in
355 891 520 924 autographo
531 892 619 917 deleta
626 892 705 917 ducto
715 892 817 917 calamo
828 897 875 924 per
884 898 992 915 omnem
1002 890 1148 923 marginem
1158 890 1292 915 columna-

208 942 281 960 rum:
305 936 413 969 insuper
432 936 536 962 duobus
558 937 584 962 in
607 936 671 962 locis
697 936 827 961 adnotatis
845 935 906 971 'istis
925 934 1018 960 litteris
1036 942 1072 960 va
1091 941 1133 964 va,
1153 941 1249 967 nempe
1268 933 1295 958 in

210 979 337 1013 principio
355 985 382 1005 et
399 981 425 1005 in
450 988 557 1006 summo
575 981 694 1014 margine
713 980 852 1005 columnae
877 978 1021 1004 contrariae
1046 979 1164 1012 paginae.
1184 978 1295 1003 Duobus

210 1024 299 1049 itidem
317 1025 344 1050 in
359 1025 425 1050 locis
444 1025 500 1051 aliis
519 1025 649 1051 adnotatis
667 1025 724 1050 istis
743 1028 789 1051 cat
806 1028 853 1050 cat
869 1031 966 1058 nempe
985 1024 1011 1049 in
1029 1023 1081 1049 fine
1101 1024 1238 1057 utriusque
1250 1031 1295 1049 οο-

211 1069 318 1095 lumnne
329 1078 355 1094 ι.
366 1083 387 1090 -
401 1069 520 1096 Romam
539 1070 606 1096 hanc
623 1074 713 1095 notam
732 1070 769 1095 sic
787 1069 922 1095 reformat.
942 1079 955 1092 ε
971 1069 1042 1094 Haec
1060 1069 1148 1094 omnia
1167 1068 1296 1094 habentur

212 1114 238 1140 in
256 1114 421 1148 autographo
440 1115 526 1140 deleta
545 1115 623 1140 ducto
642 1115 744 1141 calamo
762 1122 810 1148 per
827 1119 915 1140 totum
933 1113 1080 1147 marginem
1098 1114 1296 1145 columnarum;

211 1159 319 1192 insuper
337 1159 442 1186 duobus
461 1160 486 1185 in
506 1160 570 1187 locis
593 1159 789 1193 conspiciuntur
811 1159 909 1193 scripta
925 1158 1008 1184 verba
1031 1166 1074 1188 να,
1093 1165 1137 1188 να,
1156 1166 1252 1191 nempe
1270 1158 1297 1183 in

212 1212 320 1230 summo
338 1205 456 1238 margine
474 1205 613 1238 utriusque
635 1205 783 1237 columnae,
809 1210 835 1230 et
857 1205 884 1230 in
907 1203 959 1229 fine
984 1211 1076 1229 earum
1098 1207 1153 1230 ear.
1175 1207 1228 1229 eat.
1243 1212 1259 1227 ›
1277 1217 1297 1223 -

212 1248 306 1275 Obiter
324 1255 447 1275 notamus
466 1249 539 1282 quod
557 1249 601 1275 ille
621 1258 635 1272 ‹
652 1250 747 1275 ductus
766 1249 859 1275 calami
874 1259 888 1272 ι
908 1256 962 1274 non
981 1248 1014 1273 ad
1033 1248 1174 1274 delendum
1194 1249 1296 1281 positus

212 1292 267 1325 suit,
282 1294 331 1320 sed
349 1294 382 1319 ad
400 1295 616 1328 transcriptorem
636 1294 787 1320 ducendum
807 1301 838 1319 ex
856 1301 904 1319 να·
922 1293 949 1319 in
968 1296 1036 1320 -ι-αῒ.

266 1338 297 1370 ll,
315 1345 393 1370 nvn,
409 1337 554 1372 54⁸11226.
575 1339 641 1364 Rem
662 1339 688 1364 in
708 1338 988 1372 his-..perveniendi
999 1337 1038 1363 ad
1047 1338 1144 1371 finem.
1157 1337 1218 1363 Min.
1238 1341 1298 1362 ante

175 1409 186 1411 u
219 1394 302 1409 κ·”“”

2384 260 2418 285 XI

1347 315 1412 340 Item
1434 317 1508 349 ponit
1526 317 1592 342 hanc
1611 324 1712 344 notam:
1733 330 1746 342 α
1764 322 1820 351 Hic,
1840 327 1941 355 praeter
1959 324 2110 350 decussatas
2130 326 2235 357 litteras,
2248 327 2356 353 habetur
2375 331 2415 354 ad-

1346 364 1466 385 notatum
1482 361 1594 386 verbum
1612 370 1654 391 va,
1674 371 1769 396 nempe
1792 366 1964 392 reficiendum
1979 375 2002 398 »ς
2022 374 2049 393 et
2071 375 2132 402 post
2144 371 2238 404 finem,
2258 371 2323 397 hanc
2342 374 2418 399 aliam

1346 408 1445 433 notam.
1466 414 1480 428 ‹-
1496 406 1543 430 Hic
1557 407 1694 432 adnotatur
1705 409 1815 434 verbum
1830 413 1877 439 tot,
1891 413 1963 444 quod
1976 421 2024 446 ego
2043 414 2198 447 interpretor
2210 419 2304 448 totum,
2324 426 2418 452 nempe

1345 452 1432 472 totum
1451 449 1626 474 omittendum
1645 452 1677 476 ab
1701 455 1892 480 amanuensi».
1912 456 1951 480 Ad
1974 456 2042 482 hunc
2067 459 2153 484 locum
2178 460 2296 487 Romana
2318 464 2418 488 nullam

1347 491 1542 518 adnotationem
1566 496 1679 527 apponit,
1700 497 1747 521 sed
1767 498 1917 530 simpliciter
1936 501 2010 533 legit:

1347 536 1474 562 veniendi
1490 538 1529 563 ad
1539 539 1634 571 finem.
1655 543 1740 565 totum
1754 550 1778 566 ›.

1401 581 1519 611 Miniana,
1539 590 1565 615 p.
1589 582 1646 615 125,
1666 585 1699 609 ad
1718 584 1836 611 scholion
1854 587 1923 613 God.
1942 589 1974 614 de
1999 590 2131 622 Fontibus.
2151 599 2238 620 notat:
2258 605 2272 619 ι
2287 598 2310 621 Α
2333 597 2419 622 verbis

1346 624 1371 649 si
1389 625 1454 651 haec
1473 633 1538 651 vera
1557 634 1611 652 ecc.
1630 629 1755 660 usquein
1768 629 1856 662 finem,
1870 633 1958 658 omnia
1975 634 2042 659 linea
2054 640 2201 662 transversa
2221 646 2280 664 sunt
2298 642 2381 666 deleta
2394 643 2420 666 in

1347 669 1414 699 cod.,
1433 670 1515 695 verbo
1535 679 1568 696 να
1580 675 1659 697 ..cat
1678 680 1692 697 e
1711 674 1817 707 regione
1835 677 1930 708 posito,
1950 678 2048 703 scilicet
2066 684 2144 705 vacat
2156 690 2173 706 a
2190 683 2334 715 scriptione
2349 695 2372 710 ».
2393 688 2420 711 ln

1349 713 1476 743 Romana,
1501 714 1606 740 Scholia
1629 725 1656 749 p.
1675 724 1700 749 4.
1720 718 1812 743 eadem
1836 724 1896 744 nota
1916 721 1954 746 sic
1972 730 2001 746 se
2024 722 2114 748 habet:
2135 734 2148 748 α
2163 726 2184 749 Α
2210 727 2295 752 verbis
2314 729 2338 753 si
2355 730 2420 755 haec

1348 765 1413 783 vera
1432 766 1485 783 ecc.
1504 766 1591 792 usque
1611 759 1637 784 in
1656 759 1744 792 finem,
1763 763 1851 788 omnia
1870 763 1937 789 linea
1954 770 2102 791 transversa
2121 774 2182 793 sunt
2201 769 2284 795 deleta
2303 772 2327 796 in
2347 773 2420 804 God.,

1348 802 1435 826 verbis
1455 807 1600 828 ita-..eat
1618 811 1632 830 e
1650 805 1757 837 regione
1781 807 1872 838 positis
1879 815 1886 839 3
1906 815 1974 840 quae
1998 809 2062 842 sigla
2086 811 2240 844 interpretor
2263 815 2347 839 vadat
2369 819 2421 846 eat,

1348 854 1444 879 nempe
1463 847 1608 873 omittatur
1623 859 1647 874 ι.

2031 511 2044 525 α
2061 511 2094 528 να
2116 504 2188 531 Item.
2203 506 2229 530 ίη
2249 506 2291 532 his
2302 527 2308 532 .
2319 525 2326 532 .
2337 526 2344 532 .
2355 515 2418 540 per-

1405 931 1453 961 Ex
1470 931 1562 962 dictis
1579 939 1712 973 apparet
1728 934 1819 974 quod
1833 937 2036 977 transcriptio
2054 939 2238 971 Uecelliana
2262 952 2328 972 non
2349 950 2421 983 pot-

1350 981 1396 1005 est
1413 976 1515 1016 accipi
1531 982 1567 1007 ut
1582 977 1685 1008 fidelis
1708 978 1917 1019 reproductio
1934 982 2137 1024 Autographi
2153 985 2298 1016 Vaticani
2314 989 2422 1028 quoad

1350 1030 1388 1050 ea
1401 1029 1484 1060 quae
1501 1020 1605 1052 deleta
1621 1028 1705 1054 sunt.
1724 1023 1922 1056 Conandum
1938 1027 2034 1067 igitur
2047 1034 2112 1059 erat
2123 1035 2159 1059 ut
2175 1030 2236 1060 alia
2250 1038 2421 1071 pararetur.

1350 1064 1451 1103 Quod
1474 1072 1632 1106 praestare
1656 1069 1765 1099 conati
1788 1078 1900 1101 sumus
1924 1071 1957 1101 in
1984 1078 2094 1103 nostra
2116 1074 2315 1114 Appendice.
2341 1077 2422 1108 Infra

1350 1119 1427 1140 vero
1454 1111 1489 1140 in
1519 1111 1579 1141 hac
1607 1111 1819 1150 praefatione,
1848 1124 1880 1155 p.
1904 1125 2031 1156 xxxvm,
2054 1119 2198 1150 tabulam
2225 1120 2424 1162 exhibemus-²

1350 1155 1502 1185 minutim
1526 1156 1723 1188 indicantem
1753 1168 1913 1198 quaenam
1937 1166 2043 1200 partes
2073 1162 2230 1194 definitivi
2259 1170 2363 1196 textus
2388 1167 2422 1197 in

1350 1199 1422 1240 ipso
1439 1200 1534 1230 nobis
1557 1208 1763 1233 conservatae
1788 1204 1859 1234 sint.
1885 1204 1920 1234 ln
1945 1206 2147 1246 Appendice,
2171 1217 2204 1249 p.
2221 1208 2270 1249 4*‚
2294 1210 2355 1240 alia
2377 1217 2423 1241 ta-

1351 1244 1428 1274 bula
1451 1244 1634 1276 invenietur
1658 1255 1742 1286 quae
1766 1257 1954 1288 processum
1979 1250 2128 1282 describit
2152 1262 2219 1293 quo
2243 1263 2300 1294 per
2323 1256 2423 1286 varias

1351 1290 1635 1320 transmutationes
1659 1291 1690 1322 S.
1709 1291 1854 1323 Thomas
1870 1303 1965 1325 suum
1983 1296 2125 1335 primum
2141 1298 2296 1338 scriptum
2313 1299 2352 1329 ad
2368 1299 2423 1330 de-

1352 1332 1511 1364 finitivam
1534 1334 1672 1366 formam
1694 1336 1889 1376 perduxerit.

1299 1431 1354 1470 3.⁰

1070 1516 1156 1556 DE
1193 1512 1580 1556 TRADITIONE

424 1623 480 1649 ‘rst
512 1611 553 1649 in
585 1611 818 1662 autographi
849 1611 1068 1662 praesentia
1104 1610 1301 1649 traditioni

222 1668 239 1677 ⁶
439 1664 524 1702 eius
557 1677 641 1703 non
673 1673 872 1716 competat
904 1665 965 1703 ius
999 1664 1299 1716 interloquendi,

215 1617 425 1816 Β
439 1718 610 1769 ideoque
652 1718 837 1757 codicum
883 1719 1036 1758 collatio
1079 1719 1130 1757 ad
1171 1726 1300 1769 partes

272 1812 277 1821 ι
440 1780 547 1811 extra
577 1772 793 1822 fragmenta
825 1773 1068 1823 autographa
1100 1781 1300 1811 versantes

216 1825 391 1876 restringi
408 1826 610 1876 potuisset,
629 1826 749 1865 officii
766 1835 899 1865 tamen
924 1827 1046 1866 nostri
1075 1839 1160 1865 esse
1187 1826 1299 1865 duxi·

216 1891 318 1927 mus,
339 1891 480 1917 omnes
505 1879 740 1928 examinare,
762 1881 945 1931 antiquos
968 1889 1006 1918 et
1030 1881 1214 1928 iuniores,
1234 1893 1300 1919 eo-

216 1945 387 1984 rumque
401 1941 552 1972 textum
567 1946 659 1972 cum
675 1935 901 1973 authentico
909 1947 1151 1986 comparare.
1164 1934 1299 1973 Primo

215 1986 377 2039 quidem
408 1987 485 2026 hoc
514 1988 780 2027 necessarium
799 1997 891 2035 erat,
921 1997 964 2027 ut
992 1988 1061 2040 qui
1089 1989 1190 2027 inter
1216 1996 1299 2027 tan-

217 2049 297 2080 tam
325 2041 618 2080 multitudinem
647 2042 768 2080 textui
802 2043 842 2081 in
877 2044 912 2080 A
939 2042 1135 2081 deficienti
1168 2055 1300 2080 recen-

215 2095 340 2134 sendo
369 2095 543 2134 utiliores
563 2096 702 2143 forent,
727 2096 810 2147 ipse
829 2098 978 2135 Auctor
999 2096 1198 2135 indicaret.
1220 2097 1299 2135 Sed

215 2148 306 2188 finis
325 2149 550 2200 principalis
563 2150 718 2199 longius
731 2150 1006 2201 prospiciebat,
1021 2159 1111 2188 ante
1126 2158 1164 2188 et
1182 2158 1298 2188 retro.

216 2202 569 2241 Consideravimus
597 2215 773 2254 namque
802 2205 911 2254 quod
945 2216 1048 2255 quae
1076 2204 1197 2242 textui
1234 2216 1299 2242 au-

216 2255 389 2295 thentico
410 2257 601 2296 Summae
626 2265 761 2296 contra
781 2258 952 2296 Gentiles
975 2271 1047 2308 per
1065 2258 1298 2308 scriptorum

217 2312 355 2351 oculos
392 2319 430 2349 et
467 2312 665 2350 calamum
699 2312 916 2350 transeunti
949 2311 1184 2359 acciderunt,
1219 2312 1301 2350 aliis

218 2363 418 2415 scripturis
445 2365 677 2403 authenticis
706 2365 791 2404 eius
818 2366 1007 2416 temporis
1026 2365 1202 2404 accidere
1229 2378 1300 2416 po—

216 2426 387 2465 tuerunt,
417 2418 544 2457 immo
573 2419 808 2458 debuerunt.
841 2419 1170 2470 Transcriptionis
1202 2420 1300 2458 acci-

218 2472 350 2510 dentia
369 2473 419 2510 ab
448 2472 580 2511 indole
599 2481 636 2510 et
663 2485 834 2524 persona
852 2473 1050 2524 scriptoris
1074 2485 1156 2512 non
1186 2486 1300 2512 eous-

218 2538 297 2577 que
326 2526 562 2576 dependent,
596 2526 694 2577 quin
726 2527 850 2577 magis
879 2535 917 2565 et
949 2527 1210 2566 universalius
1242 2540 1300 2566 re-

217 2587 360 2630 gantur
376 2592 449 2630 per
467 2580 712 2620 conditiones
731 2581 822 2619 artis
841 2580 1030 2628 librariae,
1046 2594 1146 2632 quas
1160 2594 1300 2620 omnes
1326 2590 1328 2599 ·

217 2633 413 2672 subibant.
449 2635 599 2673 Nactos
631 2647 724 2684 ergo
757 2635 980 2674 facultatem
1017 2635 1300 2686 iuxtaponendi

218 2687 426 2739 proprium
445 2687 591 2726 summi
612 2689 782 2727 auctoris
796 2697 946 2727 textum
966 2698 1004 2727 et
1017 2689 1212 2727 variantes
1231 2701 1302 2740 per

219 2742 425 2792 scriptores
462 2741 718 2789 introductas,
752 2743 919 2794 puderet
950 2755 1024 2781 nos
1060 2743 1300 2781 rarissimam

218 2793 394 2833 discendi
422 2796 672 2834 occasionem
702 2796 926 2846 neglexisse.
957 2797 1033 2834 Per
1064 2805 1200 2835 notam
1233 2809 1300 2834 va-

218 2848 404 2887 riantium
425 2849 579 2888 traditio
609 2850 748 2888 citatur
774 2858 812 2888 et
838 2849 983 2888 sistitur
1014 2859 1103 2888 ante
1131 2850 1301 2888 tribunal

218 2902 357 2940 iudicis
376 2903 516 2941 ultimo
535 2904 805 2954 competentis,
825 2903 951 2942 immo
980 2912 1069 2942 ante
1097 2904 1229 2954 ipsum
1248 2906 1300 2942 le-

219 2955 452 3005 gislatorem,
481 2956 546 2994 cui
574 2969 656 2996 non
684 2959 814 2995 solum
844 2957 1079 3008 scriptorum
1108 2966 1145 2995 et
1173 2970 1300 2996 corre-

220 3018 375 3048 ctorum
403 3010 554 3060 placita,
575 3011 644 3048 sed
673 3011 790 3049 etiam
818 3011 1008 3062 principia
1028 3011 1210 3049 scientiae
1229 3012 1300 3050 cri-

220 3063 329 3110 ticae,
358 3064 548 3111 methodi,
584 3073 791 3111 conventa,
821 3077 1100 3116 quaecumque
1128 3065 1302 3104 subsidia

220 3117 326 3156 vices
354 3119 691 3168 autographorum
711 3118 933 3157 absentium
961 3128 1110 3168 gerunt,
1140 3119 1301 3157 obedire

220 3171 364 3213 debent
383 3179 420 3209 et
448 3172 598 3219 cedere,
619 3172 718 3210 sicut
741 3173 1010 3223 praesumptio
1039 3174 1215 3222 cognitae
1235 3186 1301 3211 ve-

221 3224 330 3262 ritati.
362 3225 571 3263 Criterium
600 3234 754 3264 tenetur
785 3239 867 3264 non
901 3228 1029 3265 solum
1064 3227 1300 3265 variantium

220 3279 288 3316 sed
317 3278 562 3317 criteriorum
582 3279 711 3327 etiam,
731 3279 799 3317 ubi
828 3280 989 3331 propria
1008 3289 1216 3319 auctorum
1242 3281 1302 3321 ‚lit-

219 3338 302 3370 tera
327 3332 531 3371 veritatem
560 3333 686 3372 dictat.
716 3335 811 3371 Non
840 3334 1006 3372 deerunt
1036 3335 1123 3372 loca
1157 3334 1302 3384 quibus

219 3385 488 3424 firmissimam
503 3387 867 3438 praesumptionem
877 3387 1049 3426 criticam
1064 3401 1144 3426 non
1161 3396 1302 3438 aparte

220 3440 452 3491 autographi
480 3441 601 3479 nostri
629 3449 729 3480 stare
756 3441 920 3481 videbis.

276 3493 390 3532 Circa
420 3494 670 3533 traditionem
709 3508 811 3545 quae
847 3495 1010 3533 nomine
1047 3511 1066 3529 κ
1093 3495 1257 3533 iunioris
1279 3511 1298 3529 »

222 3549 324 3585 male
353 3548 472 3595 audit,
501 3561 689 3598 quaerere
726 3549 813 3587 licet
841 3562 892 3587 an
921 3561 1088 3600 operum
1123 3550 1161 3587 S.
1192 3550 1301 3586 Tho-

1355 1613 1456 1652 sint‘?
1490 1614 1532 1652 Si
1560 1614 1782 1652 consideras
1810 1624 1907 1664 quot
1935 1619 2088 1654 saecula
2116 1618 2268 1656 codices
2297 1620 2427 1668 hagio-

1353 1668 1597 1718 graphorum
1617 1676 1654 1705 et
1673 1668 1924 1709 classicorum
1941 1671 1990 1707 ab
2010 1672 2259 1721 autographis
2278 1672 2426 1721 distent,

1354 1730 1392 1760 et
1419 1730 1552 1760 tamen
1572 1721 1624 1759 ob
1645 1722 1913 1772 antiquitatem
1933 1724 2150 1771 laudentur,
2181 1733 2217 1762 et
2245 1726 2327 1764 iure
2347 1739 2427 1765 me—

1354 1776 1508 1825 ritoque
1537 1775 1669 1823 magni
1703 1775 1810 1823 fiant,
1844 1777 1940 1826 quin
1974 1777 2028 1815 eis
2063 1790 2133 1827 per
2164 1779 2428 1829 antiquiorum

1326 1862 1327 1866 ,
1354 1829 1554 1868 interitum
1582 1829 1710 1866 maior
1737 1838 1840 1867 aetas
1861 1839 1897 1868 et
1916 1831 2121 1869 auctoritas
2149 1842 2348 1880 accrescat,
2368 1846 2429 1871 co-

1354 1883 1460 1922 dices
1489 1882 1712 1933 superstites
1737 1895 1904 1933 operum
1934 1885 2263 1923 Scholasticorum
2292 1899 2429 1925 omnes

1354 1945 1514 1988 propter
1531 1936 1767 1974 vicinitatem
1788 1938 1836 1975 ad
1865 1940 2103 1988 autographa
2132 1939 2343 1978 invidiabili
2364 1953 2430 1979 an—

1354 1991 1528 2042 tiquitate
1548 1990 1721 2040 insigniri
1746 1990 1938 2029 videntur.
1961 1992 2002 2030 Si
2021 2005 2111 2042 ergo
2132 1993 2292 2042 quidam
2318 2003 2430 2032 testes

1356 2045 1547 2083 Summae
1575 2056 1658 2082 non
1686 2053 1776 2082 sunt
1805 2045 2000 2093 audiendi,
2034 2047 2205 2096 profecto
2239 2048 2316 2086 hoc
2348 2061 2429 2086 non

1355 2099 1426 2136 erit
1454 2097 1548 2148 quia
1587 2098 1703 2135 nimis
1740 2098 1938 2137 «iuvenes
1958 2117 1990 2146 »,
2019 2101 2087 2138 sed
2124 2100 2216 2150 quia
2243 2103 2343 2138 male
2372 2115 2428 2139 re-

1355 2153 1552 2204 spondent
1570 2151 1729 2189 criteriis
1749 2153 1860 2190 certis
1889 2161 1925 2191 et
1954 2153 2095 2200 solidis,
2116 2154 2259 2204 quibus
2290 2155 2430 2202 scilicet

1354 2205 1649 2255 antiquissimus
1669 2206 1848 2256 quisque,
1869 2207 1992 2245 immo
2013 2219 2226 2245 consensus
2246 2208 2428 2258 antiquis-

1355 2260 1561 2306 simorum,
1587 2259 1803 2297 satisfacere
1833 2260 1958 2307 debet,
1988 2269 2029 2298 ut
2058 2260 2091 2299 ei
2120 2262 2308 2299 credatur.
2338 2263 2430 2300 Ideo

1355 2326 1485 2364 neque
1515 2321 1620 2351 tanta
1648 2326 1728 2363 qua
1759 2314 1978 2363 gaudemus
2016 2314 2223 2352 multitudo
2252 2323 2428 2353 veterum

1354 2367 1552 2414 codicum,
1572 2379 1702 2417 neque
1730 2367 1902 2417 pericula
1925 2376 1962 2406 et
1990 2368 2243 2406 incommoda
2271 2369 2428 2407 iuniori-

1354 2422 1430 2459 bus
1457 2421 1619 2458 fataliter
1646 2421 1899 2468 inhaerentia,
1932 2435 2062 2472 neque
2096 2430 2350 2471 augmentum
2378 2425 2429 2460 la-

1355 2475 1461 2513 boris
1475 2486 1547 2524 per
1566 2486 1606 2511 se
1625 2487 1769 2525 parum
1785 2475 1957 2522 iucundi,
1974 2488 2137 2515 examen
2159 2487 2296 2514 eorum
2316 2477 2429 2514 nobis

1355 2528 1582 2567 dissuadere
1611 2530 1830 2566 valuerunt.

1410 2584 1493 2620 lam
1521 2590 1636 2620 antea
1654 2583 1769 2631 longa
1797 2591 1834 2620 et
1859 2584 1979 2620 multa
1999 2582 2231 2632 experientia
2261 2595 2332 2620 nos
2361 2584 2429 2620 do-

1355 2644 1488 2674 cuerat
1521 2643 1712 2686 quantum
1753 2636 1847 2674 boni
1882 2636 1980 2673 aeris
2016 2636 2134 2673 effodi
2169 2636 2288 2685 possit
2325 2645 2429 2674 extra

1355 2701 1544 2740 campum
1559 2689 1812 2739 antiquorum
1829 2689 2021 2727 codicum.
2039 2691 2080 2726 ln
2095 2701 2188 2727 casu
2207 2697 2339 2727 nostro
2359 2690 2427 2727 cri—

1355 2744 1496 2782 terium
1526 2743 1720 2781 habemus
1752 2742 1979 2793 scripturam
2014 2742 2202 2780 Auctoris.
2236 2743 2330 2779 Eius
2363 2744 2426 2780 lux

1356 2809 1475 2847 supra
1495 2804 1619 2835 totam
1634 2793 1815 2848 'splendet
1842 2796 2098 2842 traditionem,
2119 2796 2232 2833 etiam
2262 2798 2358 2833 ultra
2387 2796 2426 2833 li-

1355 2851 1469 2889 mites
1506 2851 1825 2900 fragmentorum.
1871 2851 1975 2888 Ultra
2017 2862 2176 2899 quoque
2219 2850 2426 2887 Summam

1356 2904 1651 2955 Apologeticam
1693 2906 1806 2953 longe
1845 2906 1996 2954 lateque
2034 2903 2164 2940 radiat.
2200 2902 2424 2940 Etiamnum

1355 2970 1437 2996 non
1461 2959 1635 3008 poenitet
1662 2970 1746 3004 n05,
1776 2957 1884 3007 quod
1913 2957 1952 2994 in
1981 2956 2236 2994 anterioribus
2256 2956 2427 2993 Volumi—

1356 3012 1473 3054 nibus
1492 3013 1549 3058 ΙΙΙ,
1572 3012 1759 3057 VIII-XII,
1789 3018 1997 3060 postquam
2018 3010 2106 3047 satis
2130 3011 2258 3059 ampla
2286 3017 2428 3046 scruta-

1354 3066 1408 3104 tio
1438 3073 1580 3104 statum
1609 3065 1748 3102 veteris
1776 3072 1901 3101 textus
1930 3065 2175 3109 revelaverat,
2206 3062 2427 3112 saepissime

1356 3120 1407 3158 ad
1435 3119 1630 3157 iuniorem
1654 3118 1900 3166 confugimus
1924 3117 2055 3166 ibique
2079 3125 2226 3153 textum
2250 3124 2426 3153 nostrum

1356 3173 1635 3223 quaesivimus,
1664 3171 1799 3221 utique
1827 3178 1984 3220 propter
2015 3169 2162 3207 criteria
2190 3169 2348 3214 interna,
2377 3169 2428 3205 ab

1356 3235 1478 3264 aetate
1494 3238 1574 3263 non
1589 3224 1859 3275 dependentia.
1876 3225 1961 3261 Nec
1975 3223 2089 3260 nimis
2105 3234 2176 3259 nos
2189 3222 2303 3268 dolet,
2319 3222 2427 3271 quod

1355 3281 1673 3330 praedecessores
1693 3278 1823 3324 nostri,
1843 3289 2059 3327 paucorum
2080 3275 2259 3313 codicum
2278 3274 2428 3312 varian-

1356 3334 1459 3371 tibus
1496 3332 1647 3378 addicti,
1677 3343 1845 3381 quarum
1879 3331 2037 3379 insuper
2067 3329 2331 3377 genealogiam
2363 3341 2428 3365 co-

1355 3399 1541 3436 gnoscere
1561 3398 1642 3423 non
1670 3392 1858 3435 poterant,
1878 3382 2104 3432 prudentius
2129 3394 2211 3418 esse
2240 3382 2428 3430 putabant

1357 3441 1482 3478 varias
1502 3440 1685 3477 lectiones
1705 3438 1777 3475 sub
1797 3445 1901 3475 textu
1922 3435 2098 3473 editionis
2117 3435 2260 3472 Pianae
2281 3442 2427 3480 notare,

1357 3506 1478 3544 quam
1506 3493 1717 3529 immatura
1745 3499 1780 3527 et
1809 3490 2083 3527 insufficienter
2111 3489 2267 3525 suffulta
2296 3500 2426 3525 recen-

1357 3548 1466 3584 sione
1497 3558 1579 3583 rem
1612 3544 1875 3594 praeiudicare
1914 3551 1950 3579 et
1982 3550 2129 3579 textum
2163 3541 2426 3591 provisorium

221 3612 310 3638 mae
339 3602 605 3652 manuscripta
624 3615 717 3640 vere
746 3603 915 3640 recentia
939 3603 1101 3641 existere
1130 3604 1192 3640 vel
1211 3614 1301 3651 pos·
1329 3595 1332 3642 Ι
1357 3608 1533 3645 statuere,
1546 3598 1657 3636 cuius
1672 3597 1842 3634 maxima
1858 3598 1940 3633 laus
1955 3595 2177 3632 consisteret
2192 3595 2231 3632 in
2242 3594 2428 3632 eiectione
