2742 4152
39 881 55 895 ⁰
70 880 128 909 Cup.
143 887 176 903 vn
193 886 255 909 ηιμ

40 907 117 932 5·ss-
131 907 148 930 1.
162 914 190 935 ι4
203 913 255 936 sqq.

37 2812 50 2823 ⁶
63 2811 100 2835 et.
117 2811 252 2835 Commeat.

0 2837 2 2842 ’
37 2843 138 2866 anni,
152 2838 204 2861 init.

41 3435 103 3462 ‘'Cf-
117 3444 141 3462 uz
156 3446 187 3462 iv.

76 3464 112 3488 Cf.
128 3472 151 3488 n.
166 3473 214 3488 xxi.

894 276 1083 314 SUMMA
1114 278 1336 316 CONTRA
1365 281 1641 330 GENTILES,
1674 284 1784 321 CAP.
1807 286 1890 322 XX.

343 348 535 398 Amplius.
557 350 699 388 Nullus
717 359 849 389 motus
873 353 941 402 qui
961 362 1017 391 est
1036 367 1058 392 a
1077 365 1259 394 movente
1282 370 1364 396 cor-

286 413 411 452 poreo
429 410 557 452 potest
575 416 659 441 esse
679 405 889 443 continuus
908 415 945 444 et
964 409 1161 456 regularis:
1188 422 1235 447 eo
1256 412 1364 460 quod

286 466 454 493 movens
487 458 688 507 corporale
726 458 767 496 in
805 467 916 497 motu
944 461 1055 498 locali
1091 471 1226 500 movet
1253 472 1364 501 attra-

286 508 420 546 hendo
442 511 512 560 ‚vel
539 511 787 560 expellendo;
818 512 857 550 id
881 521 1013 551 autem
1038 516 1146 565 quod
1165 516 1366 554 attrahitur

286 563 350 600 vel
367 562 569 612 expellitur
588 576 670 602 non
693 564 735 602 in
753 566 893 604 eadem
912 567 1164 617 dispositione
1183 582 1224 607 se
1247 570 1365 607 habet

285 615 337 652 ad
366 623 592 654 moventem
611 630 636 655 a
652 618 843 669 principio
863 628 995 658 motus
1014 635 1139 672 usque
1159 623 1209 660 ad
1227 622 1362 670 finem,

285 680 380 728 cum
407 669 647 720 quandoque
677 671 723 708 sit
750 674 1021 723 propinquius,
1046 675 1286 725 quandoque
1306 687 1363 712 re-

284 729 447 769 motius;
491 730 528 759 et
570 723 625 761 sic
661 727 815 764 nullum
853 739 996 777 corpus
1033 736 1160 778 potest
1201 740 1362 765 movere

283 784 440 813 motum
472 777 706 815 continuum
739 787 775 817 et
807 782 1035 829 regularem.
1069 782 1203 818 Motus
1231 788 1363 818 autern

282 829 435 879 primus
472 838 529 867 est
561 832 771 870 continuus
804 841 841 871 et
873 834 1067 882 regularis,
1101 842 1144 871 ut
1175 834 1364 883 probatur

283 882 324 920 in
344 884 426 920 VIII
444 884 594 933 Physic.
615 885 635 907 ’¹‘
661 885 779 935 Igitur
806 898 972 924 movens
1000 887 1176 936 primum
1207 895 1363 925 motum

283 948 366 974 non
395 944 451 974 est
479 949 634 987 corpus,

337 991 445 1028 Item.
475 991 618 1029 Nullus
646 1000 778 1030 motus
797 991 866 1042 qui
894 999 950 1029 est
978 992 1029 1029 ad
1056 991 1179 1029 finem
1199 993 1267 1042 qui
1287 993 1362 1030 exit

282 1043 332 1082 de
345 1043 519 1094 potentia
537 1044 578 1082 in
597 1052 740 1092 actum,
759 1052 887 1095 potest
905 1057 988 1083 esse
1007 1053 1235 1095 perpetuus:
1257 1046 1361 1097 quia,

281 1109 373 1135 cum
394 1106 630 1148 perventum
653 1098 766 1136 fuerit
789 1099 839 1136 ad
863 1106 1006 1146 actum,
1027 1107 1159 1137 motus
1187 1100 1360 1150 quiescit.

279 1150 324 1189 Si
339 1163 431 1200 ergo
445 1158 578 1190 motus
596 1151 748 1201 primus
762 1159 819 1189 est
836 1159 1062 1202 perpetuus,
1082 1161 1235 1202 oportet
1253 1155 1363 1204 quod

281 1203 329 1242 sit
356 1204 407 1242 ad
434 1203 559 1242 finem
586 1205 655 1255 qui
683 1205 731 1242 sit
766 1217 923 1255 semper
951 1213 988 1242 et
1019 1206 1205 1244 omnibus
1233 1208 1362 1245 modis

281 1257 322 1295 in
340 1265 441 1296 actu.
462 1258 559 1296 Tale
579 1266 712 1303 autem
726 1270 809 1296 non
824 1266 880 1296 est
894 1258 1054 1310 aliquod
1069 1271 1212 1310 corpus
1232 1273 1361 1311 neque

239 1352 247 1354 -
281 1309 552 1362 aliquawirtus
575 1311 616 1349 in
640 1324 822 1362 corpore:
847 1325 941 1350 curn
969 1313 1104 1351 omnia
1132 1314 1361 1353 huiusmodi

281 1363 357 1403 sint
383 1365 546 1404 mobilia
567 1377 639 1415 per
663 1378 703 1403 se
722 1367 786 1404 vel
808 1378 880 1416 per
906 1367 1097 1405 accidens.
1128 1367 1244 1416 Igitur
1270 1368 1361 1406 finis

278 1417 397 1469 primi
421 1427 554 1458 motus
582 1431 665 1456 non
684 1427 741 1456 est
765 1431 908 1470 corpus
927 1432 1057 1471 neque
1076 1421 1198 1459 virtus
1217 1422 1257 1459 in
1277 1434 1361 1460 cor-

279 1483 389 1523 pore.
419 1472 526 1510 Finis
545 1480 678 1511 autem
697 1472 814 1523 primi
843 1481 975 1511 motus
1003 1482 1059 1512 est
1081 1474 1255 1524 primum
1275 1488 1360 1513 mo-

277 1537 389 1574 -venS,
405 1526 516 1576 quod
533 1534 669 1564 movet
687 1526 786 1564 sicut
799 1527 1063 1565 desideratum
1072 1528 1104 1566 ⁷¹².
1126 1529 1214 1566 Hoc
1228 1537 1360 1567 autern

279 1587 337 1618 est
363 1579 483 1618 Deus.
513 1580 622 1617 Deus
657 1580 772 1629 igitur
807 1593 936 1631 neque
965 1589 1022 1618 est
1058 1594 1202 1632 corpus
1230 1595 1359 1632 neque

278 1630 402 1682 virtus
429 1633 470 1684 in
489 1645 675 1683 corpore.

333 1686 529 1735 Quamvis
556 1689 687 1725 autem
720 1687 863 1725 falsum
895 1688 954 1735 sit,
984 1689 1205 1726 secundum
1236 1689 1359 1727 fidem

245 1759 251 1766 ·
277 1747 464 1788 nostram,
481 1741 590 1791 quod
604 1748 737 1779 motus
756 1741 851 1779 caeli
866 1741 913 1778 sit
930 1749 1155 1792 perpetuuS,
1171 1750 1215 1780 ut
1234 1742 1359 1781 infra*

277 1794 440 1845 patebit;
459 1801 592 1832 tamen
606 1806 748 1832 verum
767 1802 824 1832 est
840 1795 950 1845 quod
964 1803 1096 1834 motus
1110 1795 1172 1834 ille
1191 1809 1273 1834 non
1292 1797 1358 1834 de-

277 1846 383 1886 ficiet
404 1859 534 1898 neque
557 1855 718 1898 propter
740 1847 1013 1898 impotentiam
1033 1849 1208 1897 motoris,
1228 1862 1357 1900 neque

276 1909 438 1952 propter
464 1901 759 1952 corruptionem
796 1902 1031 1940 substantiae
1064 1903 1236 1951 mobilis,
1264 1915 1357 1942 cum

277 1967 360 1994 non
379 1955 558 1993 videatur
580 1963 712 1993 motus
735 1955 831 1993 caeli
855 1967 925 2005 per
949 1955 1242 1994 diuturnitatem
1261 1965 1357 1995 tem-

276 2008 386 2059 poris
413 2010 634 2046 lentescere.
669 2009 783 2047 Unde
821 2009 1172 2048 demonstrationes
1207 2010 1357 2060 praedi-

278 2069 362 2100 ctae
390 2074 505 2100 suam
533 2061 748 2100 efficaciam
776 2074 858 2100 non
885 2062 1066 2112 perdunt.

333 2116 437 2154 Huic
455 2123 589 2154 autem
603 2115 753 2154 veritati
772 2116 1058 2154 demonstratae
1077 2117 1288 2155 concordat
1303 2116 1357 2155 di-

278 2168 371 2208 vina
399 2169 617 2208 auctoritas.
648 2169 799 2207 Dicitur
826 2170 933 2208 enim
956 2171 1066 2208 Ioan.
1083 2173 1170 2208 1v²⁴:
1202 2171 1359 2220 Spiritus

279 2229 331 2261 est
357 2224 472 2270 Deus,
498 2229 532 2260 et
555 2236 618 2261 eos
643 2225 707 2273 qui
729 2236 813 2260 eum
834 2224 1008 2270 adorant,
1029 2225 1066 2261 in
1091 2225 1222 2274 spiritu
1246 2230 1280 2261 et
1298 2237 1358 2262 ve-

279 2277 387 2314 ritate
422 2277 589 2314 adorare
624 2283 779 2327 oportet.
815 2277 966 2315 Dicitur
992 2276 1109 2314 etiarn
1133 2278 1147 2314 I
1179 2279 1274 2315 Tim.
1296 2281 1356 2315 1¹⁷:

335 2400 369 2425 24
387 2393 460 2419 Deus
478 2394 561 2419 semel
579 2400 605 2418 α.
717 2392 748 2418 35
769 2391 848 2427 enim]
868 2397 956 2418 autem
976 2393 1038 2418 αΡε.

334 2436 368 2454 zo
386 2427 482 2463 omnia]
504 2434 653 2462 separatum
679 2429 788 2454 addunt
811 2429 854 2454 rc.

275 2467 304 2490 et
321 2465 406 2499 Aug„-
426 2465 588 2490 vudanorum
606 2465 634 2495 Ζ,
654 2465 839 2490 vadrianorum
857 2464 948 2493 ceteri,
968 2465 1149 2489 Audiam-»rum
1168 2464 1268 2496 Epiph.

278 2499 386 2526 fimi-um
400 2501 424 2531 12,
437 2500 733 2534 antropomorsitarum
752 2501 780 2526 d.
891 2499 924 2525 36
943 2500 970 2525 in
986 2500 1148 2533 incorporeis
1168 2500 1211 2525 Ita
1230 2500 1361 2531 DNWPc;

959 2435 991 2461 27
1011 2427 1174 2462 Tertulliani]
1193 2429 1393 2454 tertulianorum
1411 2428 1444 2459 Υ,
1464 2429 1624 2453 terlanorum
1643 2429 1673 2460 Z,
1695 2428 1829 2454 terculiani
1844 2429 1966 2461 plurimi.

1358 2463 1696 2498 Anthropomorphitarum]
1717 2465 1998 2497 antropomorsicamm
2014 2465 2131 2497 plurimi
2148 2469 2175 2491 et
2192 2473 2215 2497 c,
2234 2466 2312 2491 etiam
2331 2466 2485 2498 troponiori-

2443 289 2488 326 55

1418 361 1522 410 Regi
1546 362 1782 399 saeculorum
1802 365 2014 410 immortali,
2036 366 2219 412 invisibili,
2239 366 2311 403 soli
2326 367 2421 404 Deo.
2444 367 2491 404 Et

1412 414 1531 450 Rom.
1552 417 1616 450 1²⁰:
1646 416 1852 452 Invisibilia
1880 418 1954 453 Dei
1974 430 2047 466 per
2074 431 2119 455 ea
2148 431 2244 468 quae
2263 420 2375 467 facta
2406 426 2491 457 sunt

1419 467 1600 503 intellecta
1623 470 1921 517 conspiciuntur.-
1944 482 2044 518 quae
2068 471 2172 508 enim
2198 484 2279 508 non
2308 469 2395 509 viSu
2421 474 2489 511 sed

1418 518 1610 556 intellectu
1639 520 1940 569 conspiciuntur,
1970 522 2198 572 incorporea
2226 533 2325 562 sunt.

1472 573 1547 608 Per
1565 572 1642 608 hoc
1661 580 1792 610 autem
1811 574 2019 612 destruitur
2037 587 2144 613 error
2166 577 2384 626 primorum
2403 578 2487 628 phi·

1418 625 1675 673 losophorum
1698 626 1945 663 Naturalium
1958 627 1989 674 ²¹²,
2014 629 2082 677 qui
2101 641 2181 666 non
2199 631 2396 679 ponebant
2414 631 2487 669 nisi

1417 688 1554 715 causas
1582 678 1808 726 materiales,
1837 687 1880 716 ut
1907 679 2036 728 ignem
2068 684 2130 719 vel
2158 695 2301 731 aquam
2333 685 2394 720 vel
2422 684 2487 721 ali-

1418 731 1514 779 quid
1542 731 1787 777 huiusmodi;
1826 739 1863 769 et
1891 733 1945 770 sic
1980 733 2106 782 prima
2142 747 2274 772 rerum
2302 736 2486 786 principia

1418 795 1583 833 corpora
1620 785 1814 832 dicebant,
1852 793 1888 822 et
1925 786 2063 823 eadem
2097 788 2290 825 vocabant
2326 789 2431 827 deos.
2462 813 2486 817 —

1378 850 1404 865 ιο
1418 837 1519 874 Inter
1538 850 1638 888 quos
1658 839 1774 876 etiam
1793 838 1956 887 quidam
1974 839 2129 877 fuerunt
2146 849 2334 890 ponentes
2353 854 2488 880 causas

1418 899 1621 928 moventes
1649 893 1854 929 amicitiam
1882 899 1919 929 et
1947 893 2058 929 litem.
2084 893 2164 941 Qui
2190 894 2306 931 etiam
2333 903 2489 944 propter

1417 944 1630 992 praedictas
1655 945 1821 983 rationes
1845 945 2102 983 confutantur.
2132 948 2249 995 Nam,
2269 959 2360 985 cum
2385 948 2429 984 lis
2453 957 2489 986 et

1417 997 1583 1035 amicitia
1611 998 1685 1035 sint
1722 999 1761 1036 in
1798 998 2028 1048 corporibus
2064 1001 2282 1037 secundum
2319 1012 2398 1047 eOS,
2432 1014 2488 1038 se-

1418 1058 1559 1100 quetur
1585 1051 1711 1101 prima
1734 1051 1923 1102 principia
1947 1053 2146 1090 moventia
2169 1065 2252 1090 esse
2271 1053 2429 1091 virtutes
2449 1054 2487 1092 in

1378 1114 1401 1134 ¹⁵
1418 1115 1593 1153 corpore.
1609 1127 1634 1132 -
1650 1105 1725 1155 Ipsi
1740 1105 1856 1143 etiam
1871 1106 2070 1155 ponebant
2084 1107 2215 1144 Deum
2230 1119 2312 1144 esse
2327 1119 2487 1157 compo·

1417 1157 1534 1195 situm
1553 1170 1600 1195 ex
1620 1167 1788 1207 quatuor
1806 1159 2005 1196 elementis
2025 1167 2061 1196 et
2080 1159 2258 1197 amicitia.
2289 1161 2362 1197 Per
2380 1162 2487 1210 quod

1417 1211 1530 1248 datur
1549 1211 1702 1261 intelligi
1722 1212 1830 1261 quod
1849 1221 2066 1262 posuerunt
2093 1214 2224 1251 Deum
2243 1225 2326 1250 esse
2345 1226 2487 1264 corpus

1416 1266 1589 1302 caeleste.
1610 1267 1750 1303 —Inter
1769 1265 1949 1315 antiquos
1968 1274 2100 1303 autem
2120 1268 2225 1304 solus
2239 1268 2487 1316 Anaxagoras

1416 1318 1466 1355 ad
1503 1318 1704 1356 veritatem
1741 1318 1912 1366 accessit,
1942 1332 2092 1369 ponens
2130 1320 2365 1358 intellectum
2403 1333 2486 1359 mo-

1375 1381 1403 1396 ²0
1416 1379 1573 1409 ventem
1603 1372 1747 1410 omnia.

1470 1426 1555 1463 Hac
1582 1425 1699 1463 etiam
1736 1425 1893 1462 veritate
1923 1426 2207 1474 redarguuntur
2232 1426 2390 1475 gentiles
2416 1441 2486 1478 po-

1415 1486 1551 1515 nentes
1570 1478 1654 1528 ipsa
1672 1480 1862 1516 elementa
1881 1479 2020 1516 mundi
2044 1487 2080 1517 et
2102 1479 2261 1517 virtutes
2280 1480 2319 1517 in
2340 1480 2393 1517 eis
2412 1481 2486 1519 exi-

1415 1539 1556 1569 stentes
1579 1532 1675 1569 deos
1690 1544 1786 1578 esse,
1802 1540 1844 1569 ut
1859 1533 1993 1580 solem,
2010 1534 2156 1578 lunam,
2172 1541 2325 1580 terram,
2342 1546 2486 1584 aquam

1415 1593 1452 1622 et
1479 1584 1717 1631 huiusmodi,
1739 1584 1985 1623 occasionem
2006 1586 2191 1624 habentes
2214 1599 2262 1624 ex
2284 1588 2486 1637 praedictis

1374 1651 1398 1672 ος
1414 1638 1743 1689 philosophorum
1772 1638 1978 1676 erroribus.

1469 1691 1676 1729 Praedictis
1718 1691 1834 1729 etiam
1877 1691 2090 1730 rationibus
2127 1693 2385 1731 exeluduntur
2420 1694 2485 1731 de-

1413 1745 1615 1783 liramenta
1637 1745 1658 1767 *
1689 1745 1926 1783 Iudaeorum
1962 1745 2209 1795 simplicium,
2247 1746 2484 1794 Tertulliani,

1413 1798 1682 1836 Vadianorum
1716 1798 1797 1836 sive
1830 1798 2324 1850 Anthropomorphitarum
2353 1801 2485 1839 haere-

1412 1851 1591 1900 ticorum,
1608 1851 1676 1902 qui
1695 1852 1827 1889 Deum
1846 1852 2112 1903 corporalibus
2130 1853 2370 1892 lineamentis
2388 1854 2485 1903 figu-

1374 1920 1400 1940 ιο
1413 1905 1564 1943 rabant:
1595 1917 1750 1942 necnon
1774 1913 1811 1942 et
1837 1906 2173 1951 Manichaeorum,
2195 1907 2263 1956 qui
2286 1908 2484 1957 quandam

1413 1958 1606 1996 infinitam
1625 1958 1721 1996 lucis
1740 1959 1994 1997 substantiam
2013 1972 2084 2009 per
2102 1960 2296 1998 infinitum
2317 1961 2484 2011 spatium

1412 2011 1618 2049 distentam
1646 2012 1778 2049 Deum
1806 2012 2071 2050 aestimabant.

1467 2065 1650 2112 Quorum
1681 2064 1861 2103 omnium
1890 2078 2064 2103 errorum
2094 2065 2164 2103 fuit
2196 2066 2347 2104 occasio
2376 2067 2484 2116 quod

1413 2118 1462 2155 de
1491 2117 1632 2156 divinis
1660 2118 1868 2167 cogitantes
1897 2120 1947 2157 ad
1974 2118 2290 2168 imaginationem
2318 2120 2484 2158 deduce-

1375 2187 1398 2208 ις
1413 2171 1566 2218 bantur,
1587 2183 1658 2221 per
1676 2184 1797 2221 quam
1821 2184 1902 2210 non
1921 2180 2046 2222 potest
2065 2172 2185 2222 accipi
2213 2173 2285 2210 nisi
2313 2173 2485 2223 corporis

1415 2224 1638 2262 similitudo.
1659 2226 1708 2262 Et
1727 2225 1815 2262 ideo
1831 2238 1917 2263 earn
1938 2225 1979 2263 in
1998 2225 2235 2275 incorporeis
2254 2226 2485 2264 meditandis

1416 2278 1684 2328 derelinquere
1714 2286 1876 2329 oportet.
2384 2280 2386 2283 ’

1386 585 1396 606 5

1150 2392 1182 2426 37
1202 2393 1211 2418 1
1230 2392 1302 2419 Tim.
1320 2393 1330 2417 1
1350 2393 1393 2418 Ita
1412 2393 1461 2424 Pc;
1481 2393 1490 2418 1
1509 2392 1565 2418 thit.
1584 2393 1631 2418 ult.
1650 2393 1702 2423 BF,
1720 2393 1767 2419 thi.
1786 2393 1832 2418 ult.
1850 2393 1904 2424 YZ,
1924 2393 1989 2418 infra
2007 2393 2067 2420 Thi.
2085 2394 2178 2419 ultimo
2197 2394 2220 2426 b,
2240 2394 2249 2419 1
2268 2394 2312 2419 thi.
2332 2395 2378 2419 ult.
2397 2395 2487 2420 ceteri.

2073 2429 2106 2455 28
2124 2430 2300 2455 vadianorum
2325 2430 2368 2455 Ita
2390 2431 2487 2456 EXch

1380 2500 1407 2525 in
1425 2501 1559 2534 corporeis
1578 2500 1602 2532 b,
1621 2500 1782 2533 incorporeis
1800 2501 1892 2526 ceteri.

1045 2588 1385 2621 Commentario»
1413 2588 1726 2621 Fen-ariensis

337 2690 485 2712 osraunn
509 2679 646 2711 Sanctus
669 2679 815 2710 Thomas
839 2689 858 2709 a
881 2679 953 2709 Deo
977 2679 1199 2710 universaliter
1226 2688 1360 2710 omnem

283 2692 614 2766 Pcompositionem
638 2724 783 2760 exclusit,
799 2733 899 2760 nunc,
916 2729 953 2754 ut
967 2723 1168 2754 manifestior
1190 2729 1222 2754 et
1245 2724 1361 2754 certior

279 2771 436 2802 habeatur
451 2770 608 2811 cognitio,
621 2769 854 2810 particulariter
865 2768 935 2799 vult
947 2768 1086 2799 diversas
1103 2769 1360 2809 compositiones

281 2814 452 2847 excludere
468 2816 495 2846 “.
521 2814 617 2846 Circa
642 2814 706 2844 hoc
732 2819 842 2844 autem
868 2813 934 2844 duo
958 2813 1048 2844 facit:
1077 2813 1195 2853 primo,
1219 2812 1360 2844 excludit

281 2860 539 2901 compositiones
563 2859 682 2899 quibus
705 2857 829 2899 aliquid
852 2857 969 2888 dicitur
992 2858 1214 2898 compositum
1237 2867 1279 2888 ex
1298 2857 1360 2887 ali-

280 2905 413 2946 quibus;
435 2903 592 2940 secundo,
617 2904 895 2943 compositionem
911 2912 975 2943 qua
991 2902 1114 2943 aliquid
1129 2902 1246 2933 dicitur
1269 2911 1359 2933 com-

280 2951 427 2990 positum
450 2958 523 2980 cum
547 2949 627 2984 alio,
653 2957 723 2988 cap.
740 2958 824 2979 xxvr.

338 2993 433 3025 Circa
455 2994 609 3034 primum,
634 2993 781 3033 quinque
804 2991 894 3022 facit:
918 2992 1036 3032 primo,
1058 2990 1199 3022 excludit
1222 3000 1359 3031 compo-

281 3039 434 3069 sitionem
454 3038 714 3079 quantitativam3
743 3036 899 3073 secundo,
923 3036 1198 3076 compositionem
1221 3045 1259 3066 ex
1283 3045 1359 3076 sup-

280 3084 391 3125 posito
416 3088 448 3113 et
469 3088 593 3119 natura,
614 3092 685 3123 cap.
705 3092 774 3118 xx13
798 3082 904 3118 tertio,
929 3081 1204 3121 compositionem
1228 3090 1266 3111 ex
1290 3090 1359 3111 esse

281 3134 314 3160 et
329 3128 476 3164 essentia,
494 3137 654 3168 cap.xx11;
672 3132 799 3167 quarto,
816 3126 1092 3167 compositionem
1109 3135 1147 3156 ex
1164 3125 1310 3156 subiecto
1328 3130 1360 3156 et

281 3173 458 3209 accidente,
478 3182 549 3213 cap.
566 3182 656 3208 xxn1;
681 3173 808 3213 quinto,
829 3171 1103 3212 compositionem
1124 3180 1163 3201 ex
1185 3179 1303 3210 genere
1328 3175 1359 3200 et

282 3217 471 3254 differentia,
495 3226 568 3258 cap.
584 3227 669 3248 xxxv.

338 3262 507 3301 Quantum
531 3261 573 3292 ad
595 3262 748 3302 primum,
771 3261 885 3291 volens
909 3260 1183 3300 compositionem
1199 3259 1359 3299 quantita-

281 3308 383 3338 tivam
406 3317 424 3337 a
447 3307 520 3337 Deo
545 3306 726 3343 excludere,
750 3306 844 3346 ponit
867 3305 950 3335 hanc
974 3304 1237 3335 conclusionem:
1267 3303 1359 3334 Deus

283 3362 349 3382 non
374 3357 423 3383 est
443 3361 573 3392 corpus.
599 3351 694 3382 Circa
717 3351 801 3381 hanc
825 3355 934 3380 autem
957 3349 1017 3379 tria
1032 3348 1123 3379 facit:
1147 3349 1254 3388 primo
1271 3349 1358 3379 enim

282 3396 324 3427 ad
354 3406 426 3427 eam
458 3397 599 3427 rationes
630 3405 823 3426 communes
852 3393 993 3430 inducit;
1027 3392 1187 3429 secunde,
1218 3394 1358 3424 rationes

281 3441 463 3472 Aristotelis
478 3442 510 3478 *;
534 3441 641 3477 tertio,
665 3440 875 3480 antiquorum
899 3438 1039 3470 excludit
1063 3447 1185 3469 errores
1200 3438 1245 3468 Μ’.

339 3485 362 3516 1.
379 3485 550 3524 Quantum
565 3485 606 3516 ad
620 3485 774 3526 primum,
791 3484 906 3526 arguit
914 3483 1024 3524 primo
1040 3483 1096 3514 sic.
1115 3482 1222 3513 Omne
1240 3491 1358 3522 corpus

282 3535 332 3560 est
354 3531 593 3571 compositum:
618 3530 696 3570 quia
719 3530 924 3561 continuum.
950 3528 1038 3559 Deus
1061 3537 1130 3558 non
1153 3532 1201 3557 est
1221 3536 1358 3567 compo-

283 3575 372 3606 situs.
397 3575 484 3615 Ergo
510 3580 570 3606 etc.

339 3619 500 3650 Secundo.
525 3619 615 3650 Deus
630 3628 700 3649 non
716 3623 764 3649 est
778 3619 812 3649 in
833 3617 988 3659 potentia.
1013 3617 1099 3656 Ergo
1123 3625 1192 3646 non
1215 3620 1263 3646 est
1286 3624 1357 3645 cor-

282 3672 355 3704 pus.
379 3681 403 3686 -
427 3663 634 3695 Antecedens
657 3672 755 3704 supra
777 3668 825 3694 est
846 3662 1029 3703 probatum.
1053 3679 1076 3683 —-
1099 3660 1256 3690 Probatur
1279 3669 1357 3690 con-

1414 2679 1591 2718 sequentia.
1616 2678 1703 2716 Quia
1726 2687 1825 2709 omne
1848 2687 1967 2718 corpus
1991 2683 2038 2708 est
2059 2678 2262 2708 continuum.
2280 2678 2484 2710 Continuum

1414 2729 1524 2754 autem
1547 2728 1595 2753 est
1617 2723 1651 2753 in
1673 2723 1820 2763 potentia
1842 2722 1999 2753 divisibile
2022 2722 2057 2752 in
2080 2721 2252 2752 infinitum.

1470 2766 1534 2798 Sed
1557 2766 1683 2798 videtur
1705 2767 1785 2798 haec
1807 2768 1888 2798 ratio
1912 2776 1980 2797 non
2005 2765 2209 2797 concludere.
2233 2767 2381 2797 Potentia
2396 2767 2483 2798 enim

1414 2821 1498 2852 quae
1514 2817 1562 2842 est
1576 2812 1611 2842 in
1627 2812 1785 2842 continuo
1802 2811 1843 2842 ad
1866 2811 2068 2847 divisionem,
2084 2821 2153 2842 non
2169 2816 2216 2842 est
2230 2812 2375 2851 potentia
2390 2817 2483 2842 natu-

1412 2855 1496 2892 raris,
1520 2861 1556 2887 ut
1579 2861 1668 2897 patet
1695 2857 1730 2887 in
1760 2857 1950 2896 corporibus
1980 2856 2186 2886 caelestibus:
2214 2855 2270 2897 sed
2295 2866 2364 2887 non
2387 2866 2482 2896 repu-

1413 2902 1573 2942 gnantiae.
1598 2901 1676 2932 Esse
1693 2906 1802 2931 autem
1818 2902 1852 2932 in
1867 2901 1939 2931 Deo
1959 2901 2139 2941 potentiam
2162 2910 2230 2931 non
2252 2902 2482 2941 repugnantiae

1413 2955 1482 2977 non
1505 2945 1632 2976 videtur
1654 2955 1834 2986 repugnare
1857 2946 1940 2976 Deo.

1468 2990 1698 3031 Respondetur
1721 2989 1812 3031 quod
1834 2990 1979 3031 potentia
2002 2999 2071 3020 non
2093 2990 2323 3030 repugnantiae
2347 2995 2394 3020 est
2423 2989 2482 3020 du-

1413 3035 1504 3075 plex:
1529 3045 1604 3072 una,
1629 3044 1713 3075 quae
1736 3035 1833 3066 habet
1856 3034 2104 3066 fundamentum
2127 3035 2161 3064 in
2179 3035 2303 3064 ratione
2318 3035 2481 3074 potentiae

1413 3080 1550 3116 activae;
1571 3080 1642 3115 alia,
1659 3089 1743 3120 quae
1758 3080 1854 3110 habet
1869 3079 2117 3110 fundamentum
2133 3080 2166 3109 in
2181 3079 2303 3109 ratione
2318 3079 2481 3118 potentiae

1412 3125 1566 3165 passivae.
1591 3125 1731 3155 Primam
1750 3124 1931 3165 potentiam
1949 3133 2017 3154 non
2040 3124 2269 3163 repugnantiae
2284 3132 2352 3153 non
2367 3123 2481 3153 incon—

1412 3169 1501 3200 venit
1523 3169 1595 3200 Deo
1619 3169 1801 3204 attribuere,
1826 3174 1904 3209 puta
1927 3167 2017 3208 quod
2039 3168 2127 3198 Deus
2150 3167 2191 3198 sit
2213 3167 2247 3197 in
2269 3167 2414 3207 potentia
2441 3167 2481 3198 ad

1412 3213 1664 3254 productionem
1687 3214 1816 3244 alterius
1838 3212 1969 3244 mundi:
1994 3213 2069 3252 quia
2092 3213 2237 3252 potentia
2259 3212 2360 3242 activa
2376 3211 2480 3252 perfe-

1413 3259 1556 3289 ctionem
1580 3258 1666 3289 dicit.
1691 3257 1755 3289 Sed
1777 3259 1860 3288 bene
1883 3258 2115 3288 inconveniens
2139 3261 2186 3286 est
2208 3256 2280 3286 Deo
2310 3256 2480 3287 attribuere

1412 3302 1589 3334 secundam
1605 3303 1800 3343 potentiam:
1818 3312 1858 3333 eo
1875 3301 1965 3342 quod
1980 3301 2124 3342 potentia
2139 3301 2272 3340 passiva,
2286 3301 2480 3341 inquantum

1412 3347 1610 3383 huiusmodi,
1624 3347 1708 3378 dicat
1719 3347 2009 3387 imperfectionem.
2022 3346 2169 3376 Potentia
2181 3350 2289 3375 autem
2300 3354 2368 3375 non
2384 3355 2480 3386 repu—

1411 3392 1561 3432 gnanfiae
1576 3391 1617 3423 ad
1633 3392 1825 3423 divisionem
1840 3392 1874 3422 in
1890 3392 2047 3422 continuo
2070 3389 2222 3420 fundatur
2241 3399 2338 3430 super
2356 3390 2480 3421 ratione

1411 3438 1575 3477 potentiae
1598 3437 1752 3477 passivae.
1777 3435 1853 3467 Ideo
1877 3436 1960 3466 hanc
1983 3435 2054 3465 Deo
2078 3434 2248 3464 attribuere
2264 3439 2311 3464 est
2325 3434 2480 3465 inconve-

1411 3482 1514 3512 niens.
1540 3481 1627 3512 Cum
1651 3481 1738 3511 enim
1761 3482 1801 3511 sit
1816 3490 1874 3521 per
1888 3480 2030 3519 seipsum
2045 3487 2176 3509 necesse
2193 3487 2271 3514 esse,
2287 3488 2356 3509 non
2372 3478 2480 3509 solum

1411 3535 1480 3556 non
1503 3526 1600 3556 habet
1622 3526 1656 3556 in
1679 3535 1713 3556 se
1736 3525 1915 3555 naturalem
1938 3523 2118 3563 potentiam
2133 3522 2173 3553 ad
2187 3522 2376 3563 patiendum
2400 3522 2480 3554 divi-

1412 3571 1549 3606 sionem,
1574 3579 1687 3600 verum
1711 3570 1807 3600 etiam
1829 3568 1909 3599 nihil
1931 3569 1965 3598 in
1987 3568 2060 3607 ipso
2084 3576 2153 3598 esse
2176 3572 2284 3607 potest
2306 3577 2364 3608 per
2379 3567 2478 3608 quod,

1411 3616 1606 3655 inquantum
1628 3613 1709 3644 illud
1731 3614 1836 3649 habet,
1860 3613 1900 3642 sit
1931 3613 1964 3642 in
1994 3612 2140 3652 potentia
2165 3611 2480 3653 quomodocumque

1411 3665 1449 3690 ut
1471 3658 1638 3690 dividatur.

2516 633 2523 641 ·
2540 631 2576 653 Cf.
2591 631 2600 653 1
2615 632 2649 653 Ph
2667 638 2688 655 s.
2704 638 2729 657 ιι.

2515 664 2576 705 :qq-5
2593 664 2612 680 ι.
2667 675 2672 680 .
2688 659 2702 680 Ι.
2717 665 2729 680 2

2514 1748 2522 1756 ”
2544 1747 2580 1769 Cf.
2608 1748 2670 1775 Aug.
2699 1747 2728 1768 de

2513 1773 2623 1801 Haeret„
2632 1780 2692 1799 uvi.
2706 1780 2727 1800 ι,

2513 1807 2610 1848 ωὲκιὲιις
2633 1800 2726 1848 Ερίιίῂὸ,

2512 1833 2730 1879 ιαιιῗίιιῑῗῗςκῖἵαὶῡὶ·

2512 1880 2601 1928 gost„
2629 1880 2726 1902 Doctor.

2531 1907 2599 1934 erpl„
2614 1907 2632 1932 1.
2647 1913 2698 1928 ιιιι.
