<?xml version="1.0" encoding="UTF-8"?>
<!DOCTYPE html PUBLIC "-//W3C//DTD XHTML 1.0 Transitional//EN"
    "http://www.w3.org/TR/xhtml1/DTD/xhtml1-transitional.dtd">
<html xmlns="http://www.w3.org/1999/xhtml" xml:lang="en" lang="en">
 <head>
  <title>
</title>
<meta http-equiv="Content-Type" content="text/html;charset=utf-8" />
  <meta name='ocr-system' content='tesseract 3.04.00' />
  <meta name='ocr-capabilities' content='ocr_page ocr_carea ocr_par ocr_line ocrx_word'/>
</head>
<body>
  <div class='ocr_page' id='page_1' title='image "./operaomniaiussui13thom/operaomniaiussui13thom_0083.png"; bbox 0 0 2742 4152; ppageno 0'>
   <div class='ocr_carea' id='block_1_1' title="bbox 862 264 2442 327">
    <p class='ocr_par' dir='ltr' id='par_1_1' title="bbox 862 264 2442 327">
     <span class='ocr_line' id='line_1_1' title="bbox 862 264 2442 327; baseline 0.01 -27"><span class='ocrx_word' id='word_1_1' title='bbox 862 264 1051 301; x_wconf 90' lang='lat' dir='ltr'><strong>SUMMA</strong></span> <span class='ocrx_word' id='word_1_2' title='bbox 1081 266 1302 305; x_wconf 92' lang='lat' dir='ltr'>CONTRA</span> <span class='ocrx_word' id='word_1_3' title='bbox 1331 268 1605 318; x_wconf 87' lang='lat' dir='ltr'><strong>GENTILES,</strong></span> <span class='ocrx_word' id='word_1_4' title='bbox 1637 271 1747 310; x_wconf 92' lang='lat' dir='ltr'><strong>CAP.</strong></span> <span class='ocrx_word' id='word_1_5' title='bbox 1768 273 1825 310; x_wconf 90' lang='lat'><strong>111.</strong></span> <span class='ocrx_word' id='word_1_6' title='bbox 2418 292 2442 327; x_wconf 86' lang='lat'>9</span> 
     </span>
    </p>
   </div>
   <div class='ocr_carea' id='block_1_2' title="bbox 243 341 1325 1231">
    <p class='ocr_par' dir='ltr' id='par_1_2' title="bbox 243 341 1322 561">
     <span class='ocr_line' id='line_1_2' title="bbox 243 341 1320 382; baseline 0.002 -9"><span class='ocrx_word' id='word_1_7' title='bbox 243 343 412 374; x_wconf 91' lang='lat' dir='ltr'><strong>intellectu</strong></span> <span class='ocrx_word' id='word_1_8' title='bbox 438 342 596 378; x_wconf 89' lang='lat' dir='ltr'><strong>humano,</strong></span> <span class='ocrx_word' id='word_1_9' title='bbox 622 341 751 372; x_wconf 89' lang='lat' dir='ltr'><strong>nullum</strong></span> <span class='ocrx_word' id='word_1_10' title='bbox 777 342 977 382; x_wconf 81' lang='lat' dir='ltr'><strong>intelligibile</strong></span> <span class='ocrx_word' id='word_1_11' title='bbox 1003 342 1043 372; x_wconf 91' lang='lat' dir='ltr'><strong>de</strong></span> <span class='ocrx_word' id='word_1_12' title='bbox 1071 352 1111 373; x_wconf 91' lang='lat' dir='ltr'><strong>eo</strong></span> <span class='ocrx_word' id='word_1_13' title='bbox 1135 343 1320 375; x_wconf 86' lang='lat' dir='ltr'><strong>facultatem</strong></span> 
     </span>
     <span class='ocr_line' id='line_1_3' title="bbox 245 386 1322 426; baseline 0.001 -8"><span class='ocrx_word' id='word_1_14' title='bbox 245 388 407 418; x_wconf 86' lang='lat' dir='ltr'><strong>humanae</strong></span> <span class='ocrx_word' id='word_1_15' title='bbox 430 387 563 418; x_wconf 90' lang='lat' dir='ltr'><strong>rationis</strong></span> <span class='ocrx_word' id='word_1_16' title='bbox 587 386 730 417; x_wconf 85' lang='lat' dir='ltr'><strong>excedet.</strong></span> <span class='ocrx_word' id='word_1_17' title='bbox 755 386 896 426; x_wconf 89' lang='lat' dir='ltr'><strong>Supple:</strong></span> <span class='ocrx_word' id='word_1_18' title='bbox 909 386 1042 426; x_wconf 85' lang='lat' dir='ltr'><strong>-Ergo‚</strong></span> <span class='ocrx_word' id='word_1_19' title='bbox 1059 395 1078 416; x_wconf 87' lang='lat' dir='ltr'><strong>e</strong></span> <span class='ocrx_word' id='word_1_20' title='bbox 1101 396 1271 424; x_wconf 89' lang='lat' dir='ltr'><strong>converso,</strong></span> <span class='ocrx_word' id='word_1_21' title='bbox 1295 390 1322 419; x_wconf 91' lang='lat' dir='ltr'><strong>si</strong></span> 
     </span>
     <span class='ocr_line' id='line_1_4' title="bbox 244 430 1321 471; baseline -0.001 -8"><span class='ocrx_word' id='word_1_22' title='bbox 244 432 374 463; x_wconf 92' lang='lat' dir='ltr'><strong>nullum</strong></span> <span class='ocrx_word' id='word_1_23' title='bbox 397 431 438 463; x_wconf 90' lang='lat' dir='ltr'><strong>de</strong></span> <span class='ocrx_word' id='word_1_24' title='bbox 462 441 504 462; x_wconf 92' lang='lat' dir='ltr'><strong>eo</strong></span> <span class='ocrx_word' id='word_1_25' title='bbox 530 430 731 471; x_wconf 85' lang='lat' dir='ltr'><strong>intelligibile</strong></span> <span class='ocrx_word' id='word_1_26' title='bbox 753 430 899 461; x_wconf 89' lang='lat' dir='ltr'><strong>naturale</strong></span> <span class='ocrx_word' id='word_1_27' title='bbox 921 430 1034 460; x_wconf 89' lang='lat' dir='ltr'><strong>lumen</strong></span> <span class='ocrx_word' id='word_1_28' title='bbox 1058 430 1194 467; x_wconf 87' lang='lat' dir='ltr'><strong>excedit,</strong></span> <span class='ocrx_word' id='word_1_29' title='bbox 1217 432 1321 462; x_wconf 88' lang='lat' dir='ltr'><strong>immo</strong></span> 
     </span>
     <span class='ocr_line' id='line_1_5' title="bbox 245 474 1322 517; baseline -0.002 -9"><span class='ocrx_word' id='word_1_30' title='bbox 245 477 356 508; x_wconf 91' lang='lat' dir='ltr'><strong>omnia</strong></span> <span class='ocrx_word' id='word_1_31' title='bbox 380 475 421 507; x_wconf 91' lang='lat' dir='ltr'><strong>de</strong></span> <span class='ocrx_word' id='word_1_32' title='bbox 444 477 517 517; x_wconf 90' lang='lat' dir='ltr'><strong>ipso</strong></span> <span class='ocrx_word' id='word_1_33' title='bbox 540 475 727 506; x_wconf 78' lang='lat' dir='ltr'><strong>naturaliter</strong></span> <span class='ocrx_word' id='word_1_34' title='bbox 745 474 902 515; x_wconf 79' lang='lat' dir='ltr'><strong>cognosci</strong></span> <span class='ocrx_word' id='word_1_35' title='bbox 925 480 1073 515; x_wconf 89' lang='lat' dir='ltr'><strong>possunt,</strong></span> <span class='ocrx_word' id='word_1_36' title='bbox 1098 480 1130 505; x_wconf 89' lang='lat' dir='ltr'><strong>et</strong></span> <span class='ocrx_word' id='word_1_37' title='bbox 1155 476 1224 507; x_wconf 89' lang='lat' dir='ltr'><strong>eius</strong></span> <span class='ocrx_word' id='word_1_38' title='bbox 1247 477 1322 506; x_wconf 89' lang='lat' dir='ltr'><strong>sub-</strong></span> 
     </span>
     <span class='ocr_line' id='line_1_6' title="bbox 245 520 772 561; baseline -0.006 -9"><span class='ocrx_word' id='word_1_39' title='bbox 245 522 361 552; x_wconf 88' lang='lat' dir='ltr'><strong>stantia</strong></span> <span class='ocrx_word' id='word_1_40' title='bbox 384 520 620 561; x_wconf 88' lang='lat' dir='ltr'><strong>comprehendi</strong></span> <span class='ocrx_word' id='word_1_41' title='bbox 642 520 772 560; x_wconf 88' lang='lat' dir='ltr'><strong>poterit.</strong></span> 
     </span>
    </p>

    <p class='ocr_par' dir='ltr' id='par_1_3' title="bbox 245 561 1324 1005">
     <span class='ocr_line' id='line_1_7' title="bbox 302 561 1323 605; baseline -0.003 -9"><span class='ocrx_word' id='word_1_42' title='bbox 302 566 413 596; x_wconf 86' lang='lat' dir='ltr'><strong>Minor</strong></span> <span class='ocrx_word' id='word_1_43' title='bbox 434 573 513 595; x_wconf 90' lang='lat' dir='ltr'><strong>vero</strong></span> <span class='ocrx_word' id='word_1_44' title='bbox 529 565 694 605; x_wconf 88' lang='lat' dir='ltr'><strong>probatur.</strong></span> <span class='ocrx_word' id='word_1_45' title='bbox 711 564 759 594; x_wconf 91' lang='lat' dir='ltr'><strong>Ea</strong></span> <span class='ocrx_word' id='word_1_46' title='bbox 773 567 901 594; x_wconf 83' lang='lat' dir='ltr'><strong>tantum</strong></span> <span class='ocrx_word' id='word_1_47' title='bbox 917 561 958 593; x_wconf 88' lang='lat' dir='ltr'><strong>de</strong></span> <span class='ocrx_word' id='word_1_48' title='bbox 980 562 1018 592; x_wconf 88' lang='lat' dir='ltr'><strong>iis</strong></span> <span class='ocrx_word' id='word_1_49' title='bbox 1043 571 1127 602; x_wconf 89' lang='lat' dir='ltr'><strong>quae</strong></span> <span class='ocrx_word' id='word_1_50' title='bbox 1142 563 1202 593; x_wconf 90' lang='lat' dir='ltr'><strong>sub</strong></span> <span class='ocrx_word' id='word_1_51' title='bbox 1226 572 1323 594; x_wconf 89' lang='lat' dir='ltr'><strong>sensu</strong></span> 
     </span>
     <span class='ocr_line' id='line_1_8' title="bbox 245 607 1323 647; baseline -0.003 -6"><span class='ocrx_word' id='word_1_52' title='bbox 245 620 314 642; x_wconf 93' lang='lat' dir='ltr'><strong>non</strong></span> <span class='ocrx_word' id='word_1_53' title='bbox 338 609 459 640; x_wconf 89' lang='lat' dir='ltr'><strong>cadunt</strong></span> <span class='ocrx_word' id='word_1_54' title='bbox 480 609 627 639; x_wconf 90' lang='lat' dir='ltr'><strong>humano</strong></span> <span class='ocrx_word' id='word_1_55' title='bbox 650 608 817 639; x_wconf 88' lang='lat' dir='ltr'><strong>intellectu</strong></span> <span class='ocrx_word' id='word_1_56' title='bbox 841 607 913 647; x_wconf 89' lang='lat' dir='ltr'><strong>capi</strong></span> <span class='ocrx_word' id='word_1_57' title='bbox 939 612 1077 647; x_wconf 87' lang='lat' dir='ltr'><strong>possunt</strong></span> <span class='ocrx_word' id='word_1_58' title='bbox 1101 616 1244 647; x_wconf 91' lang='lat' dir='ltr'><strong>quorum</strong></span> <span class='ocrx_word' id='word_1_59' title='bbox 1267 616 1323 638; x_wconf 93' lang='lat' dir='ltr'><strong>co-</strong></span> 
     </span>
     <span class='ocr_line' id='line_1_9' title="bbox 245 650 1322 696; baseline -0.004 -11"><span class='ocrx_word' id='word_1_60' title='bbox 245 655 349 696; x_wconf 87' lang='lat' dir='ltr'><strong>gnitio</strong></span> <span class='ocrx_word' id='word_1_61' title='bbox 365 663 405 684; x_wconf 89' lang='lat' dir='ltr'><strong>ex</strong></span> <span class='ocrx_word' id='word_1_62' title='bbox 419 653 568 684; x_wconf 86' lang='lat' dir='ltr'><strong>sensibus</strong></span> <span class='ocrx_word' id='word_1_63' title='bbox 583 652 693 692; x_wconf 87' lang='lat' dir='ltr'><strong>colligi</strong></span> <span class='ocrx_word' id='word_1_64' title='bbox 708 657 830 693; x_wconf 89' lang='lat' dir='ltr'><strong>potest:</strong></span> <span class='ocrx_word' id='word_1_65' title='bbox 848 661 888 682; x_wconf 90' lang='lat' dir='ltr'><strong>eo</strong></span> <span class='ocrx_word' id='word_1_66' title='bbox 902 650 994 692; x_wconf 92' lang='lat' dir='ltr'><strong>quod</strong></span> <span class='ocrx_word' id='word_1_67' title='bbox 1008 651 1191 682; x_wconf 89' lang='lat' dir='ltr'><strong>intellectus</strong></span> <span class='ocrx_word' id='word_1_68' title='bbox 1202 658 1322 688; x_wconf 88' lang='lat' dir='ltr'><strong>noster,</strong></span> 
     </span>
     <span class='ocr_line' id='line_1_10' title="bbox 246 696 1324 738; baseline -0.005 -8"><span class='ocrx_word' id='word_1_69' title='bbox 246 698 428 730; x_wconf 91' lang='lat' dir='ltr'><strong>secundum</strong></span> <span class='ocrx_word' id='word_1_70' title='bbox 443 697 583 728; x_wconf 88' lang='lat' dir='ltr'><strong>modum</strong></span> <span class='ocrx_word' id='word_1_71' title='bbox 601 697 778 738; x_wconf 87' lang='lat' dir='ltr'><strong>praesentis</strong></span> <span class='ocrx_word' id='word_1_72' title='bbox 792 697 888 732; x_wconf 84' lang='lat' dir='ltr'><strong>vitae,</strong></span> <span class='ocrx_word' id='word_1_73' title='bbox 906 696 1129 736; x_wconf 89' lang='lat' dir='ltr'><strong>cognitionem</strong></span> <span class='ocrx_word' id='word_1_74' title='bbox 1145 705 1164 725; x_wconf 91' lang='lat' dir='ltr'><strong>a</strong></span> <span class='ocrx_word' id='word_1_75' title='bbox 1177 696 1324 726; x_wconf 87' lang='lat' dir='ltr'><strong>sensibus</strong></span> 
     </span>
     <span class='ocr_line' id='line_1_11' title="bbox 247 739 1324 784; baseline -0.005 -9"><span class='ocrx_word' id='word_1_76' title='bbox 247 744 396 784; x_wconf 84' lang='lat' dir='ltr'><strong>accipiat.</strong></span> <span class='ocrx_word' id='word_1_77' title='bbox 413 741 478 774; x_wconf 89' lang='lat' dir='ltr'><strong>Sed</strong></span> <span class='ocrx_word' id='word_1_78' title='bbox 491 751 531 773; x_wconf 90' lang='lat' dir='ltr'><strong>ex</strong></span> <span class='ocrx_word' id='word_1_79' title='bbox 554 742 702 772; x_wconf 89' lang='lat' dir='ltr'><strong>sensibus</strong></span> <span class='ocrx_word' id='word_1_80' title='bbox 717 751 787 772; x_wconf 91' lang='lat' dir='ltr'><strong>non</strong></span> <span class='ocrx_word' id='word_1_81' title='bbox 802 746 910 781; x_wconf 87' lang='lat' dir='ltr'><strong>potest</strong></span> <span class='ocrx_word' id='word_1_82' title='bbox 925 740 1002 772; x_wconf 91' lang='lat' dir='ltr'><strong>duci</strong></span> <span class='ocrx_word' id='word_1_83' title='bbox 1015 739 1200 771; x_wconf 88' lang='lat' dir='ltr'><strong>intellectus</strong></span> <span class='ocrx_word' id='word_1_84' title='bbox 1214 746 1324 771; x_wconf 87' lang='lat' dir='ltr'><strong>noster</strong></span> 
     </span>
     <span class='ocr_line' id='line_1_12' title="bbox 246 783 1324 826; baseline -0.004 -7"><span class='ocrx_word' id='word_1_85' title='bbox 246 794 283 820; x_wconf 90' lang='lat' dir='ltr'><strong>ut</strong></span> <span class='ocrx_word' id='word_1_86' title='bbox 304 787 448 819; x_wconf 86' lang='lat' dir='ltr'><strong>divinam</strong></span> <span class='ocrx_word' id='word_1_87' title='bbox 461 786 675 818; x_wconf 84' lang='lat' dir='ltr'><strong>substantiam</strong></span> <span class='ocrx_word' id='word_1_88' title='bbox 690 786 810 817; x_wconf 89' lang='lat' dir='ltr'><strong>videat:</strong></span> <span class='ocrx_word' id='word_1_89' title='bbox 826 786 904 826; x_wconf 85' lang='lat' dir='ltr'><strong>quia</strong></span> <span class='ocrx_word' id='word_1_90' title='bbox 919 784 1080 816; x_wconf 80' lang='lat' dir='ltr'><strong>sensibilia</strong></span> <span class='ocrx_word' id='word_1_91' title='bbox 1099 789 1174 815; x_wconf 90' lang='lat' dir='ltr'><strong>sunt</strong></span> <span class='ocrx_word' id='word_1_92' title='bbox 1190 783 1324 815; x_wconf 88' lang='lat' dir='ltr'><strong>effectus</strong></span> 
     </span>
     <span class='ocr_line' id='line_1_13' title="bbox 247 829 1323 874; baseline -0.004 -11"><span class='ocrx_word' id='word_1_93' title='bbox 247 833 305 874; x_wconf 91' lang='lat' dir='ltr'><strong>qui</strong></span> <span class='ocrx_word' id='word_1_94' title='bbox 328 831 471 863; x_wconf 82' lang='lat' dir='ltr'><strong>divinam</strong></span> <span class='ocrx_word' id='word_1_95' title='bbox 493 832 647 862; x_wconf 87' lang='lat' dir='ltr'><strong>virtutem</strong></span> <span class='ocrx_word' id='word_1_96' title='bbox 670 840 740 862; x_wconf 91' lang='lat' dir='ltr'><strong>non</strong></span> <span class='ocrx_word' id='word_1_97' title='bbox 765 829 957 871; x_wconf 87' lang='lat' dir='ltr'><strong>adaequant.</strong></span> <span class='ocrx_word' id='word_1_98' title='bbox 981 829 1069 870; x_wconf 89' lang='lat' dir='ltr'><strong>Ergo</strong></span> <span class='ocrx_word' id='word_1_99' title='bbox 1093 834 1155 860; x_wconf 89' lang='lat' dir='ltr'><strong>etc.</strong></span> <span class='ocrx_word' id='word_1_100' title='bbox 1179 846 1202 850; x_wconf 98' lang='lat'><strong>—</strong></span> <span class='ocrx_word' id='word_1_101' title='bbox 1223 829 1323 860; x_wconf 90' lang='lat' dir='ltr'><strong>Addit</strong></span> 
     </span>
     <span class='ocr_line' id='line_1_14' title="bbox 245 873 1324 917; baseline -0.005 -9"><span class='ocrx_word' id='word_1_102' title='bbox 245 883 356 909; x_wconf 85' lang='lat' dir='ltr'><strong>tamen</strong></span> <span class='ocrx_word' id='word_1_103' title='bbox 379 875 480 917; x_wconf 89' lang='lat' dir='ltr'><strong>quod,</strong></span> <span class='ocrx_word' id='word_1_104' title='bbox 504 876 580 907; x_wconf 92' lang='lat' dir='ltr'><strong>licet</strong></span> <span class='ocrx_word' id='word_1_105' title='bbox 607 875 770 906; x_wconf 80' lang='lat' dir='ltr'><strong>sensibilia</strong></span> <span class='ocrx_word' id='word_1_106' title='bbox 799 883 869 906; x_wconf 89' lang='lat' dir='ltr'><strong>non</strong></span> <span class='ocrx_word' id='word_1_107' title='bbox 893 873 1014 904; x_wconf 90' lang='lat' dir='ltr'><strong>ducant</strong></span> <span class='ocrx_word' id='word_1_108' title='bbox 1039 874 1073 904; x_wconf 91' lang='lat' dir='ltr'><strong>in</strong></span> <span class='ocrx_word' id='word_1_109' title='bbox 1100 873 1324 914; x_wconf 87' lang='lat' dir='ltr'><strong>cognitionem</strong></span> 
     </span>
     <span class='ocr_line' id='line_1_15' title="bbox 246 917 1323 959; baseline -0.006 -6"><span class='ocrx_word' id='word_1_110' title='bbox 246 921 444 954; x_wconf 87' lang='lat' dir='ltr'><strong>substantiae</strong></span> <span class='ocrx_word' id='word_1_111' title='bbox 460 921 533 957; x_wconf 90' lang='lat' dir='ltr'><strong>Dei,</strong></span> <span class='ocrx_word' id='word_1_112' title='bbox 549 919 674 951; x_wconf 88' lang='lat' dir='ltr'><strong>faciunt</strong></span> <span class='ocrx_word' id='word_1_113' title='bbox 687 925 798 951; x_wconf 89' lang='lat' dir='ltr'><strong>tamen</strong></span> <span class='ocrx_word' id='word_1_114' title='bbox 813 927 1013 959; x_wconf 80' lang='lat' dir='ltr'><strong>cognoscere</strong></span> <span class='ocrx_word' id='word_1_115' title='bbox 1027 917 1068 948; x_wconf 92' lang='lat' dir='ltr'><strong>de</strong></span> <span class='ocrx_word' id='word_1_116' title='bbox 1083 918 1156 959; x_wconf 91' lang='lat' dir='ltr'><strong>ipso</strong></span> <span class='ocrx_word' id='word_1_117' title='bbox 1173 918 1250 958; x_wconf 91' lang='lat' dir='ltr'><strong>quia</strong></span> <span class='ocrx_word' id='word_1_118' title='bbox 1265 924 1323 954; x_wconf 87' lang='lat' dir='ltr'><strong>est,</strong></span> 
     </span>
     <span class='ocr_line' id='line_1_16' title="bbox 247 963 1324 1005; baseline -0.005 -7"><span class='ocrx_word' id='word_1_119' title='bbox 247 972 280 998; x_wconf 92' lang='lat' dir='ltr'><strong>et</strong></span> <span class='ocrx_word' id='word_1_120' title='bbox 301 966 364 997; x_wconf 91' lang='lat' dir='ltr'><strong>alia</strong></span> <span class='ocrx_word' id='word_1_121' title='bbox 385 964 575 996; x_wconf 89' lang='lat' dir='ltr'><strong>huiusmodi</strong></span> <span class='ocrx_word' id='word_1_122' title='bbox 605 973 691 1005; x_wconf 89' lang='lat' dir='ltr'><strong>quae</strong></span> <span class='ocrx_word' id='word_1_123' title='bbox 714 968 846 1004; x_wconf 85' lang='lat' dir='ltr'><strong>oportet</strong></span> <span class='ocrx_word' id='word_1_124' title='bbox 867 963 975 1003; x_wconf 88' lang='lat' dir='ltr'><strong>primo</strong></span> <span class='ocrx_word' id='word_1_125' title='bbox 998 963 1160 1004; x_wconf 87' lang='lat' dir='ltr'><strong>principio</strong></span> <span class='ocrx_word' id='word_1_126' title='bbox 1184 963 1324 994; x_wconf 82' lang='lat' dir='ltr'><strong>attribui.</strong></span> 
     </span>
    </p>

    <p class='ocr_par' dir='ltr' id='par_1_4' title="bbox 245 1006 1325 1231">
     <span class='ocr_line' id='line_1_17' title="bbox 304 1006 1325 1048; baseline -0.005 -6"><span class='ocrx_word' id='word_1_127' title='bbox 304 1020 334 1042; x_wconf 90' lang='lat'><strong>2.</strong></span> <span class='ocrx_word' id='word_1_128' title='bbox 369 1010 433 1041; x_wconf 88' lang='lat' dir='ltr'><strong>Pro</strong></span> <span class='ocrx_word' id='word_1_129' title='bbox 463 1009 681 1041; x_wconf 81' lang='lat' dir='ltr'><strong>declaratione</strong></span> <span class='ocrx_word' id='word_1_130' title='bbox 711 1008 862 1044; x_wconf 88' lang='lat' dir='ltr'><strong>maioris,</strong></span> <span class='ocrx_word' id='word_1_131' title='bbox 893 1006 1125 1038; x_wconf 88' lang='lat' dir='ltr'><strong>advertendum</strong></span> <span class='ocrx_word' id='word_1_132' title='bbox 1156 1013 1204 1038; x_wconf 90' lang='lat' dir='ltr'><strong>est</strong></span> <span class='ocrx_word' id='word_1_133' title='bbox 1234 1007 1325 1048; x_wconf 94' lang='lat' dir='ltr'><strong>quod</strong></span> 
     </span>
     <span class='ocr_line' id='line_1_18' title="bbox 245 1051 1325 1093; baseline -0.005 -6"><span class='ocrx_word' id='word_1_134' title='bbox 245 1055 385 1087; x_wconf 88' lang='lat' dir='ltr'><strong>intentio</strong></span> <span class='ocrx_word' id='word_1_135' title='bbox 409 1054 519 1086; x_wconf 88' lang='lat' dir='ltr'><strong>Sancti</strong></span> <span class='ocrx_word' id='word_1_136' title='bbox 541 1053 691 1085; x_wconf 88' lang='lat' dir='ltr'><strong>Thomae</strong></span> <span class='ocrx_word' id='word_1_137' title='bbox 706 1058 755 1084; x_wconf 88' lang='lat' dir='ltr'><strong>est</strong></span> <span class='ocrx_word' id='word_1_138' title='bbox 769 1052 863 1093; x_wconf 89' lang='lat' dir='ltr'><strong>loqui</strong></span> <span class='ocrx_word' id='word_1_139' title='bbox 885 1051 926 1082; x_wconf 93' lang='lat' dir='ltr'><strong>de</strong></span> <span class='ocrx_word' id='word_1_140' title='bbox 950 1051 1226 1092; x_wconf 88' lang='lat' dir='ltr'><strong>cognoscibilibus</strong></span> <span class='ocrx_word' id='word_1_141' title='bbox 1240 1061 1325 1093; x_wconf 88' lang='lat' dir='ltr'><strong>quae</strong></span> 
     </span>
     <span class='ocr_line' id='line_1_19' title="bbox 246 1096 1325 1142; baseline -0.005 -10"><span class='ocrx_word' id='word_1_142' title='bbox 246 1109 305 1142; x_wconf 81' lang='lat' dir='ltr'><strong>per</strong></span> <span class='ocrx_word' id='word_1_143' title='bbox 319 1109 355 1131; x_wconf 90' lang='lat' dir='ltr'><strong>se</strong></span> <span class='ocrx_word' id='word_1_144' title='bbox 366 1099 567 1131; x_wconf 85' lang='lat' dir='ltr'><strong>conveniunt</strong></span> <span class='ocrx_word' id='word_1_145' title='bbox 582 1098 745 1129; x_wconf 87' lang='lat' dir='ltr'><strong>subiecto:</strong></span> <span class='ocrx_word' id='word_1_146' title='bbox 762 1096 803 1128; x_wconf 90' lang='lat' dir='ltr'><strong>ad</strong></span> <span class='ocrx_word' id='word_1_147' title='bbox 818 1096 893 1127; x_wconf 86' lang='lat' dir='ltr'><strong>talia</strong></span> <span class='ocrx_word' id='word_1_148' title='bbox 908 1096 997 1127; x_wconf 87' lang='lat' dir='ltr'><strong>enim</strong></span> <span class='ocrx_word' id='word_1_149' title='bbox 1012 1105 1046 1127; x_wconf 90' lang='lat' dir='ltr'><strong>se</strong></span> <span class='ocrx_word' id='word_1_150' title='bbox 1063 1096 1206 1128; x_wconf 87' lang='lat' dir='ltr'><strong>extendit</strong></span> <span class='ocrx_word' id='word_1_151' title='bbox 1221 1097 1325 1127; x_wconf 90' lang='lat' dir='ltr'><strong>scien·</strong></span> 
     </span>
     <span class='ocr_line' id='line_1_20' title="bbox 246 1140 1324 1184; baseline -0.003 -9"><span class='ocrx_word' id='word_1_152' title='bbox 246 1146 302 1182; x_wconf 84' lang='lat' dir='ltr'><strong>tia,</strong></span> <span class='ocrx_word' id='word_1_153' title='bbox 317 1153 387 1175; x_wconf 89' lang='lat' dir='ltr'><strong>non</strong></span> <span class='ocrx_word' id='word_1_154' title='bbox 402 1148 513 1174; x_wconf 89' lang='lat' dir='ltr'><strong>autem</strong></span> <span class='ocrx_word' id='word_1_155' title='bbox 524 1142 565 1175; x_wconf 86' lang='lat' dir='ltr'><strong>ad</strong></span> <span class='ocrx_word' id='word_1_156' title='bbox 575 1141 759 1184; x_wconf 87' lang='lat' dir='ltr'><strong>praedicata</strong></span> <span class='ocrx_word' id='word_1_157' title='bbox 769 1151 828 1182; x_wconf 89' lang='lat' dir='ltr'><strong>per</strong></span> <span class='ocrx_word' id='word_1_158' title='bbox 839 1140 998 1172; x_wconf 87' lang='lat' dir='ltr'><strong>accidens.</strong></span> <span class='ocrx_word' id='word_1_159' title='bbox 1011 1141 1211 1173; x_wconf 88' lang='lat' dir='ltr'><strong>Huiusmodi</strong></span> <span class='ocrx_word' id='word_1_160' title='bbox 1226 1142 1324 1178; x_wconf 92' lang='lat' dir='ltr'><strong>enim,</strong></span> 
     </span>
     <span class='ocr_line' id='line_1_21' title="bbox 247 1186 1324 1231; baseline -0.003 -10"><span class='ocrx_word' id='word_1_161' title='bbox 247 1198 332 1231; x_wconf 86' lang='lat' dir='ltr'><strong>quae</strong></span> <span class='ocrx_word' id='word_1_162' title='bbox 356 1186 389 1219; x_wconf 89' lang='lat' dir='ltr'><strong>et</strong></span> <span class='ocrx_word' id='word_1_163' title='bbox 405 1187 626 1229; x_wconf 79' lang='lat' dir='ltr'><strong>proprietates</strong></span> <span class='ocrx_word' id='word_1_164' title='bbox 657 1186 819 1223; x_wconf 89' lang='lat' dir='ltr'><strong>dicuntur,</strong></span> <span class='ocrx_word' id='word_1_165' title='bbox 851 1186 1029 1217; x_wconf 79' lang='lat' dir='ltr'><strong>virtualiter</strong></span> <span class='ocrx_word' id='word_1_166' title='bbox 1061 1186 1268 1218; x_wconf 89' lang='lat' dir='ltr'><strong>continentur</strong></span> <span class='ocrx_word' id='word_1_167' title='bbox 1290 1186 1324 1218; x_wconf 88' lang='lat' dir='ltr'><strong>in</strong></span> 
     </span>
    </p>
   </div>
   <div class='ocr_carea' id='block_1_3' title="bbox 198 1231 1325 1267">
    <p class='ocr_par' dir='ltr' id='par_1_5' title="bbox 198 1231 1325 1267">
     <span class='ocr_line' id='line_1_22' title="bbox 198 1231 1325 1267; baseline -0.004 -2"><span class='ocrx_word' id='word_1_168' title='bbox 198 1237 202 1240; x_wconf 85' lang='lat'>&#39;</span> <span class='ocrx_word' id='word_1_169' title='bbox 246 1233 425 1265; x_wconf 79' lang='lat' dir='ltr'><strong>substantia</strong></span> <span class='ocrx_word' id='word_1_170' title='bbox 446 1233 494 1264; x_wconf 88' lang='lat' dir='ltr'><strong>rei</strong></span> <span class='ocrx_word' id='word_1_171' title='bbox 516 1233 600 1263; x_wconf 91' lang='lat' dir='ltr'><strong>sicut</strong></span> <span class='ocrx_word' id='word_1_172' title='bbox 623 1231 757 1263; x_wconf 83' lang='lat' dir='ltr'><strong>effectus</strong></span> <span class='ocrx_word' id='word_1_173' title='bbox 771 1231 807 1262; x_wconf 90' lang='lat' dir='ltr'><strong>in</strong></span> <span class='ocrx_word' id='word_1_174' title='bbox 829 1240 888 1261; x_wconf 89' lang='lat' dir='ltr'><strong>sua</strong></span> <span class='ocrx_word' id='word_1_175' title='bbox 911 1240 1018 1267; x_wconf 87' lang='lat' dir='ltr'><strong>causa,</strong></span> <span class='ocrx_word' id='word_1_176' title='bbox 1041 1231 1098 1262; x_wconf 89' lang='lat' dir='ltr'><strong>ubi</strong></span> <span class='ocrx_word' id='word_1_177' title='bbox 1122 1236 1209 1262; x_wconf 87' lang='lat' dir='ltr'><strong>extra</strong></span> <span class='ocrx_word' id='word_1_178' title='bbox 1230 1231 1325 1262; x_wconf 90' lang='lat' dir='ltr'><strong>intel-</strong></span> 
     </span>
    </p>
   </div>
   <div class='ocr_carea' id='block_1_4' title="bbox 0 1717 92 1743">
    <p class='ocr_par' dir='ltr' id='par_1_6' title="bbox 0 1717 92 1743">
     <span class='ocr_line' id='line_1_23' title="bbox 0 1717 92 1743; baseline -0.022 -5"><span class='ocrx_word' id='word_1_179' title='bbox 0 1717 92 1743; x_wconf 51' lang='lat' dir='ltr'><strong>mr,</strong></span> 
     </span>
    </p>
   </div>
   <div class='ocr_carea' id='block_1_5' title="bbox 246 1274 1325 1316">
    <p class='ocr_par' dir='ltr' id='par_1_7' title="bbox 246 1274 1325 1316">
     <span class='ocr_line' id='line_1_24' title="bbox 246 1274 1325 1316; baseline -0.004 -6"><span class='ocrx_word' id='word_1_180' title='bbox 246 1279 371 1310; x_wconf 89' lang='lat' dir='ltr'><strong>lectum</strong></span> <span class='ocrx_word' id='word_1_181' title='bbox 404 1276 647 1309; x_wconf 78' lang='lat' dir='ltr'><strong>distinctionem</strong></span> <span class='ocrx_word' id='word_1_182' title='bbox 678 1277 815 1307; x_wconf 87' lang='lat' dir='ltr'><strong>habent:</strong></span> <span class='ocrx_word' id='word_1_183' title='bbox 849 1274 1078 1316; x_wconf 88' lang='lat' dir='ltr'><strong>producuntur</strong></span> <span class='ocrx_word' id='word_1_184' title='bbox 1106 1276 1205 1312; x_wconf 88' lang='lat' dir='ltr'><strong>enim,</strong></span> <span class='ocrx_word' id='word_1_185' title='bbox 1236 1276 1325 1307; x_wconf 85' lang='lat' dir='ltr'><strong>iuxta</strong></span> 
     </span>
    </p>
   </div>
   <div class='ocr_carea' id='block_1_6' title="bbox 2 1315 1325 1387">
    <p class='ocr_par' dir='ltr' id='par_1_8' title="bbox 2 1315 1325 1387">
     <span class='ocr_line' id='line_1_25' title="bbox 2 1315 1325 1387; baseline -0.005 -31"><span class='ocrx_word' id='word_1_186' title='bbox 2 1327 221 1387; x_wconf 41' lang='lat' dir='ltr'><strong>‘&#39;lampaia-3¹2¹!-</strong></span> <span class='ocrx_word' id='word_1_187' title='bbox 236 1323 431 1356; x_wconf 57' lang='lat' dir='ltr'><strong>mesanam</strong></span> <span class='ocrx_word' id='word_1_188' title='bbox 445 1315 556 1353; x_wconf 78' lang='lat' dir='ltr'><strong>Sancti</strong></span> <span class='ocrx_word' id='word_1_189' title='bbox 571 1321 722 1352; x_wconf 87' lang='lat' dir='ltr'><strong>Th0mae</strong></span> <span class='ocrx_word' id='word_1_190' title='bbox 737 1322 766 1357; x_wconf 67' lang='lat'><strong>³,</strong></span> <span class='ocrx_word' id='word_1_191' title='bbox 785 1330 805 1351; x_wconf 90' lang='lat' dir='ltr'><strong>a</strong></span> <span class='ocrx_word' id='word_1_192' title='bbox 819 1320 996 1351; x_wconf 89' lang='lat' dir='ltr'><strong>substantia</strong></span> <span class='ocrx_word' id='word_1_193' title='bbox 1005 1329 1071 1362; x_wconf 78' lang='lat' dir='ltr'><strong>per</strong></span> <span class='ocrx_word' id='word_1_194' title='bbox 1085 1320 1250 1361; x_wconf 83' lang='lat' dir='ltr'><strong>quandam</strong></span> <span class='ocrx_word' id='word_1_195' title='bbox 1266 1329 1325 1351; x_wconf 78' lang='lat' dir='ltr'><strong>na-</strong></span> 
     </span>
     <span class='ocr_line' id='line_1_26' title="bbox 94 1369 209 1383; baseline 0 -6"><span class='ocrx_word' id='word_1_196' title='bbox 94 1371 102 1382; x_wconf 83' lang='lat'><em>.</em></span> <span class='ocrx_word' id='word_1_197' title='bbox 130 1370 138 1383; x_wconf 94' lang='lat'><strong>,</strong></span> <span class='ocrx_word' id='word_1_198' title='bbox 201 1369 209 1377; x_wconf 94' lang='lat'><strong>.</strong></span> 
     </span>
    </p>
   </div>
   <div class='ocr_carea' id='block_1_7' title="bbox 245 1364 1327 3679">
    <p class='ocr_par' dir='ltr' id='par_1_9' title="bbox 245 1364 1326 1987">
     <span class='ocr_line' id='line_1_27' title="bbox 247 1364 1326 1406; baseline -0.003 -7"><span class='ocrx_word' id='word_1_199' title='bbox 247 1367 390 1400; x_wconf 74' lang='lat' dir='ltr'><strong>tur-alem</strong></span> <span class='ocrx_word' id='word_1_200' title='bbox 413 1366 652 1398; x_wconf 76' lang='lat' dir='ltr'><strong>resultantium.</strong></span> <span class='ocrx_word' id='word_1_201' title='bbox 668 1365 733 1398; x_wconf 88' lang='lat' dir='ltr'><strong>Ubi</strong></span> <span class='ocrx_word' id='word_1_202' title='bbox 747 1370 859 1397; x_wconf 88' lang='lat' dir='ltr'><strong>autem</strong></span> <span class='ocrx_word' id='word_1_203' title='bbox 872 1374 942 1396; x_wconf 94' lang='lat' dir='ltr'><strong>non</strong></span> <span class='ocrx_word' id='word_1_204' title='bbox 966 1364 1218 1406; x_wconf 84' lang='lat' dir='ltr'><strong>distinguuntur,</strong></span> <span class='ocrx_word' id='word_1_205' title='bbox 1242 1366 1326 1397; x_wconf 91' lang='lat' dir='ltr'><strong>sicut</strong></span> 
     </span>
     <span class='ocr_line' id='line_1_28' title="bbox 245 1410 1325 1452; baseline -0.004 -8"><span class='ocrx_word' id='word_1_206' title='bbox 245 1411 366 1444; x_wconf 77' lang='lat' dir='ltr'><strong>accidit</strong></span> <span class='ocrx_word' id='word_1_207' title='bbox 396 1410 437 1442; x_wconf 89' lang='lat' dir='ltr'><strong>de</strong></span> <span class='ocrx_word' id='word_1_208' title='bbox 467 1410 673 1452; x_wconf 78' lang='lat' dir='ltr'><strong>passionibus</strong></span> <span class='ocrx_word' id='word_1_209' title='bbox 702 1410 796 1447; x_wconf 88' lang='lat' dir='ltr'><strong>entis,</strong></span> <span class='ocrx_word' id='word_1_210' title='bbox 824 1419 910 1450; x_wconf 88' lang='lat' dir='ltr'><strong>quae</strong></span> <span class='ocrx_word' id='word_1_211' title='bbox 939 1410 980 1440; x_wconf 85' lang='lat' dir='ltr'><strong>ab</strong></span> <span class='ocrx_word' id='word_1_212' title='bbox 1011 1416 1086 1441; x_wconf 91' lang='lat' dir='ltr'><strong>ente</strong></span> <span class='ocrx_word' id='word_1_213' title='bbox 1108 1410 1235 1441; x_wconf 82' lang='lat' dir='ltr'><strong>realiter</strong></span> <span class='ocrx_word' id='word_1_214' title='bbox 1256 1419 1325 1441; x_wconf 92' lang='lat' dir='ltr'><strong>non</strong></span> 
     </span>
     <span class='ocr_line' id='line_1_29' title="bbox 248 1454 1325 1497; baseline -0.003 -9"><span class='ocrx_word' id='word_1_215' title='bbox 248 1456 500 1497; x_wconf 78' lang='lat' dir='ltr'><strong>distinguuntur,</strong></span> <span class='ocrx_word' id='word_1_216' title='bbox 524 1455 606 1486; x_wconf 87' lang='lat' dir='ltr'><strong>ratio</strong></span> <span class='ocrx_word' id='word_1_217' title='bbox 636 1455 773 1486; x_wconf 90' lang='lat' dir='ltr'><strong>subiecti</strong></span> <span class='ocrx_word' id='word_1_218' title='bbox 802 1454 979 1486; x_wconf 84' lang='lat' dir='ltr'><strong>virtualiter</strong></span> <span class='ocrx_word' id='word_1_219' title='bbox 1009 1454 1155 1486; x_wconf 87' lang='lat' dir='ltr'><strong>continet</strong></span> <span class='ocrx_word' id='word_1_220' title='bbox 1184 1455 1325 1485; x_wconf 86' lang='lat' dir='ltr'><strong>rationes</strong></span> 
     </span>
     <span class='ocr_line' id='line_1_30' title="bbox 247 1499 1325 1543; baseline -0.002 -11"><span class='ocrx_word' id='word_1_221' title='bbox 247 1501 450 1543; x_wconf 76' lang='lat' dir='ltr'><strong>passionum,</strong></span> <span class='ocrx_word' id='word_1_222' title='bbox 465 1505 499 1531; x_wconf 90' lang='lat' dir='ltr'><strong>et</strong></span> <span class='ocrx_word' id='word_1_223' title='bbox 515 1509 582 1531; x_wconf 89' lang='lat' dir='ltr'><strong>una</strong></span> <span class='ocrx_word' id='word_1_224' title='bbox 597 1505 645 1531; x_wconf 88' lang='lat' dir='ltr'><strong>est</strong></span> <span class='ocrx_word' id='word_1_225' title='bbox 660 1499 790 1531; x_wconf 88' lang='lat' dir='ltr'><strong>alterius</strong></span> <span class='ocrx_word' id='word_1_226' title='bbox 806 1508 903 1530; x_wconf 87' lang='lat' dir='ltr'><strong>causa</strong></span> <span class='ocrx_word' id='word_1_227' title='bbox 919 1505 951 1530; x_wconf 93' lang='lat' dir='ltr'><strong>et</strong></span> <span class='ocrx_word' id='word_1_228' title='bbox 965 1499 1047 1530; x_wconf 88' lang='lat' dir='ltr'><strong>ratio</strong></span> <span class='ocrx_word' id='word_1_229' title='bbox 1063 1499 1097 1530; x_wconf 92' lang='lat' dir='ltr'><strong>in</strong></span> <span class='ocrx_word' id='word_1_230' title='bbox 1114 1509 1183 1530; x_wconf 89' lang='lat' dir='ltr'><strong>esse</strong></span> <span class='ocrx_word' id='word_1_231' title='bbox 1198 1505 1325 1530; x_wconf 87' lang='lat' dir='ltr'><strong>tantum</strong></span> 
     </span>
     <span class='ocr_line' id='line_1_31' title="bbox 246 1544 1326 1586; baseline -0.004 -7"><span class='ocrx_word' id='word_1_232' title='bbox 246 1545 451 1586; x_wconf 79' lang='lat' dir='ltr'><strong>intelligibili.</strong></span> <span class='ocrx_word' id='word_1_233' title='bbox 475 1544 564 1576; x_wconf 87' lang='lat' dir='ltr'><strong>Cum</strong></span> <span class='ocrx_word' id='word_1_234' title='bbox 584 1553 662 1585; x_wconf 87' lang='lat' dir='ltr'><strong>ergo</strong></span> <span class='ocrx_word' id='word_1_235' title='bbox 678 1544 713 1576; x_wconf 91' lang='lat' dir='ltr'><strong>in</strong></span> <span class='ocrx_word' id='word_1_236' title='bbox 736 1544 886 1576; x_wconf 91' lang='lat' dir='ltr'><strong>subiecto</strong></span> <span class='ocrx_word' id='word_1_237' title='bbox 905 1549 1062 1585; x_wconf 80' lang='lat' dir='ltr'><strong>tanquam</strong></span> <span class='ocrx_word' id='word_1_238' title='bbox 1084 1544 1119 1575; x_wconf 91' lang='lat' dir='ltr'><strong>in</strong></span> <span class='ocrx_word' id='word_1_239' title='bbox 1141 1554 1238 1575; x_wconf 90' lang='lat' dir='ltr'><strong>causa</strong></span> <span class='ocrx_word' id='word_1_240' title='bbox 1252 1554 1326 1585; x_wconf 88' lang='lat' dir='ltr'><strong>pas-</strong></span> 
     </span>
     <span class='ocr_line' id='line_1_32' title="bbox 247 1588 1325 1630; baseline -0.002 -8"><span class='ocrx_word' id='word_1_241' title='bbox 247 1591 356 1622; x_wconf 87' lang='lat' dir='ltr'><strong>siones</strong></span> <span class='ocrx_word' id='word_1_242' title='bbox 371 1589 609 1625; x_wconf 85' lang='lat' dir='ltr'><strong>contineantur,</strong></span> <span class='ocrx_word' id='word_1_243' title='bbox 625 1589 694 1620; x_wconf 90' lang='lat' dir='ltr'><strong>sive</strong></span> <span class='ocrx_word' id='word_1_244' title='bbox 708 1594 869 1630; x_wconf 87' lang='lat' dir='ltr'><strong>quantum</strong></span> <span class='ocrx_word' id='word_1_245' title='bbox 884 1588 925 1620; x_wconf 91' lang='lat' dir='ltr'><strong>ad</strong></span> <span class='ocrx_word' id='word_1_246' title='bbox 941 1598 1010 1620; x_wconf 88' lang='lat' dir='ltr'><strong>esse</strong></span> <span class='ocrx_word' id='word_1_247' title='bbox 1031 1589 1116 1620; x_wconf 85' lang='lat' dir='ltr'><strong>reale</strong></span> <span class='ocrx_word' id='word_1_248' title='bbox 1139 1589 1207 1621; x_wconf 90' lang='lat' dir='ltr'><strong>sive</strong></span> <span class='ocrx_word' id='word_1_249' title='bbox 1222 1599 1325 1630; x_wconf 87' lang='lat' dir='ltr'><strong>quan—</strong></span> 
     </span>
     <span class='ocr_line' id='line_1_33' title="bbox 246 1633 1326 1675; baseline -0.002 -8"><span class='ocrx_word' id='word_1_250' title='bbox 246 1640 320 1667; x_wconf 84' lang='lat' dir='ltr'><strong>tum</strong></span> <span class='ocrx_word' id='word_1_251' title='bbox 341 1633 384 1667; x_wconf 89' lang='lat' dir='ltr'><strong>ad</strong></span> <span class='ocrx_word' id='word_1_252' title='bbox 409 1643 479 1665; x_wconf 82' lang='lat' dir='ltr'><strong>esse</strong></span> <span class='ocrx_word' id='word_1_253' title='bbox 508 1633 720 1675; x_wconf 88' lang='lat' dir='ltr'><strong>intelligibile,</strong></span> <span class='ocrx_word' id='word_1_254' title='bbox 746 1643 815 1664; x_wconf 91' lang='lat' dir='ltr'><strong>non</strong></span> <span class='ocrx_word' id='word_1_255' title='bbox 842 1639 982 1674; x_wconf 88' lang='lat' dir='ltr'><strong>possunt</strong></span> <span class='ocrx_word' id='word_1_256' title='bbox 1011 1643 1127 1665; x_wconf 86' lang='lat' dir='ltr'><strong>ornnes</strong></span> <span class='ocrx_word' id='word_1_257' title='bbox 1156 1634 1326 1675; x_wconf 84' lang='lat' dir='ltr'><strong>passiones</strong></span> 
     </span>
     <span class='ocr_line' id='line_1_34' title="bbox 246 1677 1325 1720; baseline -0.002 -8"><span class='ocrx_word' id='word_1_258' title='bbox 246 1679 384 1712; x_wconf 85' lang='lat' dir='ltr'><strong>alicuius</strong></span> <span class='ocrx_word' id='word_1_259' title='bbox 398 1679 445 1710; x_wconf 86' lang='lat' dir='ltr'><strong>rei</strong></span> <span class='ocrx_word' id='word_1_260' title='bbox 461 1677 502 1710; x_wconf 89' lang='lat' dir='ltr'><strong>de</strong></span> <span class='ocrx_word' id='word_1_261' title='bbox 523 1679 594 1720; x_wconf 87' lang='lat' dir='ltr'><strong>ipsa</strong></span> <span class='ocrx_word' id='word_1_262' title='bbox 616 1678 774 1719; x_wconf 82' lang='lat' dir='ltr'><strong>cognosci</strong></span> <span class='ocrx_word' id='word_1_263' title='bbox 788 1678 850 1709; x_wconf 86' lang='lat' dir='ltr'><strong>nisi</strong></span> <span class='ocrx_word' id='word_1_264' title='bbox 866 1678 1006 1710; x_wconf 87' lang='lat' dir='ltr'><strong>totaliter</strong></span> <span class='ocrx_word' id='word_1_265' title='bbox 1026 1679 1074 1710; x_wconf 89' lang='lat' dir='ltr'><strong>rei</strong></span> <span class='ocrx_word' id='word_1_266' title='bbox 1088 1678 1249 1720; x_wconf 89' lang='lat' dir='ltr'><strong>quidditas</strong></span> <span class='ocrx_word' id='word_1_267' title='bbox 1269 1688 1325 1710; x_wconf 87' lang='lat' dir='ltr'><strong>co—</strong></span> 
     </span>
     <span class='ocr_line' id='line_1_35' title="bbox 246 1722 1325 1766; baseline -0.002 -10"><span class='ocrx_word' id='word_1_268' title='bbox 246 1728 432 1766; x_wconf 79' lang='lat' dir='ltr'><strong>gnoscatur,</strong></span> <span class='ocrx_word' id='word_1_269' title='bbox 455 1732 517 1755; x_wconf 91' lang='lat' dir='ltr'><strong>nec</strong></span> <span class='ocrx_word' id='word_1_270' title='bbox 540 1722 684 1764; x_wconf 83' lang='lat' dir='ltr'><strong>perfecte</strong></span> <span class='ocrx_word' id='word_1_271' title='bbox 705 1723 753 1754; x_wconf 92' lang='lat' dir='ltr'><strong>rei</strong></span> <span class='ocrx_word' id='word_1_272' title='bbox 776 1722 938 1764; x_wconf 86' lang='lat' dir='ltr'><strong>quidditas</strong></span> <span class='ocrx_word' id='word_1_273' title='bbox 953 1723 1110 1764; x_wconf 84' lang='lat' dir='ltr'><strong>cognosci</strong></span> <span class='ocrx_word' id='word_1_274' title='bbox 1133 1728 1242 1764; x_wconf 91' lang='lat' dir='ltr'><strong>potest</strong></span> <span class='ocrx_word' id='word_1_275' title='bbox 1263 1724 1325 1755; x_wconf 86' lang='lat' dir='ltr'><strong>nisi</strong></span> 
     </span>
     <span class='ocr_line' id='line_1_36' title="bbox 247 1768 1326 1810; baseline -0.002 -9"><span class='ocrx_word' id='word_1_276' title='bbox 247 1773 490 1810; x_wconf 77' lang='lat' dir='ltr'><strong>cognoscantur</strong></span> <span class='ocrx_word' id='word_1_277' title='bbox 519 1777 636 1800; x_wconf 87' lang='lat' dir='ltr'><strong>omnes</strong></span> <span class='ocrx_word' id='word_1_278' title='bbox 667 1768 738 1799; x_wconf 87' lang='lat' dir='ltr'><strong>eius</strong></span> <span class='ocrx_word' id='word_1_279' title='bbox 768 1769 983 1810; x_wconf 88' lang='lat' dir='ltr'><strong>proprietates</strong></span> <span class='ocrx_word' id='word_1_280' title='bbox 1015 1768 1055 1799; x_wconf 90' lang='lat' dir='ltr'><strong>ab</strong></span> <span class='ocrx_word' id='word_1_281' title='bbox 1079 1778 1118 1799; x_wconf 89' lang='lat' dir='ltr'><strong>ea</strong></span> <span class='ocrx_word' id='word_1_282' title='bbox 1140 1769 1326 1800; x_wconf 85' lang='lat' dir='ltr'><strong>naturaliter</strong></span> 
     </span>
     <span class='ocr_line' id='line_1_37' title="bbox 246 1812 1326 1853; baseline -0.002 -6"><span class='ocrx_word' id='word_1_283' title='bbox 246 1813 458 1847; x_wconf 70' lang='lat' dir='ltr'><strong>resultantes:</strong></span> <span class='ocrx_word' id='word_1_284' title='bbox 481 1813 566 1844; x_wconf 89' lang='lat' dir='ltr'><strong>sicut</strong></span> <span class='ocrx_word' id='word_1_285' title='bbox 587 1822 657 1844; x_wconf 90' lang='lat' dir='ltr'><strong>non</strong></span> <span class='ocrx_word' id='word_1_286' title='bbox 686 1818 826 1853; x_wconf 88' lang='lat' dir='ltr'><strong>possunt</strong></span> <span class='ocrx_word' id='word_1_287' title='bbox 849 1822 965 1844; x_wconf 69' lang='lat' dir='ltr'><strong>omnes</strong></span> <span class='ocrx_word' id='word_1_288' title='bbox 988 1812 1123 1844; x_wconf 87' lang='lat' dir='ltr'><strong>effectus</strong></span> <span class='ocrx_word' id='word_1_289' title='bbox 1151 1822 1268 1844; x_wconf 87' lang='lat' dir='ltr'><strong>causae</strong></span> <span class='ocrx_word' id='word_1_290' title='bbox 1290 1814 1326 1845; x_wconf 92' lang='lat' dir='ltr'><strong>in</strong></span> 
     </span>
     <span class='ocr_line' id='line_1_38' title="bbox 246 1857 1326 1899; baseline -0.001 -9"><span class='ocrx_word' id='word_1_291' title='bbox 246 1867 345 1891; x_wconf 80' lang='lat' dir='ltr'><strong>causa</strong></span> <span class='ocrx_word' id='word_1_292' title='bbox 367 1857 523 1898; x_wconf 84' lang='lat' dir='ltr'><strong>cognosci</strong></span> <span class='ocrx_word' id='word_1_293' title='bbox 546 1857 609 1888; x_wconf 91' lang='lat' dir='ltr'><strong>nisi</strong></span> <span class='ocrx_word' id='word_1_294' title='bbox 632 1866 691 1898; x_wconf 86' lang='lat' dir='ltr'><strong>per</strong></span> <span class='ocrx_word' id='word_1_295' title='bbox 713 1866 830 1889; x_wconf 87' lang='lat' dir='ltr'><strong>causae</strong></span> <span class='ocrx_word' id='word_1_296' title='bbox 853 1858 1193 1898; x_wconf 88' lang='lat' dir='ltr'><strong>comprehensionem,</strong></span> <span class='ocrx_word' id='word_1_297' title='bbox 1217 1867 1326 1899; x_wconf 89' lang='lat' dir='ltr'><strong>neque</strong></span> 
     </span>
     <span class='ocr_line' id='line_1_39' title="bbox 246 1901 1326 1944; baseline -0.001 -9"><span class='ocrx_word' id='word_1_298' title='bbox 246 1901 483 1944; x_wconf 72' lang='lat' dir='ltr'><strong>comprehendi</strong></span> <span class='ocrx_word' id='word_1_299' title='bbox 506 1911 613 1938; x_wconf 87' lang='lat' dir='ltr'><strong>causa,</strong></span> <span class='ocrx_word' id='word_1_300' title='bbox 636 1907 673 1932; x_wconf 93' lang='lat' dir='ltr'><strong>ut</strong></span> <span class='ocrx_word' id='word_1_301' title='bbox 695 1902 752 1938; x_wconf 90' lang='lat' dir='ltr'><strong>sic,</strong></span> <span class='ocrx_word' id='word_1_302' title='bbox 776 1907 884 1943; x_wconf 61' lang='lat' dir='ltr'><strong>potest</strong></span> <span class='ocrx_word' id='word_1_303' title='bbox 905 1902 968 1933; x_wconf 85' lang='lat' dir='ltr'><strong>nisi</strong></span> <span class='ocrx_word' id='word_1_304' title='bbox 989 1911 1048 1943; x_wconf 92' lang='lat' dir='ltr'><strong>per</strong></span> <span class='ocrx_word' id='word_1_305' title='bbox 1071 1903 1221 1934; x_wconf 88' lang='lat' dir='ltr'><strong>omnium</strong></span> <span class='ocrx_word' id='word_1_306' title='bbox 1249 1902 1326 1934; x_wconf 88' lang='lat' dir='ltr'><strong>effe·</strong></span> 
     </span>
     <span class='ocr_line' id='line_1_40' title="bbox 247 1946 933 1987; baseline -0.004 -7"><span class='ocrx_word' id='word_1_307' title='bbox 247 1953 363 1980; x_wconf 84' lang='lat' dir='ltr'><strong>ctuum</strong></span> <span class='ocrx_word' id='word_1_308' title='bbox 386 1947 421 1978; x_wconf 90' lang='lat' dir='ltr'><strong>in</strong></span> <span class='ocrx_word' id='word_1_309' title='bbox 443 1955 529 1987; x_wconf 90' lang='lat' dir='ltr'><strong>quos</strong></span> <span class='ocrx_word' id='word_1_310' title='bbox 551 1951 661 1987; x_wconf 89' lang='lat' dir='ltr'><strong>potest</strong></span> <span class='ocrx_word' id='word_1_311' title='bbox 682 1946 933 1987; x_wconf 77' lang='lat' dir='ltr'><strong>inspectionem.</strong></span> 
     </span>
    </p>

    <p class='ocr_par' dir='ltr' id='par_1_10' title="bbox 247 1989 1326 2343">
     <span class='ocr_line' id='line_1_41' title="bbox 305 1989 1326 2032; baseline 0 -9"><span class='ocrx_word' id='word_1_312' title='bbox 305 1991 336 2023; x_wconf 83' lang='lat'><strong>3.</strong></span> <span class='ocrx_word' id='word_1_313' title='bbox 360 1990 532 2029; x_wconf 86' lang='lat' dir='ltr'><strong>Quantum</strong></span> <span class='ocrx_word' id='word_1_314' title='bbox 565 1989 607 2021; x_wconf 90' lang='lat' dir='ltr'><strong>ad</strong></span> <span class='ocrx_word' id='word_1_315' title='bbox 636 1990 810 2027; x_wconf 88' lang='lat' dir='ltr'><strong>minorem,</strong></span> <span class='ocrx_word' id='word_1_316' title='bbox 833 1990 1067 2022; x_wconf 86' lang='lat' dir='ltr'><strong>advertendum</strong></span> <span class='ocrx_word' id='word_1_317' title='bbox 1090 1991 1209 2031; x_wconf 89' lang='lat' dir='ltr'><strong>primo,</strong></span> <span class='ocrx_word' id='word_1_318' title='bbox 1234 1991 1326 2032; x_wconf 91' lang='lat' dir='ltr'><strong>quod</strong></span> 
     </span>
     <span class='ocr_line' id='line_1_42' title="bbox 247 2034 1326 2075; baseline -0.001 -7"><span class='ocrx_word' id='word_1_319' title='bbox 247 2045 317 2068; x_wconf 86' lang='lat' dir='ltr'><strong>non</strong></span> <span class='ocrx_word' id='word_1_320' title='bbox 341 2035 420 2067; x_wconf 88' lang='lat' dir='ltr'><strong>dixit</strong></span> <span class='ocrx_word' id='word_1_321' title='bbox 442 2034 631 2075; x_wconf 85' lang='lat' dir='ltr'><strong>simpliciter</strong></span> <span class='ocrx_word' id='word_1_322' title='bbox 645 2034 784 2066; x_wconf 87' lang='lat' dir='ltr'><strong>Sanctus</strong></span> <span class='ocrx_word' id='word_1_323' title='bbox 799 2034 946 2066; x_wconf 89' lang='lat' dir='ltr'><strong>Th0mas</strong></span> <span class='ocrx_word' id='word_1_324' title='bbox 969 2044 1008 2066; x_wconf 93' lang='lat' dir='ltr'><strong>ex</strong></span> <span class='ocrx_word' id='word_1_325' title='bbox 1031 2036 1235 2066; x_wconf 89' lang='lat' dir='ltr'><strong>sensibilibus</strong></span> <span class='ocrx_word' id='word_1_326' title='bbox 1257 2046 1326 2067; x_wconf 87' lang='lat' dir='ltr'><strong>non</strong></span> 
     </span>
     <span class='ocr_line' id='line_1_43' title="bbox 247 2079 1324 2123; baseline -0.001 -11"><span class='ocrx_word' id='word_1_327' title='bbox 247 2090 345 2123; x_wconf 87' lang='lat' dir='ltr'><strong>posse</strong></span> <span class='ocrx_word' id='word_1_328' title='bbox 361 2079 518 2121; x_wconf 84' lang='lat' dir='ltr'><strong>cognosci</strong></span> <span class='ocrx_word' id='word_1_329' title='bbox 533 2079 744 2110; x_wconf 81' lang='lat' dir='ltr'><strong>substantiam</strong></span> <span class='ocrx_word' id='word_1_330' title='bbox 763 2079 836 2116; x_wconf 90' lang='lat' dir='ltr'><strong>Dei,</strong></span> <span class='ocrx_word' id='word_1_331' title='bbox 852 2079 909 2111; x_wconf 91' lang='lat' dir='ltr'><strong>sed</strong></span> <span class='ocrx_word' id='word_1_332' title='bbox 924 2079 1057 2116; x_wconf 86' lang='lat' dir='ltr'><strong>addidit,</strong></span> <span class='ocrx_word' id='word_1_333' title='bbox 1074 2085 1111 2111; x_wconf 82' lang='lat' dir='ltr'><strong>ut</strong></span> <span class='ocrx_word' id='word_1_334' title='bbox 1125 2080 1276 2112; x_wconf 71' lang='lat' dir='ltr'><strong>videatur</strong></span> <span class='ocrx_word' id='word_1_335' title='bbox 1291 2081 1324 2111; x_wconf 87' lang='lat' dir='ltr'><strong>in</strong></span> 
     </span>
     <span class='ocr_line' id='line_1_44' title="bbox 248 2123 1325 2167; baseline -0.001 -10"><span class='ocrx_word' id='word_1_336' title='bbox 248 2125 327 2167; x_wconf 73' lang='lat' dir='ltr'><strong>ipsis</strong></span> <span class='ocrx_word' id='word_1_337' title='bbox 349 2124 428 2166; x_wconf 78' lang='lat' dir='ltr'><strong>quid</strong></span> <span class='ocrx_word' id='word_1_338' title='bbox 449 2124 512 2155; x_wconf 82' lang='lat' dir='ltr'><strong>sit:</strong></span> <span class='ocrx_word' id='word_1_339' title='bbox 534 2124 611 2164; x_wconf 88' lang='lat' dir='ltr'><strong>quia</strong></span> <span class='ocrx_word' id='word_1_340' title='bbox 626 2123 789 2155; x_wconf 88' lang='lat' dir='ltr'><strong>sensibilia</strong></span> <span class='ocrx_word' id='word_1_341' title='bbox 811 2124 942 2165; x_wconf 88' lang='lat' dir='ltr'><strong>cognita</strong></span> <span class='ocrx_word' id='word_1_342' title='bbox 965 2123 1088 2156; x_wconf 82' lang='lat' dir='ltr'><strong>faciunt</strong></span> <span class='ocrx_word' id='word_1_343' title='bbox 1112 2124 1246 2166; x_wconf 89' lang='lat' dir='ltr'><strong>quidem</strong></span> <span class='ocrx_word' id='word_1_344' title='bbox 1263 2135 1325 2156; x_wconf 90' lang='lat' dir='ltr'><strong>nos</strong></span> 
     </span>
     <span class='ocr_line' id='line_1_45' title="bbox 247 2167 1325 2211; baseline 0 -11"><span class='ocrx_word' id='word_1_345' title='bbox 247 2177 447 2211; x_wconf 82' lang='lat' dir='ltr'><strong>cognoscere</strong></span> <span class='ocrx_word' id='word_1_346' title='bbox 470 2167 532 2199; x_wconf 92' lang='lat' dir='ltr'><strong>Dei</strong></span> <span class='ocrx_word' id='word_1_347' title='bbox 555 2168 777 2204; x_wconf 86' lang='lat' dir='ltr'><strong>substantiam,</strong></span> <span class='ocrx_word' id='word_1_348' title='bbox 793 2178 834 2199; x_wconf 91' lang='lat' dir='ltr'><strong>eo</strong></span> <span class='ocrx_word' id='word_1_349' title='bbox 851 2167 942 2209; x_wconf 92' lang='lat' dir='ltr'><strong>quod</strong></span> <span class='ocrx_word' id='word_1_350' title='bbox 961 2169 1072 2200; x_wconf 89' lang='lat' dir='ltr'><strong>omnia</strong></span> <span class='ocrx_word' id='word_1_351' title='bbox 1088 2178 1172 2210; x_wconf 89' lang='lat' dir='ltr'><strong>quae</strong></span> <span class='ocrx_word' id='word_1_352' title='bbox 1194 2170 1228 2200; x_wconf 92' lang='lat' dir='ltr'><strong>in</strong></span> <span class='ocrx_word' id='word_1_353' title='bbox 1252 2169 1325 2201; x_wconf 92' lang='lat' dir='ltr'><strong>Deo</strong></span> 
     </span>
     <span class='ocr_line' id='line_1_46' title="bbox 248 2211 1326 2254; baseline -0.001 -8"><span class='ocrx_word' id='word_1_354' title='bbox 248 2219 324 2247; x_wconf 83' lang='lat' dir='ltr'><strong>sunt</strong></span> <span class='ocrx_word' id='word_1_355' title='bbox 347 2213 524 2245; x_wconf 84' lang='lat' dir='ltr'><strong>substantia</strong></span> <span class='ocrx_word' id='word_1_356' title='bbox 547 2213 628 2249; x_wconf 91' lang='lat' dir='ltr'><strong>sint;</strong></span> <span class='ocrx_word' id='word_1_357' title='bbox 648 2211 706 2243; x_wconf 87' lang='lat' dir='ltr'><strong>sed</strong></span> <span class='ocrx_word' id='word_1_358' title='bbox 728 2212 769 2244; x_wconf 89' lang='lat' dir='ltr'><strong>ad</strong></span> <span class='ocrx_word' id='word_1_359' title='bbox 791 2213 856 2243; x_wconf 93' lang='lat' dir='ltr'><strong>hoc</strong></span> <span class='ocrx_word' id='word_1_360' title='bbox 879 2222 941 2244; x_wconf 88' lang='lat' dir='ltr'><strong>nos</strong></span> <span class='ocrx_word' id='word_1_361' title='bbox 963 2212 1142 2254; x_wconf 88' lang='lat' dir='ltr'><strong>perducere</strong></span> <span class='ocrx_word' id='word_1_362' title='bbox 1164 2223 1234 2245; x_wconf 90' lang='lat' dir='ltr'><strong>non</strong></span> <span class='ocrx_word' id='word_1_363' title='bbox 1249 2223 1326 2254; x_wconf 90' lang='lat' dir='ltr'><strong>pos-</strong></span> 
     </span>
     <span class='ocr_line' id='line_1_47' title="bbox 248 2255 1326 2300; baseline -0.001 -9"><span class='ocrx_word' id='word_1_364' title='bbox 248 2263 325 2291; x_wconf 86' lang='lat' dir='ltr'><strong>sunt</strong></span> <span class='ocrx_word' id='word_1_365' title='bbox 346 2263 384 2289; x_wconf 91' lang='lat' dir='ltr'><strong>ut</strong></span> <span class='ocrx_word' id='word_1_366' title='bbox 415 2266 493 2288; x_wconf 87' lang='lat' dir='ltr'><strong>eum</strong></span> <span class='ocrx_word' id='word_1_367' title='bbox 516 2255 728 2297; x_wconf 86' lang='lat' dir='ltr'><strong>quidditative</strong></span> <span class='ocrx_word' id='word_1_368' title='bbox 755 2266 993 2297; x_wconf 87' lang='lat' dir='ltr'><strong>cognoscamus</strong></span> <span class='ocrx_word' id='word_1_369' title='bbox 1026 2257 1208 2289; x_wconf 88' lang='lat' dir='ltr'><strong>secundum</strong></span> <span class='ocrx_word' id='word_1_370' title='bbox 1234 2258 1326 2300; x_wconf 90' lang='lat' dir='ltr'><strong>quod</strong></span> 
     </span>
     <span class='ocr_line' id='line_1_48' title="bbox 247 2300 1325 2343; baseline -0.002 -7"><span class='ocrx_word' id='word_1_371' title='bbox 247 2304 283 2336; x_wconf 84' lang='lat' dir='ltr'><strong>in</strong></span> <span class='ocrx_word' id='word_1_372' title='bbox 305 2312 341 2335; x_wconf 83' lang='lat' dir='ltr'><strong>se</strong></span> <span class='ocrx_word' id='word_1_373' title='bbox 356 2307 414 2339; x_wconf 87' lang='lat' dir='ltr'><strong>est,</strong></span> <span class='ocrx_word' id='word_1_374' title='bbox 430 2300 523 2343; x_wconf 92' lang='lat' dir='ltr'><strong>quod</strong></span> <span class='ocrx_word' id='word_1_375' title='bbox 538 2306 622 2332; x_wconf 87' lang='lat' dir='ltr'><strong>esset</strong></span> <span class='ocrx_word' id='word_1_376' title='bbox 643 2302 776 2342; x_wconf 87' lang='lat' dir='ltr'><strong>proprie</strong></span> <span class='ocrx_word' id='word_1_377' title='bbox 798 2301 860 2332; x_wconf 92' lang='lat' dir='ltr'><strong>Dei</strong></span> <span class='ocrx_word' id='word_1_378' title='bbox 883 2302 1094 2333; x_wconf 87' lang='lat' dir='ltr'><strong>substantiam</strong></span> <span class='ocrx_word' id='word_1_379' title='bbox 1114 2312 1325 2343; x_wconf 89' lang='lat' dir='ltr'><strong>cognoscere.</strong></span> 
     </span>
    </p>

    <p class='ocr_par' dir='ltr' id='par_1_11' title="bbox 247 2345 1327 3233">
     <span class='ocr_line' id='line_1_49' title="bbox 304 2345 1327 2386; baseline 0 -7"><span class='ocrx_word' id='word_1_380' title='bbox 304 2346 552 2380; x_wconf 84' lang='lat' dir='ltr'><strong>Advertendum</strong></span> <span class='ocrx_word' id='word_1_381' title='bbox 582 2345 742 2382; x_wconf 90' lang='lat' dir='ltr'><strong>secundo,</strong></span> <span class='ocrx_word' id='word_1_382' title='bbox 771 2345 863 2386; x_wconf 90' lang='lat' dir='ltr'><strong>quod</strong></span> <span class='ocrx_word' id='word_1_383' title='bbox 891 2346 983 2377; x_wconf 90' lang='lat' dir='ltr'><strong>aliter</strong></span> <span class='ocrx_word' id='word_1_384' title='bbox 1009 2347 1177 2378; x_wconf 90' lang='lat' dir='ltr'><strong>obiectum</strong></span> <span class='ocrx_word' id='word_1_385' title='bbox 1209 2347 1327 2379; x_wconf 89' lang='lat' dir='ltr'><strong>dicitur</strong></span> 
     </span>
     <span class='ocr_line' id='line_1_50' title="bbox 248 2390 1326 2432; baseline 0 -8"><span class='ocrx_word' id='word_1_386' title='bbox 248 2391 467 2432; x_wconf 83' lang='lat' dir='ltr'><strong>adaequatum</strong></span> <span class='ocrx_word' id='word_1_387' title='bbox 489 2391 666 2432; x_wconf 90' lang='lat' dir='ltr'><strong>potentiae,</strong></span> <span class='ocrx_word' id='word_1_388' title='bbox 683 2396 715 2421; x_wconf 89' lang='lat' dir='ltr'><strong>et</strong></span> <span class='ocrx_word' id='word_1_389' title='bbox 738 2390 828 2421; x_wconf 88' lang='lat' dir='ltr'><strong>aliter</strong></span> <span class='ocrx_word' id='word_1_390' title='bbox 843 2390 977 2422; x_wconf 84' lang='lat' dir='ltr'><strong>effectus</strong></span> <span class='ocrx_word' id='word_1_391' title='bbox 1000 2400 1126 2422; x_wconf 88' lang='lat' dir='ltr'><strong>causae.</strong></span> <span class='ocrx_word' id='word_1_392' title='bbox 1151 2391 1326 2424; x_wconf 91' lang='lat' dir='ltr'><strong>Obiectum</strong></span> 
     </span>
     <span class='ocr_line' id='line_1_51' title="bbox 249 2434 1326 2477; baseline -0.001 -8"><span class='ocrx_word' id='word_1_393' title='bbox 249 2437 338 2469; x_wconf 87' lang='lat' dir='ltr'><strong>enim</strong></span> <span class='ocrx_word' id='word_1_394' title='bbox 361 2435 478 2467; x_wconf 90' lang='lat' dir='ltr'><strong>dicitur</strong></span> <span class='ocrx_word' id='word_1_395' title='bbox 505 2435 673 2476; x_wconf 89' lang='lat' dir='ltr'><strong>potentiae</strong></span> <span class='ocrx_word' id='word_1_396' title='bbox 705 2434 923 2476; x_wconf 87' lang='lat' dir='ltr'><strong>adaequatum</strong></span> <span class='ocrx_word' id='word_1_397' title='bbox 955 2435 1138 2468; x_wconf 90' lang='lat' dir='ltr'><strong>secundum</strong></span> <span class='ocrx_word' id='word_1_398' title='bbox 1161 2436 1326 2477; x_wconf 88' lang='lat' dir='ltr'><strong>quandam</strong></span> 
     </span>
     <span class='ocr_line' id='line_1_52' title="bbox 249 2479 1327 2522; baseline 0 -9"><span class='ocrx_word' id='word_1_399' title='bbox 249 2481 520 2513; x_wconf 83' lang='lat' dir='ltr'><strong>communitatem</strong></span> <span class='ocrx_word' id='word_1_400' title='bbox 542 2480 752 2510; x_wconf 88' lang='lat' dir='ltr'><strong>extensionis:</strong></span> <span class='ocrx_word' id='word_1_401' title='bbox 770 2480 848 2520; x_wconf 90' lang='lat' dir='ltr'><strong>quia</strong></span> <span class='ocrx_word' id='word_1_402' title='bbox 868 2479 1019 2511; x_wconf 88' lang='lat' dir='ltr'><strong>videlicet</strong></span> <span class='ocrx_word' id='word_1_403' title='bbox 1033 2481 1231 2522; x_wconf 90' lang='lat' dir='ltr'><strong>cuicumque</strong></span> <span class='ocrx_word' id='word_1_404' title='bbox 1247 2491 1327 2513; x_wconf 90' lang='lat' dir='ltr'><strong>con-</strong></span> 
     </span>
     <span class='ocr_line' id='line_1_53' title="bbox 248 2524 1327 2567; baseline 0.002 -11"><span class='ocrx_word' id='word_1_405' title='bbox 248 2526 338 2557; x_wconf 82' lang='lat' dir='ltr'><strong>venit</strong></span> <span class='ocrx_word' id='word_1_406' title='bbox 360 2524 442 2556; x_wconf 89' lang='lat' dir='ltr'><strong>ratio</strong></span> <span class='ocrx_word' id='word_1_407' title='bbox 465 2524 551 2556; x_wconf 89' lang='lat' dir='ltr'><strong>illius</strong></span> <span class='ocrx_word' id='word_1_408' title='bbox 574 2524 706 2560; x_wconf 92' lang='lat' dir='ltr'><strong>obiecti,</strong></span> <span class='ocrx_word' id='word_1_409' title='bbox 729 2524 811 2555; x_wconf 91' lang='lat' dir='ltr'><strong>illud</strong></span> <span class='ocrx_word' id='word_1_410' title='bbox 826 2534 845 2554; x_wconf 91' lang='lat' dir='ltr'><strong>a</strong></span> <span class='ocrx_word' id='word_1_411' title='bbox 864 2524 920 2555; x_wconf 89' lang='lat' dir='ltr'><strong>tali</strong></span> <span class='ocrx_word' id='word_1_412' title='bbox 946 2525 1093 2565; x_wconf 86' lang='lat' dir='ltr'><strong>potentia</strong></span> <span class='ocrx_word' id='word_1_413' title='bbox 1117 2526 1230 2566; x_wconf 89' lang='lat' dir='ltr'><strong>attingi</strong></span> <span class='ocrx_word' id='word_1_414' title='bbox 1252 2532 1327 2567; x_wconf 92' lang='lat' dir='ltr'><strong>pot—</strong></span> 
     </span>
     <span class='ocr_line' id='line_1_54' title="bbox 248 2567 1327 2611; baseline 0 -9"><span class='ocrx_word' id='word_1_415' title='bbox 248 2575 308 2607; x_wconf 86' lang='lat' dir='ltr'><strong>est,</strong></span> <span class='ocrx_word' id='word_1_416' title='bbox 325 2575 357 2601; x_wconf 88' lang='lat' dir='ltr'><strong>et</strong></span> <span class='ocrx_word' id='word_1_417' title='bbox 379 2578 399 2600; x_wconf 92' lang='lat' dir='ltr'><strong>e</strong></span> <span class='ocrx_word' id='word_1_418' title='bbox 421 2569 584 2600; x_wconf 89' lang='lat' dir='ltr'><strong>contrario</strong></span> <span class='ocrx_word' id='word_1_419' title='bbox 607 2567 765 2610; x_wconf 90' lang='lat' dir='ltr'><strong>quicquid</strong></span> <span class='ocrx_word' id='word_1_420' title='bbox 780 2578 799 2599; x_wconf 90' lang='lat' dir='ltr'><strong>a</strong></span> <span class='ocrx_word' id='word_1_421' title='bbox 814 2569 961 2610; x_wconf 80' lang='lat' dir='ltr'><strong>potentia</strong></span> <span class='ocrx_word' id='word_1_422' title='bbox 975 2574 1085 2610; x_wconf 82' lang='lat' dir='ltr'><strong>potest</strong></span> <span class='ocrx_word' id='word_1_423' title='bbox 1107 2570 1230 2611; x_wconf 88' lang='lat' dir='ltr'><strong>attingi,</strong></span> <span class='ocrx_word' id='word_1_424' title='bbox 1246 2570 1327 2602; x_wconf 91' lang='lat' dir='ltr'><strong>illud</strong></span> 
     </span>
     <span class='ocr_line' id='line_1_55' title="bbox 248 2613 1326 2652; baseline 0.001 -6"><span class='ocrx_word' id='word_1_425' title='bbox 248 2615 309 2647; x_wconf 88' lang='lat' dir='ltr'><strong>sub</strong></span> <span class='ocrx_word' id='word_1_426' title='bbox 333 2624 375 2645; x_wconf 90' lang='lat' dir='ltr'><strong>eo</strong></span> <span class='ocrx_word' id='word_1_427' title='bbox 399 2613 585 2645; x_wconf 90' lang='lat' dir='ltr'><strong>continetur</strong></span> <span class='ocrx_word' id='word_1_428' title='bbox 607 2614 748 2644; x_wconf 91' lang='lat' dir='ltr'><strong>obiecto.</strong></span> <span class='ocrx_word' id='word_1_429' title='bbox 770 2613 859 2652; x_wconf 86' lang='lat' dir='ltr'><strong>Quia</strong></span> <span class='ocrx_word' id='word_1_430' title='bbox 880 2623 958 2645; x_wconf 87' lang='lat' dir='ltr'><strong>vero</strong></span> <span class='ocrx_word' id='word_1_431' title='bbox 975 2613 1016 2645; x_wconf 91' lang='lat' dir='ltr'><strong>de</strong></span> <span class='ocrx_word' id='word_1_432' title='bbox 1038 2614 1163 2646; x_wconf 89' lang='lat' dir='ltr'><strong>ratione</strong></span> <span class='ocrx_word' id='word_1_433' title='bbox 1183 2614 1326 2652; x_wconf 86' lang='lat' dir='ltr'><strong>effectus,</strong></span> 
     </span>
     <span class='ocr_line' id='line_1_56' title="bbox 247 2657 1327 2700; baseline 0 -9"><span class='ocrx_word' id='word_1_434' title='bbox 247 2660 445 2700; x_wconf 86' lang='lat' dir='ltr'><strong>inquantum</strong></span> <span class='ocrx_word' id='word_1_435' title='bbox 467 2657 667 2696; x_wconf 89' lang='lat' dir='ltr'><strong>huiusmodi,</strong></span> <span class='ocrx_word' id='word_1_436' title='bbox 688 2663 736 2689; x_wconf 93' lang='lat' dir='ltr'><strong>est</strong></span> <span class='ocrx_word' id='word_1_437' title='bbox 749 2668 769 2688; x_wconf 91' lang='lat' dir='ltr'><strong>a</strong></span> <span class='ocrx_word' id='word_1_438' title='bbox 790 2668 849 2689; x_wconf 90' lang='lat' dir='ltr'><strong>sua</strong></span> <span class='ocrx_word' id='word_1_439' title='bbox 872 2667 968 2689; x_wconf 89' lang='lat' dir='ltr'><strong>causa</strong></span> <span class='ocrx_word' id='word_1_440' title='bbox 991 2658 1186 2699; x_wconf 90' lang='lat' dir='ltr'><strong>dependere,</strong></span> <span class='ocrx_word' id='word_1_441' title='bbox 1211 2660 1327 2691; x_wconf 91' lang='lat' dir='ltr'><strong>dicitur</strong></span> 
     </span>
     <span class='ocr_line' id='line_1_57' title="bbox 249 2701 1326 2743; baseline 0 -7"><span class='ocrx_word' id='word_1_442' title='bbox 249 2703 383 2736; x_wconf 78' lang='lat' dir='ltr'><strong>effectus</strong></span> <span class='ocrx_word' id='word_1_443' title='bbox 395 2712 527 2734; x_wconf 88' lang='lat' dir='ltr'><strong>causam</strong></span> <span class='ocrx_word' id='word_1_444' title='bbox 539 2701 730 2743; x_wconf 88' lang='lat' dir='ltr'><strong>adaequare,</strong></span> <span class='ocrx_word' id='word_1_445' title='bbox 743 2707 780 2733; x_wconf 88' lang='lat' dir='ltr'><strong>ut</strong></span> <span class='ocrx_word' id='word_1_446' title='bbox 790 2702 917 2734; x_wconf 90' lang='lat' dir='ltr'><strong>videtur</strong></span> <span class='ocrx_word' id='word_1_447' title='bbox 928 2703 1012 2734; x_wconf 90' lang='lat' dir='ltr'><strong>velle</strong></span> <span class='ocrx_word' id='word_1_448' title='bbox 1028 2702 1165 2735; x_wconf 87' lang='lat' dir='ltr'><strong>Sanctus</strong></span> <span class='ocrx_word' id='word_1_449' title='bbox 1180 2704 1326 2736; x_wconf 88' lang='lat' dir='ltr'><strong>Thomas</strong></span> 
     </span>
     <span class='ocr_line' id='line_1_58' title="bbox 255 2747 1327 2788; baseline 0.001 -8"><span class='ocrx_word' id='word_1_450' title='bbox 255 2748 369 2780; x_wconf 87' lang='lat' dir='ltr'><strong>Tertio</strong></span> <span class='ocrx_word' id='word_1_451' title='bbox 392 2747 500 2783; x_wconf 89' lang='lat' dir='ltr'><strong>huius,</strong></span> <span class='ocrx_word' id='word_1_452' title='bbox 525 2756 553 2778; x_wconf 91' lang='lat' dir='ltr'><strong>c.</strong></span> <span class='ocrx_word' id='word_1_453' title='bbox 569 2757 652 2784; x_wconf 79' lang='lat' dir='ltr'><strong>xux,</strong></span> <span class='ocrx_word' id='word_1_454' title='bbox 676 2747 809 2788; x_wconf 78' lang='lat' dir='ltr'><strong>quando</strong></span> <span class='ocrx_word' id='word_1_455' title='bbox 833 2747 867 2778; x_wconf 80' lang='lat' dir='ltr'><strong>in</strong></span> <span class='ocrx_word' id='word_1_456' title='bbox 891 2748 961 2788; x_wconf 76' lang='lat' dir='ltr'><strong>ipso</strong></span> <span class='ocrx_word' id='word_1_457' title='bbox 986 2752 1055 2778; x_wconf 87' lang='lat' dir='ltr'><strong>tota</strong></span> <span class='ocrx_word' id='word_1_458' title='bbox 1079 2749 1183 2780; x_wconf 80' lang='lat' dir='ltr'><strong>virtus</strong></span> <span class='ocrx_word' id='word_1_459' title='bbox 1206 2759 1327 2781; x_wconf 82' lang='lat' dir='ltr'><strong>causae</strong></span> 
     </span>
     <span class='ocr_line' id='line_1_59' title="bbox 248 2791 1327 2834; baseline 0.003 -12"><span class='ocrx_word' id='word_1_460' title='bbox 248 2792 455 2834; x_wconf 74' lang='lat' dir='ltr'><strong>exprimitur.</strong></span> <span class='ocrx_word' id='word_1_461' title='bbox 481 2791 557 2823; x_wconf 85' lang='lat' dir='ltr'><strong>Hoc</strong></span> <span class='ocrx_word' id='word_1_462' title='bbox 587 2797 697 2823; x_wconf 88' lang='lat' dir='ltr'><strong>autem</strong></span> <span class='ocrx_word' id='word_1_463' title='bbox 721 2801 791 2824; x_wconf 88' lang='lat' dir='ltr'><strong>esse</strong></span> <span class='ocrx_word' id='word_1_464' title='bbox 817 2798 900 2832; x_wconf 94' lang='lat' dir='ltr'><strong>puto</strong></span> <span class='ocrx_word' id='word_1_465' title='bbox 932 2792 1066 2832; x_wconf 91' lang='lat' dir='ltr'><strong>quando</strong></span> <span class='ocrx_word' id='word_1_466' title='bbox 1090 2802 1148 2833; x_wconf 90' lang='lat' dir='ltr'><strong>per</strong></span> <span class='ocrx_word' id='word_1_467' title='bbox 1174 2794 1327 2825; x_wconf 87' lang='lat' dir='ltr'><strong>virtutem</strong></span> 
     </span>
     <span class='ocr_line' id='line_1_60' title="bbox 248 2835 1327 2878; baseline -0.001 -8"><span class='ocrx_word' id='word_1_468' title='bbox 248 2846 366 2870; x_wconf 83' lang='lat' dir='ltr'><strong>causae</strong></span> <span class='ocrx_word' id='word_1_469' title='bbox 387 2835 580 2878; x_wconf 88' lang='lat' dir='ltr'><strong>producitur</strong></span> <span class='ocrx_word' id='word_1_470' title='bbox 603 2835 737 2867; x_wconf 85' lang='lat' dir='ltr'><strong>effectus</strong></span> <span class='ocrx_word' id='word_1_471' title='bbox 759 2842 867 2867; x_wconf 89' lang='lat' dir='ltr'><strong>tantae</strong></span> <span class='ocrx_word' id='word_1_472' title='bbox 882 2836 1092 2877; x_wconf 88' lang='lat' dir='ltr'><strong>perfectionis</strong></span> <span class='ocrx_word' id='word_1_473' title='bbox 1115 2843 1255 2878; x_wconf 90' lang='lat' dir='ltr'><strong>quantae</strong></span> <span class='ocrx_word' id='word_1_474' title='bbox 1279 2844 1327 2870; x_wconf 89' lang='lat' dir='ltr'><strong>est</strong></span> 
     </span>
     <span class='ocr_line' id='line_1_61' title="bbox 249 2880 1326 2922; baseline 0.001 -9"><span class='ocrx_word' id='word_1_475' title='bbox 249 2891 356 2913; x_wconf 88' lang='lat' dir='ltr'><strong>causa.</strong></span> <span class='ocrx_word' id='word_1_476' title='bbox 375 2880 520 2920; x_wconf 85' lang='lat' dir='ltr'><strong>Quando</strong></span> <span class='ocrx_word' id='word_1_477' title='bbox 543 2890 622 2911; x_wconf 90' lang='lat' dir='ltr'><strong>vero</strong></span> <span class='ocrx_word' id='word_1_478' title='bbox 645 2881 680 2911; x_wconf 87' lang='lat' dir='ltr'><strong>in</strong></span> <span class='ocrx_word' id='word_1_479' title='bbox 703 2880 822 2913; x_wconf 85' lang='lat' dir='ltr'><strong>effectu</strong></span> <span class='ocrx_word' id='word_1_480' title='bbox 837 2885 907 2911; x_wconf 91' lang='lat' dir='ltr'><strong>tota</strong></span> <span class='ocrx_word' id='word_1_481' title='bbox 928 2890 998 2912; x_wconf 89' lang='lat' dir='ltr'><strong>non</strong></span> <span class='ocrx_word' id='word_1_482' title='bbox 1022 2882 1211 2922; x_wconf 85' lang='lat' dir='ltr'><strong>exprimitur</strong></span> <span class='ocrx_word' id='word_1_483' title='bbox 1225 2883 1326 2914; x_wconf 87' lang='lat' dir='ltr'><strong>virtus</strong></span> 
     </span>
     <span class='ocr_line' id='line_1_62' title="bbox 249 2923 1326 2968; baseline 0 -10"><span class='ocrx_word' id='word_1_484' title='bbox 249 2935 376 2961; x_wconf 86' lang='lat' dir='ltr'><strong>causae,</strong></span> <span class='ocrx_word' id='word_1_485' title='bbox 393 2925 470 2966; x_wconf 89' lang='lat' dir='ltr'><strong>quia</strong></span> <span class='ocrx_word' id='word_1_486' title='bbox 492 2923 642 2955; x_wconf 86' lang='lat' dir='ltr'><strong>videlicet</strong></span> <span class='ocrx_word' id='word_1_487' title='bbox 664 2934 733 2955; x_wconf 92' lang='lat' dir='ltr'><strong>non</strong></span> <span class='ocrx_word' id='word_1_488' title='bbox 757 2930 805 2955; x_wconf 91' lang='lat' dir='ltr'><strong>est</strong></span> <span class='ocrx_word' id='word_1_489' title='bbox 827 2930 934 2956; x_wconf 87' lang='lat' dir='ltr'><strong>tantae</strong></span> <span class='ocrx_word' id='word_1_490' title='bbox 954 2925 1163 2966; x_wconf 83' lang='lat' dir='ltr'><strong>perfectionis</strong></span> <span class='ocrx_word' id='word_1_491' title='bbox 1186 2933 1326 2968; x_wconf 92' lang='lat' dir='ltr'><strong>quantae</strong></span> 
     </span>
     <span class='ocr_line' id='line_1_63' title="bbox 249 2968 1327 3011; baseline 0.002 -10"><span class='ocrx_word' id='word_1_492' title='bbox 249 2975 298 3001; x_wconf 89' lang='lat' dir='ltr'><strong>est</strong></span> <span class='ocrx_word' id='word_1_493' title='bbox 312 2979 371 3000; x_wconf 91' lang='lat' dir='ltr'><strong>sua</strong></span> <span class='ocrx_word' id='word_1_494' title='bbox 386 2979 493 3006; x_wconf 89' lang='lat' dir='ltr'><strong>causa,</strong></span> <span class='ocrx_word' id='word_1_495' title='bbox 512 2968 604 3010; x_wconf 91' lang='lat' dir='ltr'><strong>quod</strong></span> <span class='ocrx_word' id='word_1_496' title='bbox 627 2978 704 3000; x_wconf 91' lang='lat' dir='ltr'><strong>sane</strong></span> <span class='ocrx_word' id='word_1_497' title='bbox 728 2968 926 3009; x_wconf 90' lang='lat' dir='ltr'><strong>deprehendi</strong></span> <span class='ocrx_word' id='word_1_498' title='bbox 949 2976 1058 3010; x_wconf 91' lang='lat' dir='ltr'><strong>potest</strong></span> <span class='ocrx_word' id='word_1_499' title='bbox 1072 2970 1205 3011; x_wconf 90' lang='lat' dir='ltr'><strong>quando</strong></span> <span class='ocrx_word' id='word_1_500' title='bbox 1230 2981 1327 3003; x_wconf 91' lang='lat' dir='ltr'><strong>causa</strong></span> 
     </span>
     <span class='ocr_line' id='line_1_64' title="bbox 249 3013 1326 3054; baseline 0.003 -9"><span class='ocrx_word' id='word_1_501' title='bbox 249 3014 403 3046; x_wconf 85' lang='lat' dir='ltr'><strong>effectum</strong></span> <span class='ocrx_word' id='word_1_502' title='bbox 425 3013 483 3044; x_wconf 91' lang='lat' dir='ltr'><strong>illo</strong></span> <span class='ocrx_word' id='word_1_503' title='bbox 506 3013 702 3044; x_wconf 90' lang='lat' dir='ltr'><strong>nobiliorem</strong></span> <span class='ocrx_word' id='word_1_504' title='bbox 718 3013 900 3053; x_wconf 89' lang='lat' dir='ltr'><strong>producere</strong></span> <span class='ocrx_word' id='word_1_505' title='bbox 922 3019 1040 3054; x_wconf 90' lang='lat' dir='ltr'><strong>potest,</strong></span> <span class='ocrx_word' id='word_1_506' title='bbox 1064 3015 1118 3046; x_wconf 92' lang='lat' dir='ltr'><strong>ille</strong></span> <span class='ocrx_word' id='word_1_507' title='bbox 1142 3021 1190 3047; x_wconf 91' lang='lat' dir='ltr'><strong>est</strong></span> <span class='ocrx_word' id='word_1_508' title='bbox 1210 3026 1326 3048; x_wconf 89' lang='lat' dir='ltr'><strong>causae</strong></span> 
     </span>
     <span class='ocr_line' id='line_1_65' title="bbox 248 3056 1327 3099; baseline 0.002 -9"><span class='ocrx_word' id='word_1_509' title='bbox 248 3058 493 3099; x_wconf 88' lang='lat' dir='ltr'><strong>inadaequatus.</strong></span> <span class='ocrx_word' id='word_1_510' title='bbox 509 3056 597 3088; x_wconf 92' lang='lat' dir='ltr'><strong>Cum</strong></span> <span class='ocrx_word' id='word_1_511' title='bbox 613 3066 691 3097; x_wconf 91' lang='lat' dir='ltr'><strong>ergo</strong></span> <span class='ocrx_word' id='word_1_512' title='bbox 707 3057 817 3088; x_wconf 90' lang='lat' dir='ltr'><strong>nullus</strong></span> <span class='ocrx_word' id='word_1_513' title='bbox 840 3057 974 3089; x_wconf 85' lang='lat' dir='ltr'><strong>effectus</strong></span> <span class='ocrx_word' id='word_1_514' title='bbox 990 3058 1117 3090; x_wconf 91' lang='lat' dir='ltr'><strong>divinae</strong></span> <span class='ocrx_word' id='word_1_515' title='bbox 1136 3061 1262 3092; x_wconf 90' lang='lat' dir='ltr'><strong>virtutis</strong></span> <span class='ocrx_word' id='word_1_516' title='bbox 1286 3062 1327 3093; x_wconf 91' lang='lat' dir='ltr'><strong>sit</strong></span> 
     </span>
     <span class='ocr_line' id='line_1_66' title="bbox 250 3101 1325 3145; baseline 0.003 -11"><span class='ocrx_word' id='word_1_517' title='bbox 250 3113 318 3144; x_wconf 90' lang='lat' dir='ltr'><strong>quo</strong></span> <span class='ocrx_word' id='word_1_518' title='bbox 350 3102 547 3134; x_wconf 85' lang='lat' dir='ltr'><strong>nobiliorem</strong></span> <span class='ocrx_word' id='word_1_519' title='bbox 570 3101 752 3142; x_wconf 87' lang='lat' dir='ltr'><strong>producere</strong></span> <span class='ocrx_word' id='word_1_520' title='bbox 778 3112 848 3133; x_wconf 92' lang='lat' dir='ltr'><strong>non</strong></span> <span class='ocrx_word' id='word_1_521' title='bbox 874 3103 987 3143; x_wconf 91' lang='lat' dir='ltr'><strong>possit,</strong></span> <span class='ocrx_word' id='word_1_522' title='bbox 1011 3103 1188 3145; x_wconf 92' lang='lat' dir='ltr'><strong>nullusque</strong></span> <span class='ocrx_word' id='word_1_523' title='bbox 1217 3111 1325 3137; x_wconf 87' lang='lat' dir='ltr'><strong>tantae</strong></span> 
     </span>
     <span class='ocr_line' id='line_1_67' title="bbox 249 3146 1326 3189; baseline 0.002 -10"><span class='ocrx_word' id='word_1_524' title='bbox 249 3147 458 3189; x_wconf 88' lang='lat' dir='ltr'><strong>perfectionis</strong></span> <span class='ocrx_word' id='word_1_525' title='bbox 479 3146 519 3176; x_wconf 90' lang='lat' dir='ltr'><strong>sit</strong></span> <span class='ocrx_word' id='word_1_526' title='bbox 541 3152 682 3187; x_wconf 90' lang='lat' dir='ltr'><strong>quantae</strong></span> <span class='ocrx_word' id='word_1_527' title='bbox 701 3151 749 3177; x_wconf 90' lang='lat' dir='ltr'><strong>est</strong></span> <span class='ocrx_word' id='word_1_528' title='bbox 772 3146 872 3184; x_wconf 90' lang='lat' dir='ltr'><strong>Deus,</strong></span> <span class='ocrx_word' id='word_1_529' title='bbox 891 3147 967 3178; x_wconf 90' lang='lat' dir='ltr'><strong>ideo</strong></span> <span class='ocrx_word' id='word_1_530' title='bbox 990 3148 1100 3180; x_wconf 90' lang='lat' dir='ltr'><strong>nullus</strong></span> <span class='ocrx_word' id='word_1_531' title='bbox 1123 3149 1257 3181; x_wconf 86' lang='lat' dir='ltr'><strong>effectus</strong></span> <span class='ocrx_word' id='word_1_532' title='bbox 1279 3151 1326 3182; x_wconf 90' lang='lat' dir='ltr'><strong>illi</strong></span> 
     </span>
     <span class='ocr_line' id='line_1_68' title="bbox 250 3191 530 3233; baseline -0.007 -10"><span class='ocrx_word' id='word_1_533' title='bbox 250 3197 299 3223; x_wconf 89' lang='lat' dir='ltr'><strong>est</strong></span> <span class='ocrx_word' id='word_1_534' title='bbox 322 3191 530 3233; x_wconf 89' lang='lat' dir='ltr'><strong>adaequatus.</strong></span> 
     </span>
    </p>

    <p class='ocr_par' dir='ltr' id='par_1_12' title="bbox 250 3234 1325 3679">
     <span class='ocr_line' id='line_1_69' title="bbox 305 3234 1325 3279; baseline 0.004 -12"><span class='ocrx_word' id='word_1_535' title='bbox 305 3234 550 3267; x_wconf 83' lang='lat' dir='ltr'><strong>Advertendum</strong></span> <span class='ocrx_word' id='word_1_536' title='bbox 574 3235 669 3265; x_wconf 91' lang='lat' dir='ltr'><strong>tertio</strong></span> <span class='ocrx_word' id='word_1_537' title='bbox 693 3234 794 3276; x_wconf 90' lang='lat' dir='ltr'><strong>quod,</strong></span> <span class='ocrx_word' id='word_1_538' title='bbox 818 3236 895 3276; x_wconf 92' lang='lat' dir='ltr'><strong>quia</strong></span> <span class='ocrx_word' id='word_1_539' title='bbox 917 3237 1017 3267; x_wconf 89' lang='lat' dir='ltr'><strong>virtus</strong></span> <span class='ocrx_word' id='word_1_540' title='bbox 1042 3239 1253 3279; x_wconf 91' lang='lat' dir='ltr'><strong>consequitur</strong></span> <span class='ocrx_word' id='word_1_541' title='bbox 1276 3249 1325 3271; x_wconf 90' lang='lat' dir='ltr'><strong>es-</strong></span> 
     </span>
     <span class='ocr_line' id='line_1_70' title="bbox 250 3280 1325 3321; baseline 0.004 -10"><span class='ocrx_word' id='word_1_542' title='bbox 250 3281 387 3312; x_wconf 90' lang='lat' dir='ltr'><strong>sentiam</strong></span> <span class='ocrx_word' id='word_1_543' title='bbox 410 3281 457 3312; x_wconf 91' lang='lat' dir='ltr'><strong>rei</strong></span> <span class='ocrx_word' id='word_1_544' title='bbox 483 3280 595 3321; x_wconf 90' lang='lat' dir='ltr'><strong>illique</strong></span> <span class='ocrx_word' id='word_1_545' title='bbox 618 3280 895 3320; x_wconf 90' lang='lat' dir='ltr'><strong>proportionatur,</strong></span> <span class='ocrx_word' id='word_1_546' title='bbox 919 3290 996 3312; x_wconf 92' lang='lat' dir='ltr'><strong>cum</strong></span> <span class='ocrx_word' id='word_1_547' title='bbox 1017 3281 1150 3314; x_wconf 87' lang='lat' dir='ltr'><strong>effectus</strong></span> <span class='ocrx_word' id='word_1_548' title='bbox 1173 3283 1325 3315; x_wconf 90' lang='lat' dir='ltr'><strong>virtutem</strong></span> 
     </span>
     <span class='ocr_line' id='line_1_71' title="bbox 250 3324 1325 3366; baseline 0.003 -10"><span class='ocrx_word' id='word_1_549' title='bbox 250 3325 410 3366; x_wconf 91' lang='lat' dir='ltr'><strong>adaequat</strong></span> <span class='ocrx_word' id='word_1_550' title='bbox 432 3334 547 3356; x_wconf 90' lang='lat' dir='ltr'><strong>causae</strong></span> <span class='ocrx_word' id='word_1_551' title='bbox 571 3324 682 3365; x_wconf 85' lang='lat' dir='ltr'><strong>ipsius,</strong></span> <span class='ocrx_word' id='word_1_552' title='bbox 711 3325 808 3356; x_wconf 91' lang='lat' dir='ltr'><strong>etiam</strong></span> <span class='ocrx_word' id='word_1_553' title='bbox 841 3326 978 3356; x_wconf 91' lang='lat' dir='ltr'><strong>essentia</strong></span> <span class='ocrx_word' id='word_1_554' title='bbox 999 3325 1127 3357; x_wconf 87' lang='lat' dir='ltr'><strong>videtur</strong></span> <span class='ocrx_word' id='word_1_555' title='bbox 1154 3328 1325 3360; x_wconf 85' lang='lat' dir='ltr'><strong>essentiam</strong></span> 
     </span>
     <span class='ocr_line' id='line_1_72' title="bbox 250 3369 1325 3410; baseline 0.004 -10"><span class='ocrx_word' id='word_1_556' title='bbox 250 3369 446 3410; x_wconf 90' lang='lat' dir='ltr'><strong>adaequare:</strong></span> <span class='ocrx_word' id='word_1_557' title='bbox 471 3370 555 3400; x_wconf 90' lang='lat' dir='ltr'><strong>sicut</strong></span> <span class='ocrx_word' id='word_1_558' title='bbox 570 3369 672 3400; x_wconf 91' lang='lat' dir='ltr'><strong>homo</strong></span> <span class='ocrx_word' id='word_1_559' title='bbox 688 3370 817 3410; x_wconf 89' lang='lat' dir='ltr'><strong>genitus</strong></span> <span class='ocrx_word' id='word_1_560' title='bbox 832 3369 1014 3401; x_wconf 91' lang='lat' dir='ltr'><strong>secundum</strong></span> <span class='ocrx_word' id='word_1_561' title='bbox 1037 3380 1129 3402; x_wconf 91' lang='lat' dir='ltr'><strong>suam</strong></span> <span class='ocrx_word' id='word_1_562' title='bbox 1153 3373 1325 3404; x_wconf 90' lang='lat' dir='ltr'><strong>essentiam</strong></span> 
     </span>
     <span class='ocr_line' id='line_1_73' title="bbox 250 3413 1325 3457; baseline 0.004 -13"><span class='ocrx_word' id='word_1_563' title='bbox 250 3413 408 3455; x_wconf 87' lang='lat' dir='ltr'><strong>adaequat</strong></span> <span class='ocrx_word' id='word_1_564' title='bbox 422 3414 591 3445; x_wconf 90' lang='lat' dir='ltr'><strong>hominem</strong></span> <span class='ocrx_word' id='word_1_565' title='bbox 609 3419 827 3454; x_wconf 89' lang='lat' dir='ltr'><strong>generantem.</strong></span> <span class='ocrx_word' id='word_1_566' title='bbox 843 3414 979 3454; x_wconf 88' lang='lat' dir='ltr'><strong>Propter</strong></span> <span class='ocrx_word' id='word_1_567' title='bbox 993 3415 1058 3446; x_wconf 92' lang='lat' dir='ltr'><strong>hoc</strong></span> <span class='ocrx_word' id='word_1_568' title='bbox 1075 3425 1114 3446; x_wconf 89' lang='lat' dir='ltr'><strong>ex</strong></span> <span class='ocrx_word' id='word_1_569' title='bbox 1137 3417 1325 3457; x_wconf 88' lang='lat' dir='ltr'><strong>cognitione</strong></span> 
     </span>
     <span class='ocr_line' id='line_1_74' title="bbox 250 3457 1323 3502; baseline 0.004 -13"><span class='ocrx_word' id='word_1_570' title='bbox 250 3458 461 3499; x_wconf 86' lang='lat' dir='ltr'><strong>quidditativa</strong></span> <span class='ocrx_word' id='word_1_571' title='bbox 493 3457 627 3489; x_wconf 84' lang='lat' dir='ltr'><strong>effectus</strong></span> <span class='ocrx_word' id='word_1_572' title='bbox 656 3464 766 3499; x_wconf 90' lang='lat' dir='ltr'><strong>potest</strong></span> <span class='ocrx_word' id='word_1_573' title='bbox 793 3458 1004 3499; x_wconf 89' lang='lat' dir='ltr'><strong>quidditative</strong></span> <span class='ocrx_word' id='word_1_574' title='bbox 1031 3469 1127 3491; x_wconf 93' lang='lat' dir='ltr'><strong>causa</strong></span> <span class='ocrx_word' id='word_1_575' title='bbox 1157 3462 1323 3502; x_wconf 88' lang='lat' dir='ltr'><strong>cognosci.</strong></span> 
     </span>
     <span class='ocr_line' id='line_1_75' title="bbox 250 3502 1324 3545; baseline 0.003 -11"><span class='ocrx_word' id='word_1_576' title='bbox 250 3503 315 3534; x_wconf 92' lang='lat' dir='ltr'><strong>Ubi</strong></span> <span class='ocrx_word' id='word_1_577' title='bbox 338 3509 447 3534; x_wconf 91' lang='lat' dir='ltr'><strong>autem</strong></span> <span class='ocrx_word' id='word_1_578' title='bbox 471 3502 604 3534; x_wconf 82' lang='lat' dir='ltr'><strong>effectus</strong></span> <span class='ocrx_word' id='word_1_579' title='bbox 627 3503 780 3534; x_wconf 88' lang='lat' dir='ltr'><strong>virtutem</strong></span> <span class='ocrx_word' id='word_1_580' title='bbox 809 3513 879 3534; x_wconf 92' lang='lat' dir='ltr'><strong>non</strong></span> <span class='ocrx_word' id='word_1_581' title='bbox 908 3503 1067 3545; x_wconf 91' lang='lat' dir='ltr'><strong>adaequat</strong></span> <span class='ocrx_word' id='word_1_582' title='bbox 1096 3514 1174 3536; x_wconf 91' lang='lat' dir='ltr'><strong>suae</strong></span> <span class='ocrx_word' id='word_1_583' title='bbox 1198 3515 1324 3543; x_wconf 90' lang='lat' dir='ltr'><strong>causae,</strong></span> 
     </span>
     <span class='ocr_line' id='line_1_76' title="bbox 251 3546 1324 3590; baseline 0.004 -12"><span class='ocrx_word' id='word_1_584' title='bbox 251 3547 334 3578; x_wconf 93' lang='lat' dir='ltr'><strong>sicut</strong></span> <span class='ocrx_word' id='word_1_585' title='bbox 355 3548 390 3578; x_wconf 94' lang='lat' dir='ltr'><strong>in</strong></span> <span class='ocrx_word' id='word_1_586' title='bbox 423 3546 590 3579; x_wconf 87' lang='lat' dir='ltr'><strong>effectibus</strong></span> <span class='ocrx_word' id='word_1_587' title='bbox 621 3546 736 3578; x_wconf 89' lang='lat' dir='ltr'><strong>divinis</strong></span> <span class='ocrx_word' id='word_1_588' title='bbox 767 3548 893 3584; x_wconf 85' lang='lat' dir='ltr'><strong>accidit,</strong></span> <span class='ocrx_word' id='word_1_589' title='bbox 925 3558 1034 3590; x_wconf 91' lang='lat' dir='ltr'><strong>neque</strong></span> <span class='ocrx_word' id='word_1_590' title='bbox 1063 3550 1177 3590; x_wconf 89' lang='lat' dir='ltr'><strong>utique</strong></span> <span class='ocrx_word' id='word_1_591' title='bbox 1209 3560 1324 3582; x_wconf 91' lang='lat' dir='ltr'><strong>causae</strong></span> 
     </span>
     <span class='ocr_line' id='line_1_77' title="bbox 251 3591 1324 3635; baseline 0.004 -13"><span class='ocrx_word' id='word_1_592' title='bbox 251 3593 422 3623; x_wconf 69' lang='lat' dir='ltr'><strong>essentiam</strong></span> <span class='ocrx_word' id='word_1_593' title='bbox 445 3591 625 3632; x_wconf 88' lang='lat' dir='ltr'><strong>adaequare</strong></span> <span class='ocrx_word' id='word_1_594' title='bbox 648 3597 766 3632; x_wconf 87' lang='lat' dir='ltr'><strong>potest.</strong></span> <span class='ocrx_word' id='word_1_595' title='bbox 787 3593 830 3623; x_wconf 95' lang='lat' dir='ltr'><strong>Et</strong></span> <span class='ocrx_word' id='word_1_596' title='bbox 851 3602 911 3634; x_wconf 90' lang='lat' dir='ltr'><strong>per</strong></span> <span class='ocrx_word' id='word_1_597' title='bbox 934 3603 1137 3634; x_wconf 91' lang='lat' dir='ltr'><strong>consequens</strong></span> <span class='ocrx_word' id='word_1_598' title='bbox 1162 3604 1200 3625; x_wconf 91' lang='lat' dir='ltr'><strong>ex</strong></span> <span class='ocrx_word' id='word_1_599' title='bbox 1222 3595 1324 3635; x_wconf 91' lang='lat' dir='ltr'><strong>ipsius</strong></span> 
     </span>
     <span class='ocr_line' id='line_1_78' title="bbox 251 3635 1322 3679; baseline 0.003 -12"><span class='ocrx_word' id='word_1_600' title='bbox 251 3635 384 3667; x_wconf 85' lang='lat' dir='ltr'><strong>effectus</strong></span> <span class='ocrx_word' id='word_1_601' title='bbox 407 3637 611 3677; x_wconf 87' lang='lat' dir='ltr'><strong>inspectione</strong></span> <span class='ocrx_word' id='word_1_602' title='bbox 634 3636 777 3677; x_wconf 86' lang='lat' dir='ltr'><strong>perfecte</strong></span> <span class='ocrx_word' id='word_1_603' title='bbox 808 3647 904 3669; x_wconf 90' lang='lat' dir='ltr'><strong>causa</strong></span> <span class='ocrx_word' id='word_1_604' title='bbox 928 3639 1083 3678; x_wconf 90' lang='lat' dir='ltr'><strong>cognosci</strong></span> <span class='ocrx_word' id='word_1_605' title='bbox 1106 3648 1175 3669; x_wconf 93' lang='lat' dir='ltr'><strong>non</strong></span> <span class='ocrx_word' id='word_1_606' title='bbox 1197 3645 1322 3679; x_wconf 91' lang='lat' dir='ltr'><strong>potest:</strong></span> 
     </span>
    </p>
   </div>
   <div class='ocr_carea' id='block_1_8' title="bbox 395 3697 1087 3725">
    <p class='ocr_par' dir='ltr' id='par_1_13' title="bbox 395 3697 1087 3725">
     <span class='ocr_line' id='line_1_79' title="bbox 395 3697 1087 3725; baseline 0.004 -3"><span class='ocrx_word' id='word_1_607' title='bbox 395 3698 490 3723; x_wconf 72' lang='lat' dir='ltr'><strong>Suauu</strong></span> <span class='ocrx_word' id='word_1_608' title='bbox 509 3697 619 3723; x_wconf 66' lang='lat' dir='ltr'><strong>Con-raa</strong></span> <span class='ocrx_word' id='word_1_609' title='bbox 639 3697 774 3723; x_wconf 66' lang='lat' dir='ltr'><strong>Gan-mss</strong></span> <span class='ocrx_word' id='word_1_610' title='bbox 793 3698 824 3724; x_wconf 89' lang='lat' dir='ltr'><strong>D.</strong></span> <span class='ocrx_word' id='word_1_611' title='bbox 843 3698 960 3724; x_wconf 72' lang='lat' dir='ltr'><strong>Taouaa</strong></span> <span class='ocrx_word' id='word_1_612' title='bbox 979 3699 1049 3725; x_wconf 73' lang='lat' dir='ltr'><strong>Tou.</strong></span> <span class='ocrx_word' id='word_1_613' title='bbox 1069 3699 1087 3725; x_wconf 90' lang='lat'><strong>1.</strong></span> 
     </span>
    </p>
   </div>
   <div class='ocr_carea' id='block_1_9' title="bbox 1376 347 2444 485">
    <p class='ocr_par' dir='ltr' id='par_1_14' title="bbox 1376 347 2444 485">
     <span class='ocr_line' id='line_1_80' title="bbox 1376 347 2443 397; baseline 0.01 -20"><span class='ocrx_word' id='word_1_614' title='bbox 1376 347 1432 377; x_wconf 91' lang='lat' dir='ltr'><strong>sed</strong></span> <span class='ocrx_word' id='word_1_615' title='bbox 1456 357 1493 378; x_wconf 90' lang='lat' dir='ltr'><strong>ea</strong></span> <span class='ocrx_word' id='word_1_616' title='bbox 1516 354 1642 378; x_wconf 91' lang='lat' dir='ltr'><strong>tantum</strong></span> <span class='ocrx_word' id='word_1_617' title='bbox 1666 348 1706 380; x_wconf 90' lang='lat' dir='ltr'><strong>de</strong></span> <span class='ocrx_word' id='word_1_618' title='bbox 1722 358 1817 379; x_wconf 92' lang='lat' dir='ltr'><strong>causa</strong></span> <span class='ocrx_word' id='word_1_619' title='bbox 1832 359 1890 390; x_wconf 92' lang='lat' dir='ltr'><strong>per</strong></span> <span class='ocrx_word' id='word_1_620' title='bbox 1905 351 2002 382; x_wconf 90' lang='lat' dir='ltr'><strong>talem</strong></span> <span class='ocrx_word' id='word_1_621' title='bbox 2022 351 2174 384; x_wconf 85' lang='lat' dir='ltr'><strong>effectum</strong></span> <span class='ocrx_word' id='word_1_622' title='bbox 2195 357 2349 395; x_wconf 86' lang='lat' dir='ltr'><strong>cognosci</strong></span> <span class='ocrx_word' id='word_1_623' title='bbox 2367 366 2443 397; x_wconf 89' lang='lat' dir='ltr'><strong>pos-</strong></span> 
     </span>
     <span class='ocr_line' id='line_1_81' title="bbox 1377 392 2444 442; baseline 0.011 -22"><span class='ocrx_word' id='word_1_624' title='bbox 1377 396 1452 421; x_wconf 87' lang='lat' dir='ltr'><strong>sunt</strong></span> <span class='ocrx_word' id='word_1_625' title='bbox 1468 401 1552 431; x_wconf 91' lang='lat' dir='ltr'><strong>quae</strong></span> <span class='ocrx_word' id='word_1_626' title='bbox 1568 392 1687 442; x_wconf 81' lang='lat' dir='ltr'><strong>adhoc</strong></span> <span class='ocrx_word' id='word_1_627' title='bbox 1711 398 1747 423; x_wconf 92' lang='lat' dir='ltr'><strong>ut</strong></span> <span class='ocrx_word' id='word_1_628' title='bbox 1770 394 1841 423; x_wconf 92' lang='lat' dir='ltr'><strong>talis</strong></span> <span class='ocrx_word' id='word_1_629' title='bbox 1865 394 1997 425; x_wconf 83' lang='lat' dir='ltr'><strong>effectus</strong></span> <span class='ocrx_word' id='word_1_630' title='bbox 2020 406 2038 426; x_wconf 92' lang='lat' dir='ltr'><strong>a</strong></span> <span class='ocrx_word' id='word_1_631' title='bbox 2060 398 2115 428; x_wconf 92' lang='lat' dir='ltr'><strong>tali</strong></span> <span class='ocrx_word' id='word_1_632' title='bbox 2131 407 2227 429; x_wconf 91' lang='lat' dir='ltr'><strong>causa</strong></span> <span class='ocrx_word' id='word_1_633' title='bbox 2247 400 2444 440; x_wconf 89' lang='lat' dir='ltr'><strong>producatur</strong></span> 
     </span>
     <span class='ocr_line' id='line_1_82' title="bbox 1377 439 2443 485; baseline 0.012 -21"><span class='ocrx_word' id='word_1_634' title='bbox 1377 444 1509 465; x_wconf 91' lang='lat' dir='ltr'><strong>necesse</strong></span> <span class='ocrx_word' id='word_1_635' title='bbox 1533 441 1580 466; x_wconf 93' lang='lat' dir='ltr'><strong>est</strong></span> <span class='ocrx_word' id='word_1_636' title='bbox 1602 445 1636 466; x_wconf 84' lang='lat' dir='ltr'><strong>in</strong></span> <span class='ocrx_word' id='word_1_637' title='bbox 1660 445 1756 466; x_wconf 91' lang='lat' dir='ltr'><strong>causa</strong></span> <span class='ocrx_word' id='word_1_638' title='bbox 1774 439 1922 478; x_wconf 88' lang='lat' dir='ltr'><strong>reperiri;</strong></span> <span class='ocrx_word' id='word_1_639' title='bbox 1947 439 2028 470; x_wconf 88' lang='lat' dir='ltr'><strong>sicut</strong></span> <span class='ocrx_word' id='word_1_640' title='bbox 2052 441 2091 471; x_wconf 92' lang='lat' dir='ltr'><strong>ad</strong></span> <span class='ocrx_word' id='word_1_641' title='bbox 2114 442 2177 473; x_wconf 88' lang='lat' dir='ltr'><strong>hoc</strong></span> <span class='ocrx_word' id='word_1_642' title='bbox 2201 449 2237 474; x_wconf 90' lang='lat' dir='ltr'><strong>ut</strong></span> <span class='ocrx_word' id='word_1_643' title='bbox 2260 444 2380 485; x_wconf 92' lang='lat' dir='ltr'><strong>aliquid</strong></span> <span class='ocrx_word' id='word_1_644' title='bbox 2403 447 2443 477; x_wconf 93' lang='lat' dir='ltr'><strong>ab</strong></span> 
     </span>
    </p>
   </div>
   <div class='ocr_carea' id='block_1_10' title="bbox 1377 478 2444 567">
    <p class='ocr_par' dir='ltr' id='par_1_15' title="bbox 1377 478 2444 567">
     <span class='ocr_line' id='line_1_83' title="bbox 1378 478 2444 524; baseline 0.013 -16"><span class='ocrx_word' id='word_1_645' title='bbox 1378 478 1487 518; x_wconf 91' lang='lat' dir='ltr'><strong>aliquo</strong></span> <span class='ocrx_word' id='word_1_646' title='bbox 1511 484 1666 519; x_wconf 89' lang='lat' dir='ltr'><strong>tanquam</strong></span> <span class='ocrx_word' id='word_1_647' title='bbox 1691 489 1709 509; x_wconf 93' lang='lat' dir='ltr'><strong>a</strong></span> <span class='ocrx_word' id='word_1_648' title='bbox 1740 481 1844 519; x_wconf 88' lang='lat' dir='ltr'><strong>prima</strong></span> <span class='ocrx_word' id='word_1_649' title='bbox 1875 491 1970 512; x_wconf 93' lang='lat' dir='ltr'><strong>causa</strong></span> <span class='ocrx_word' id='word_1_650' title='bbox 2000 485 2206 524; x_wconf 87' lang='lat' dir='ltr'><strong>producatur,</strong></span> <span class='ocrx_word' id='word_1_651' title='bbox 2235 498 2366 520; x_wconf 91' lang='lat' dir='ltr'><strong>necesse</strong></span> <span class='ocrx_word' id='word_1_652' title='bbox 2396 496 2444 521; x_wconf 89' lang='lat' dir='ltr'><strong>est</strong></span> 
     </span>
     <span class='ocr_line' id='line_1_84' title="bbox 1377 522 2443 567; baseline 0.013 -15"><span class='ocrx_word' id='word_1_653' title='bbox 1377 522 1466 552; x_wconf 89' lang='lat' dir='ltr'><strong>illam</strong></span> <span class='ocrx_word' id='word_1_654' title='bbox 1489 531 1619 553; x_wconf 90' lang='lat' dir='ltr'><strong>causam</strong></span> <span class='ocrx_word' id='word_1_655' title='bbox 1636 529 1668 554; x_wconf 94' lang='lat' dir='ltr'><strong>et</strong></span> <span class='ocrx_word' id='word_1_656' title='bbox 1683 533 1763 560; x_wconf 90' lang='lat' dir='ltr'><strong>esse,</strong></span> <span class='ocrx_word' id='word_1_657' title='bbox 1779 530 1811 554; x_wconf 88' lang='lat' dir='ltr'><strong>et</strong></span> <span class='ocrx_word' id='word_1_658' title='bbox 1834 525 2083 558; x_wconf 88' lang='lat' dir='ltr'><strong>intellectualem</strong></span> <span class='ocrx_word' id='word_1_659' title='bbox 2104 539 2182 567; x_wconf 90' lang='lat' dir='ltr'><strong>esse,</strong></span> <span class='ocrx_word' id='word_1_660' title='bbox 2202 538 2234 563; x_wconf 91' lang='lat' dir='ltr'><strong>et</strong></span> <span class='ocrx_word' id='word_1_661' title='bbox 2251 534 2443 565; x_wconf 90' lang='lat' dir='ltr'><strong>immateria-</strong></span> 
     </span>
    </p>
   </div>
   <div class='ocr_carea' id='block_1_11' title="bbox 1368 566 2454 3679">
    <p class='ocr_par' dir='ltr' id='par_1_16' title="bbox 1377 566 2444 698">
     <span class='ocr_line' id='line_1_85' title="bbox 1378 566 2444 619; baseline 0.006 -23"><span class='ocrx_word' id='word_1_662' title='bbox 1378 566 1453 596; x_wconf 92' lang='lat' dir='ltr'><strong>lem.</strong></span> <span class='ocrx_word' id='word_1_663' title='bbox 1478 566 1555 597; x_wconf 89' lang='lat' dir='ltr'><strong>ldeo</strong></span> <span class='ocrx_word' id='word_1_664' title='bbox 1580 577 1617 597; x_wconf 87' lang='lat' dir='ltr'><strong>ex</strong></span> <span class='ocrx_word' id='word_1_665' title='bbox 1649 568 1836 608; x_wconf 85' lang='lat' dir='ltr'><strong>cognitione</strong></span> <span class='ocrx_word' id='word_1_666' title='bbox 1869 569 2053 607; x_wconf 87' lang='lat' dir='ltr'><strong>effectuum,</strong></span> <span class='ocrx_word' id='word_1_667' title='bbox 2077 576 2222 613; x_wconf 80' lang='lat' dir='ltr'><strong>quamvis</strong></span> <span class='ocrx_word' id='word_1_668' title='bbox 2252 577 2444 619; x_wconf 74' lang='lat' dir='ltr'><strong>inadaequa-</strong></span> 
     </span>
     <span class='ocr_line' id='line_1_86' title="bbox 1377 612 2442 660; baseline 0.013 -20"><span class='ocrx_word' id='word_1_669' title='bbox 1377 616 1498 646; x_wconf 88' lang='lat' dir='ltr'><strong>torum,</strong></span> <span class='ocrx_word' id='word_1_670' title='bbox 1522 612 1644 651; x_wconf 90' lang='lat' dir='ltr'><strong>primae</strong></span> <span class='ocrx_word' id='word_1_671' title='bbox 1668 621 1793 648; x_wconf 90' lang='lat' dir='ltr'><strong>causae,</strong></span> <span class='ocrx_word' id='word_1_672' title='bbox 1816 621 1990 651; x_wconf 92' lang='lat' dir='ltr'><strong>possumus</strong></span> <span class='ocrx_word' id='word_1_673' title='bbox 2018 625 2214 656; x_wconf 90' lang='lat' dir='ltr'><strong>cognoscere</strong></span> <span class='ocrx_word' id='word_1_674' title='bbox 2237 621 2340 660; x_wconf 88' lang='lat' dir='ltr'><strong>ipsam</strong></span> <span class='ocrx_word' id='word_1_675' title='bbox 2363 632 2442 659; x_wconf 90' lang='lat' dir='ltr'><strong>esse,</strong></span> 
     </span>
     <span class='ocr_line' id='line_1_87' title="bbox 1379 654 2346 698; baseline 0.013 -14"><span class='ocrx_word' id='word_1_676' title='bbox 1379 660 1411 685; x_wconf 93' lang='lat' dir='ltr'><strong>et</strong></span> <span class='ocrx_word' id='word_1_677' title='bbox 1434 654 1525 695; x_wconf 92' lang='lat' dir='ltr'><strong>quod</strong></span> <span class='ocrx_word' id='word_1_678' title='bbox 1548 655 1771 686; x_wconf 89' lang='lat' dir='ltr'><strong>intellectualis</strong></span> <span class='ocrx_word' id='word_1_679' title='bbox 1794 662 1842 686; x_wconf 91' lang='lat' dir='ltr'><strong>est</strong></span> <span class='ocrx_word' id='word_1_680' title='bbox 1865 662 1897 687; x_wconf 90' lang='lat' dir='ltr'><strong>et</strong></span> <span class='ocrx_word' id='word_1_681' title='bbox 1919 658 2145 698; x_wconf 89' lang='lat' dir='ltr'><strong>immaterialis,</strong></span> <span class='ocrx_word' id='word_1_682' title='bbox 2170 669 2201 693; x_wconf 91' lang='lat' dir='ltr'><strong>et</strong></span> <span class='ocrx_word' id='word_1_683' title='bbox 2223 665 2346 697; x_wconf 89' lang='lat' dir='ltr'><strong>similia.</strong></span> 
     </span>
    </p>

    <p class='ocr_par' dir='ltr' id='par_1_17' title="bbox 1368 698 2446 1097">
     <span class='ocr_line' id='line_1_88' title="bbox 1434 698 2442 749; baseline 0.012 -20"><span class='ocrx_word' id='word_1_684' title='bbox 1434 698 1472 729; x_wconf 90' lang='lat'><strong>11.</strong></span> <span class='ocrx_word' id='word_1_685' title='bbox 1497 699 1561 730; x_wconf 92' lang='lat' dir='ltr'><strong>Sed</strong></span> <span class='ocrx_word' id='word_1_686' title='bbox 1584 700 1668 730; x_wconf 91' lang='lat' dir='ltr'><strong>circa</strong></span> <span class='ocrx_word' id='word_1_687' title='bbox 1690 700 1774 730; x_wconf 89' lang='lat' dir='ltr'><strong>hanc</strong></span> <span class='ocrx_word' id='word_1_688' title='bbox 1801 700 1959 732; x_wconf 88' lang='lat' dir='ltr'><strong>rationem</strong></span> <span class='ocrx_word' id='word_1_689' title='bbox 1982 706 2122 736; x_wconf 88' lang='lat' dir='ltr'><strong>occurrit</strong></span> <span class='ocrx_word' id='word_1_690' title='bbox 2145 706 2289 745; x_wconf 91' lang='lat' dir='ltr'><strong>dubium,</strong></span> <span class='ocrx_word' id='word_1_691' title='bbox 2306 711 2382 749; x_wconf 92' lang='lat' dir='ltr'><strong>quia</strong></span> <span class='ocrx_word' id='word_1_692' title='bbox 2396 711 2442 741; x_wconf 89' lang='lat' dir='ltr'><strong>vi-</strong></span> 
     </span>
     <span class='ocr_line' id='line_1_89' title="bbox 1379 742 2443 786; baseline 0.011 -13"><span class='ocrx_word' id='word_1_693' title='bbox 1379 742 1472 774; x_wconf 89' lang='lat' dir='ltr'><strong>detur</strong></span> <span class='ocrx_word' id='word_1_694' title='bbox 1498 743 1634 775; x_wconf 90' lang='lat' dir='ltr'><strong>Sanctus</strong></span> <span class='ocrx_word' id='word_1_695' title='bbox 1665 744 1810 774; x_wconf 89' lang='lat' dir='ltr'><strong>Thomas</strong></span> <span class='ocrx_word' id='word_1_696' title='bbox 1840 745 1874 775; x_wconf 90' lang='lat' dir='ltr'><strong>in</strong></span> <span class='ocrx_word' id='word_1_697' title='bbox 1906 747 2098 785; x_wconf 89' lang='lat' dir='ltr'><strong>probatione</strong></span> <span class='ocrx_word' id='word_1_698' title='bbox 2129 752 2258 782; x_wconf 90' lang='lat' dir='ltr'><strong>maioris</strong></span> <span class='ocrx_word' id='word_1_699' title='bbox 2288 752 2443 786; x_wconf 87' lang='lat' dir='ltr'><strong>fallaciam</strong></span> 
     </span>
     <span class='ocr_line' id='line_1_90' title="bbox 1368 787 2444 830; baseline 0.01 -12"><span class='ocrx_word' id='word_1_700' title='bbox 1368 787 1509 829; x_wconf 85' lang='lat' dir='ltr'><strong>figurae</strong></span> <span class='ocrx_word' id='word_1_701' title='bbox 1533 788 1684 819; x_wconf 82' lang='lat' dir='ltr'><strong>dictionis</strong></span> <span class='ocrx_word' id='word_1_702' title='bbox 1707 789 1920 820; x_wconf 89' lang='lat' dir='ltr'><strong>committere.</strong></span> <span class='ocrx_word' id='word_1_703' title='bbox 1937 790 2054 822; x_wconf 90' lang='lat' dir='ltr'><strong>Probat</strong></span> <span class='ocrx_word' id='word_1_704' title='bbox 2071 794 2158 825; x_wconf 93' lang='lat' dir='ltr'><strong>enim</strong></span> <span class='ocrx_word' id='word_1_705' title='bbox 2181 796 2235 826; x_wconf 89' lang='lat' dir='ltr'><strong>sic.</strong></span> <span class='ocrx_word' id='word_1_706' title='bbox 2259 796 2444 830; x_wconf 89' lang='lat' dir='ltr'><strong>Secundum</strong></span> 
     </span>
     <span class='ocr_line' id='line_1_91' title="bbox 1378 832 2445 874; baseline 0.01 -12"><span class='ocrx_word' id='word_1_707' title='bbox 1378 832 1516 863; x_wconf 91' lang='lat' dir='ltr'><strong>modum</strong></span> <span class='ocrx_word' id='word_1_708' title='bbox 1539 842 1607 874; x_wconf 93' lang='lat' dir='ltr'><strong>quo</strong></span> <span class='ocrx_word' id='word_1_709' title='bbox 1630 834 1806 864; x_wconf 89' lang='lat' dir='ltr'><strong>substantia</strong></span> <span class='ocrx_word' id='word_1_710' title='bbox 1827 833 1874 864; x_wconf 90' lang='lat' dir='ltr'><strong>rei</strong></span> <span class='ocrx_word' id='word_1_711' title='bbox 1898 837 2113 874; x_wconf 89' lang='lat' dir='ltr'><strong>cognoscitur,</strong></span> <span class='ocrx_word' id='word_1_712' title='bbox 2130 844 2177 869; x_wconf 90' lang='lat' dir='ltr'><strong>est</strong></span> <span class='ocrx_word' id='word_1_713' title='bbox 2198 839 2316 871; x_wconf 91' lang='lat' dir='ltr'><strong>modus</strong></span> <span class='ocrx_word' id='word_1_714' title='bbox 2332 851 2445 874; x_wconf 87' lang='lat' dir='ltr'><strong>eorum</strong></span> 
     </span>
     <span class='ocr_line' id='line_1_92' title="bbox 1379 877 2445 917; baseline 0.009 -10"><span class='ocrx_word' id='word_1_715' title='bbox 1379 885 1463 917; x_wconf 92' lang='lat' dir='ltr'><strong>quae</strong></span> <span class='ocrx_word' id='word_1_716' title='bbox 1476 883 1728 917; x_wconf 90' lang='lat' dir='ltr'><strong>cognoscuntur.</strong></span> <span class='ocrx_word' id='word_1_717' title='bbox 1742 877 1828 917; x_wconf 91' lang='lat' dir='ltr'><strong>Ergo</strong></span> <span class='ocrx_word' id='word_1_718' title='bbox 1839 878 1932 910; x_wconf 86' lang='lat' dir='ltr'><strong>cuius</strong></span> <span class='ocrx_word' id='word_1_719' title='bbox 1944 880 2152 912; x_wconf 89' lang='lat' dir='ltr'><strong>substantiam</strong></span> <span class='ocrx_word' id='word_1_720' title='bbox 2164 883 2344 916; x_wconf 88' lang='lat' dir='ltr'><strong>intellectus</strong></span> <span class='ocrx_word' id='word_1_721' title='bbox 2356 896 2445 917; x_wconf 93' lang='lat' dir='ltr'><strong>com-</strong></span> 
     </span>
     <span class='ocr_line' id='line_1_93' title="bbox 1378 921 2446 968; baseline 0.005 -16"><span class='ocrx_word' id='word_1_722' title='bbox 1378 921 1559 961; x_wconf 89' lang='lat' dir='ltr'><strong>prehendit,</strong></span> <span class='ocrx_word' id='word_1_723' title='bbox 1576 923 1687 953; x_wconf 89' lang='lat' dir='ltr'><strong>omnia</strong></span> <span class='ocrx_word' id='word_1_724' title='bbox 1703 922 1743 953; x_wconf 91' lang='lat' dir='ltr'><strong>de</strong></span> <span class='ocrx_word' id='word_1_725' title='bbox 1759 931 1799 953; x_wconf 91' lang='lat' dir='ltr'><strong>eo</strong></span> <span class='ocrx_word' id='word_1_726' title='bbox 1823 922 2035 963; x_wconf 88' lang='lat' dir='ltr'><strong>intelligibilia</strong></span> <span class='ocrx_word' id='word_1_727' title='bbox 2051 928 2206 966; x_wconf 87' lang='lat' dir='ltr'><strong>cognosci</strong></span> <span class='ocrx_word' id='word_1_728' title='bbox 2220 936 2366 968; x_wconf 82' lang='lat' dir='ltr'><strong>possunt.</strong></span> <span class='ocrx_word' id='word_1_729' title='bbox 2382 931 2446 962; x_wconf 78' lang='lat' dir='ltr'><strong>Hic</strong></span> 
     </span>
     <span class='ocr_line' id='line_1_94' title="bbox 1379 966 2445 1012; baseline 0.008 -16"><span class='ocrx_word' id='word_1_730' title='bbox 1379 971 1489 996; x_wconf 88' lang='lat' dir='ltr'><strong>autem</strong></span> <span class='ocrx_word' id='word_1_731' title='bbox 1511 966 1548 997; x_wconf 86' lang='lat' dir='ltr'><strong>fit</strong></span> <span class='ocrx_word' id='word_1_732' title='bbox 1567 968 1718 998; x_wconf 87' lang='lat' dir='ltr'><strong>transitus</strong></span> <span class='ocrx_word' id='word_1_733' title='bbox 1733 977 1751 998; x_wconf 94' lang='lat' dir='ltr'><strong>a</strong></span> <span class='ocrx_word' id='word_1_734' title='bbox 1765 966 1868 998; x_wconf 90' lang='lat' dir='ltr'><strong>modo</strong></span> <span class='ocrx_word' id='word_1_735' title='bbox 1884 968 1924 998; x_wconf 94' lang='lat' dir='ltr'><strong>ad</strong></span> <span class='ocrx_word' id='word_1_736' title='bbox 1940 969 2181 1002; x_wconf 89' lang='lat' dir='ltr'><strong>multitudinem</strong></span> <span class='ocrx_word' id='word_1_737' title='bbox 2197 973 2445 1012; x_wconf 89' lang='lat' dir='ltr'><strong>intellectorum,</strong></span> 
     </span>
     <span class='ocr_line' id='line_1_95' title="bbox 1379 1011 2446 1052; baseline 0.008 -11"><span class='ocrx_word' id='word_1_738' title='bbox 1379 1016 1411 1040; x_wconf 91' lang='lat' dir='ltr'><strong>et</strong></span> <span class='ocrx_word' id='word_1_739' title='bbox 1434 1011 1480 1042; x_wconf 90' lang='lat' dir='ltr'><strong>sic</strong></span> <span class='ocrx_word' id='word_1_740' title='bbox 1503 1021 1520 1041; x_wconf 92' lang='lat' dir='ltr'><strong>a</strong></span> <span class='ocrx_word' id='word_1_741' title='bbox 1544 1012 1696 1051; x_wconf 85' lang='lat' dir='ltr'><strong>qualitate</strong></span> <span class='ocrx_word' id='word_1_742' title='bbox 1715 1012 1755 1042; x_wconf 92' lang='lat' dir='ltr'><strong>ad</strong></span> <span class='ocrx_word' id='word_1_743' title='bbox 1777 1013 1998 1052; x_wconf 88' lang='lat' dir='ltr'><strong>quantitatem.</strong></span> <span class='ocrx_word' id='word_1_744' title='bbox 2024 1014 2087 1045; x_wconf 90' lang='lat' dir='ltr'><strong>Ubi</strong></span> <span class='ocrx_word' id='word_1_745' title='bbox 2107 1016 2274 1048; x_wconf 86' lang='lat' dir='ltr'><strong>manifeste</strong></span> <span class='ocrx_word' id='word_1_746' title='bbox 2298 1020 2446 1050; x_wconf 91' lang='lat' dir='ltr'><strong>commit-</strong></span> 
     </span>
     <span class='ocr_line' id='line_1_96' title="bbox 1379 1054 1929 1097; baseline 0.005 -12"><span class='ocrx_word' id='word_1_747' title='bbox 1379 1055 1456 1086; x_wconf 90' lang='lat' dir='ltr'><strong>titur</strong></span> <span class='ocrx_word' id='word_1_748' title='bbox 1478 1054 1603 1087; x_wconf 87' lang='lat' dir='ltr'><strong>fallacia</strong></span> <span class='ocrx_word' id='word_1_749' title='bbox 1625 1055 1746 1097; x_wconf 87' lang='lat' dir='ltr'><strong>figurae</strong></span> <span class='ocrx_word' id='word_1_750' title='bbox 1769 1056 1929 1088; x_wconf 90' lang='lat' dir='ltr'><strong>dictionis.</strong></span> 
     </span>
    </p>

    <p class='ocr_par' dir='ltr' id='par_1_18' title="bbox 1378 1100 2453 2124">
     <span class='ocr_line' id='line_1_97' title="bbox 1434 1100 2446 1142; baseline 0.009 -12"><span class='ocrx_word' id='word_1_751' title='bbox 1434 1100 1661 1141; x_wconf 89' lang='lat' dir='ltr'><strong>Respondetur</strong></span> <span class='ocrx_word' id='word_1_752' title='bbox 1688 1101 1788 1142; x_wconf 92' lang='lat' dir='ltr'><strong>quod,</strong></span> <span class='ocrx_word' id='word_1_753' title='bbox 1813 1102 1896 1132; x_wconf 87' lang='lat' dir='ltr'><strong>sicut</strong></span> <span class='ocrx_word' id='word_1_754' title='bbox 1926 1111 1991 1133; x_wconf 89' lang='lat' dir='ltr'><strong>una</strong></span> <span class='ocrx_word' id='word_1_755' title='bbox 2019 1105 2156 1135; x_wconf 86' lang='lat' dir='ltr'><strong>essentia</strong></span> <span class='ocrx_word' id='word_1_756' title='bbox 2187 1111 2234 1136; x_wconf 90' lang='lat' dir='ltr'><strong>est</strong></span> <span class='ocrx_word' id='word_1_757' title='bbox 2256 1115 2322 1137; x_wconf 88' lang='lat' dir='ltr'><strong>una</strong></span> <span class='ocrx_word' id='word_1_758' title='bbox 2351 1116 2446 1139; x_wconf 90' lang='lat' dir='ltr'><strong>causa</strong></span> 
     </span>
     <span class='ocr_line' id='line_1_98' title="bbox 1380 1145 2446 1190; baseline 0.008 -15"><span class='ocrx_word' id='word_1_759' title='bbox 1380 1145 1529 1176; x_wconf 87' lang='lat' dir='ltr'><strong>omniurn</strong></span> <span class='ocrx_word' id='word_1_760' title='bbox 1553 1155 1683 1177; x_wconf 87' lang='lat' dir='ltr'><strong>suarum</strong></span> <span class='ocrx_word' id='word_1_761' title='bbox 1706 1147 1905 1187; x_wconf 88' lang='lat' dir='ltr'><strong>passionum,</strong></span> <span class='ocrx_word' id='word_1_762' title='bbox 1929 1147 1973 1178; x_wconf 88' lang='lat' dir='ltr'><strong>ita</strong></span> <span class='ocrx_word' id='word_1_763' title='bbox 1996 1157 2110 1179; x_wconf 90' lang='lat' dir='ltr'><strong>omnes</strong></span> <span class='ocrx_word' id='word_1_764' title='bbox 2133 1150 2298 1190; x_wconf 84' lang='lat' dir='ltr'><strong>passiones</strong></span> <span class='ocrx_word' id='word_1_765' title='bbox 2322 1153 2390 1182; x_wconf 91' lang='lat' dir='ltr'><strong>eius</strong></span> <span class='ocrx_word' id='word_1_766' title='bbox 2412 1153 2446 1184; x_wconf 89' lang='lat' dir='ltr'><strong>in</strong></span> 
     </span>
     <span class='ocr_line' id='line_1_99' title="bbox 1379 1191 2446 1235; baseline 0.008 -16"><span class='ocrx_word' id='word_1_767' title='bbox 1379 1197 1445 1220; x_wconf 90' lang='lat' dir='ltr'><strong>una</strong></span> <span class='ocrx_word' id='word_1_768' title='bbox 1467 1191 1591 1222; x_wconf 90' lang='lat' dir='ltr'><strong>ratione</strong></span> <span class='ocrx_word' id='word_1_769' title='bbox 1615 1192 1823 1227; x_wconf 89' lang='lat' dir='ltr'><strong>conveniunt,</strong></span> <span class='ocrx_word' id='word_1_770' title='bbox 1847 1193 1882 1223; x_wconf 93' lang='lat' dir='ltr'><strong>in</strong></span> <span class='ocrx_word' id='word_1_771' title='bbox 1904 1191 1976 1228; x_wconf 87' lang='lat' dir='ltr'><strong>hac,</strong></span> <span class='ocrx_word' id='word_1_772' title='bbox 2000 1193 2143 1233; x_wconf 89' lang='lat' dir='ltr'><strong>iuquam,</strong></span> <span class='ocrx_word' id='word_1_773' title='bbox 2167 1194 2257 1235; x_wconf 92' lang='lat' dir='ltr'><strong>quod</strong></span> <span class='ocrx_word' id='word_1_774' title='bbox 2280 1201 2355 1226; x_wconf 91' lang='lat' dir='ltr'><strong>sunt</strong></span> <span class='ocrx_word' id='word_1_775' title='bbox 2378 1197 2446 1228; x_wconf 91' lang='lat' dir='ltr'><strong>eius</strong></span> 
     </span>
     <span class='ocr_line' id='line_1_100' title="bbox 1378 1235 2447 1281; baseline 0.007 -17"><span class='ocrx_word' id='word_1_776' title='bbox 1378 1235 1539 1266; x_wconf 88' lang='lat' dir='ltr'><strong>naturales</strong></span> <span class='ocrx_word' id='word_1_777' title='bbox 1561 1236 1788 1276; x_wconf 88' lang='lat' dir='ltr'><strong>proprietates;</strong></span> <span class='ocrx_word' id='word_1_778' title='bbox 1813 1242 1845 1267; x_wconf 90' lang='lat' dir='ltr'><strong>et</strong></span> <span class='ocrx_word' id='word_1_779' title='bbox 1859 1235 1978 1268; x_wconf 89' lang='lat' dir='ltr'><strong>modus</strong></span> <span class='ocrx_word' id='word_1_780' title='bbox 1994 1238 2187 1278; x_wconf 87' lang='lat' dir='ltr'><strong>cognitionis</strong></span> <span class='ocrx_word' id='word_1_781' title='bbox 2209 1240 2360 1271; x_wconf 89' lang='lat' dir='ltr'><strong>naturalis</strong></span> <span class='ocrx_word' id='word_1_782' title='bbox 2375 1250 2447 1281; x_wconf 89' lang='lat' dir='ltr'><strong>pas-</strong></span> 
     </span>
     <span class='ocr_line' id='line_1_101' title="bbox 1379 1279 2447 1321; baseline 0.007 -12"><span class='ocrx_word' id='word_1_783' title='bbox 1379 1279 1480 1310; x_wconf 90' lang='lat' dir='ltr'><strong>sionis</strong></span> <span class='ocrx_word' id='word_1_784' title='bbox 1502 1281 1766 1321; x_wconf 88' lang='lat' dir='ltr'><strong>proportionatur</strong></span> <span class='ocrx_word' id='word_1_785' title='bbox 1788 1280 1889 1311; x_wconf 91' lang='lat' dir='ltr'><strong>modo</strong></span> <span class='ocrx_word' id='word_1_786' title='bbox 1906 1282 2100 1321; x_wconf 88' lang='lat' dir='ltr'><strong>cognitionis</strong></span> <span class='ocrx_word' id='word_1_787' title='bbox 2123 1283 2330 1321; x_wconf 88' lang='lat' dir='ltr'><strong>substantiae;</strong></span> <span class='ocrx_word' id='word_1_788' title='bbox 2355 1287 2447 1317; x_wconf 90' lang='lat' dir='ltr'><strong>cuius</strong></span> 
     </span>
     <span class='ocr_line' id='line_1_102' title="bbox 1380 1324 2446 1370; baseline 0.006 -15"><span class='ocrx_word' id='word_1_789' title='bbox 1380 1324 1467 1354; x_wconf 86' lang='lat' dir='ltr'><strong>enim</strong></span> <span class='ocrx_word' id='word_1_790' title='bbox 1494 1326 1630 1356; x_wconf 89' lang='lat' dir='ltr'><strong>essentia</strong></span> <span class='ocrx_word' id='word_1_791' title='bbox 1657 1325 1798 1356; x_wconf 90' lang='lat' dir='ltr'><strong>totaliter</strong></span> <span class='ocrx_word' id='word_1_792' title='bbox 1824 1326 2041 1366; x_wconf 88' lang='lat' dir='ltr'><strong>cognoscitur,</strong></span> <span class='ocrx_word' id='word_1_793' title='bbox 2067 1327 2136 1357; x_wconf 92' lang='lat' dir='ltr'><strong>eius</strong></span> <span class='ocrx_word' id='word_1_794' title='bbox 2162 1330 2313 1360; x_wconf 89' lang='lat' dir='ltr'><strong>naturalis</strong></span> <span class='ocrx_word' id='word_1_795' title='bbox 2339 1331 2446 1370; x_wconf 91' lang='lat' dir='ltr'><strong>passio</strong></span> 
     </span>
     <span class='ocr_line' id='line_1_103' title="bbox 1379 1369 2447 1415; baseline 0.007 -16"><span class='ocrx_word' id='word_1_796' title='bbox 1379 1369 1519 1400; x_wconf 87' lang='lat' dir='ltr'><strong>totaliter</strong></span> <span class='ocrx_word' id='word_1_797' title='bbox 1542 1375 1757 1410; x_wconf 86' lang='lat' dir='ltr'><strong>cognoscatur</strong></span> <span class='ocrx_word' id='word_1_798' title='bbox 1778 1379 1910 1401; x_wconf 91' lang='lat' dir='ltr'><strong>necesse</strong></span> <span class='ocrx_word' id='word_1_799' title='bbox 1926 1375 1982 1401; x_wconf 91' lang='lat' dir='ltr'><strong>est.</strong></span> <span class='ocrx_word' id='word_1_800' title='bbox 2006 1371 2058 1402; x_wconf 86' lang='lat' dir='ltr'><strong>Ad</strong></span> <span class='ocrx_word' id='word_1_801' title='bbox 2076 1371 2140 1402; x_wconf 92' lang='lat' dir='ltr'><strong>hoc</strong></span> <span class='ocrx_word' id='word_1_802' title='bbox 2163 1378 2271 1403; x_wconf 85' lang='lat' dir='ltr'><strong>autem</strong></span> <span class='ocrx_word' id='word_1_803' title='bbox 2294 1374 2384 1415; x_wconf 93' lang='lat' dir='ltr'><strong>quod</strong></span> <span class='ocrx_word' id='word_1_804' title='bbox 2400 1381 2447 1406; x_wconf 91' lang='lat' dir='ltr'><strong>est</strong></span> 
     </span>
     <span class='ocr_line' id='line_1_104' title="bbox 1379 1413 2446 1459; baseline 0.007 -16"><span class='ocrx_word' id='word_1_805' title='bbox 1379 1413 1558 1445; x_wconf 85' lang='lat' dir='ltr'><strong>naturalem</strong></span> <span class='ocrx_word' id='word_1_806' title='bbox 1581 1415 1765 1455; x_wconf 90' lang='lat' dir='ltr'><strong>passionem</strong></span> <span class='ocrx_word' id='word_1_807' title='bbox 1795 1415 1936 1446; x_wconf 88' lang='lat' dir='ltr'><strong>totaliter</strong></span> <span class='ocrx_word' id='word_1_808' title='bbox 1966 1416 2120 1455; x_wconf 86' lang='lat' dir='ltr'><strong>cognosci</strong></span> <span class='ocrx_word' id='word_1_809' title='bbox 2144 1422 2175 1447; x_wconf 93' lang='lat' dir='ltr'><strong>et</strong></span> <span class='ocrx_word' id='word_1_810' title='bbox 2205 1419 2446 1459; x_wconf 90' lang='lat' dir='ltr'><strong>comprehendi,</strong></span> 
     </span>
     <span class='ocr_line' id='line_1_105' title="bbox 1379 1458 2447 1501; baseline 0.006 -13"><span class='ocrx_word' id='word_1_811' title='bbox 1379 1458 1526 1498; x_wconf 88' lang='lat' dir='ltr'><strong>sequitur</strong></span> <span class='ocrx_word' id='word_1_812' title='bbox 1547 1459 1670 1490; x_wconf 90' lang='lat' dir='ltr'><strong>nullam</strong></span> <span class='ocrx_word' id='word_1_813' title='bbox 1694 1468 1762 1489; x_wconf 90' lang='lat' dir='ltr'><strong>esse</strong></span> <span class='ocrx_word' id='word_1_814' title='bbox 1785 1459 1966 1490; x_wconf 89' lang='lat' dir='ltr'><strong>naturalem</strong></span> <span class='ocrx_word' id='word_1_815' title='bbox 1984 1460 2169 1499; x_wconf 89' lang='lat' dir='ltr'><strong>passionem</strong></span> <span class='ocrx_word' id='word_1_816' title='bbox 2193 1470 2275 1501; x_wconf 90' lang='lat' dir='ltr'><strong>quae</strong></span> <span class='ocrx_word' id='word_1_817' title='bbox 2299 1472 2367 1493; x_wconf 93' lang='lat' dir='ltr'><strong>non</strong></span> <span class='ocrx_word' id='word_1_818' title='bbox 2390 1473 2447 1494; x_wconf 95' lang='lat' dir='ltr'><strong>co-</strong></span> 
     </span>
     <span class='ocr_line' id='line_1_106' title="bbox 1379 1503 2447 1546; baseline 0.005 -13"><span class='ocrx_word' id='word_1_819' title='bbox 1379 1508 1562 1542; x_wconf 87' lang='lat' dir='ltr'><strong>gnoscatur.</strong></span> <span class='ocrx_word' id='word_1_820' title='bbox 1598 1503 1674 1534; x_wconf 92' lang='lat' dir='ltr'><strong>Non</strong></span> <span class='ocrx_word' id='word_1_821' title='bbox 1705 1504 1919 1534; x_wconf 89' lang='lat' dir='ltr'><strong>committitur</strong></span> <span class='ocrx_word' id='word_1_822' title='bbox 1949 1512 2025 1544; x_wconf 91' lang='lat' dir='ltr'><strong>ergo</strong></span> <span class='ocrx_word' id='word_1_823' title='bbox 2049 1503 2187 1535; x_wconf 88' lang='lat' dir='ltr'><strong>fallacia:</strong></span> <span class='ocrx_word' id='word_1_824' title='bbox 2219 1506 2295 1546; x_wconf 91' lang='lat' dir='ltr'><strong>quia</strong></span> <span class='ocrx_word' id='word_1_825' title='bbox 2320 1517 2388 1537; x_wconf 94' lang='lat' dir='ltr'><strong>non</strong></span> <span class='ocrx_word' id='word_1_826' title='bbox 2411 1507 2447 1538; x_wconf 91' lang='lat' dir='ltr'><strong>fit</strong></span> 
     </span>
     <span class='ocr_line' id='line_1_107' title="bbox 1379 1547 2447 1588; baseline 0.004 -10"><span class='ocrx_word' id='word_1_827' title='bbox 1379 1548 1530 1578; x_wconf 84' lang='lat' dir='ltr'><strong>transitus</strong></span> <span class='ocrx_word' id='word_1_828' title='bbox 1552 1557 1571 1578; x_wconf 89' lang='lat' dir='ltr'><strong>a</strong></span> <span class='ocrx_word' id='word_1_829' title='bbox 1593 1547 1695 1578; x_wconf 92' lang='lat' dir='ltr'><strong>modo</strong></span> <span class='ocrx_word' id='word_1_830' title='bbox 1719 1547 1758 1578; x_wconf 89' lang='lat' dir='ltr'><strong>ad</strong></span> <span class='ocrx_word' id='word_1_831' title='bbox 1781 1549 1993 1588; x_wconf 88' lang='lat' dir='ltr'><strong>quantitatem</strong></span> <span class='ocrx_word' id='word_1_832' title='bbox 2016 1548 2218 1586; x_wconf 90' lang='lat' dir='ltr'><strong>immediate;</strong></span> <span class='ocrx_word' id='word_1_833' title='bbox 2235 1550 2290 1581; x_wconf 90' lang='lat' dir='ltr'><strong>sed</strong></span> <span class='ocrx_word' id='word_1_834' title='bbox 2314 1561 2331 1581; x_wconf 93' lang='lat' dir='ltr'><strong>a</strong></span> <span class='ocrx_word' id='word_1_835' title='bbox 2346 1551 2447 1582; x_wconf 91' lang='lat' dir='ltr'><strong>modo</strong></span> 
     </span>
     <span class='ocr_line' id='line_1_108' title="bbox 1380 1591 2448 1635; baseline 0.004 -12"><span class='ocrx_word' id='word_1_836' title='bbox 1380 1593 1536 1623; x_wconf 90' lang='lat' dir='ltr'><strong>essentiae</strong></span> <span class='ocrx_word' id='word_1_837' title='bbox 1552 1591 1592 1623; x_wconf 90' lang='lat' dir='ltr'><strong>ad</strong></span> <span class='ocrx_word' id='word_1_838' title='bbox 1614 1591 1752 1623; x_wconf 89' lang='lat' dir='ltr'><strong>modum</strong></span> <span class='ocrx_word' id='word_1_839' title='bbox 1767 1592 1950 1632; x_wconf 86' lang='lat' dir='ltr'><strong>praedicati,</strong></span> <span class='ocrx_word' id='word_1_840' title='bbox 1968 1602 2067 1633; x_wconf 91' lang='lat' dir='ltr'><strong>quem</strong></span> <span class='ocrx_word' id='word_1_841' title='bbox 2082 1593 2220 1624; x_wconf 91' lang='lat' dir='ltr'><strong>modum</strong></span> <span class='ocrx_word' id='word_1_842' title='bbox 2243 1596 2448 1635; x_wconf 87' lang='lat' dir='ltr'><strong>cognitorum</strong></span> 
     </span>
     <span class='ocr_line' id='line_1_109' title="bbox 1379 1637 2448 1678; baseline 0.003 -10"><span class='ocrx_word' id='word_1_843' title='bbox 1379 1637 1554 1668; x_wconf 88' lang='lat' dir='ltr'><strong>numeralis</strong></span> <span class='ocrx_word' id='word_1_844' title='bbox 1570 1637 1730 1678; x_wconf 88' lang='lat' dir='ltr'><strong>quantitas</strong></span> <span class='ocrx_word' id='word_1_845' title='bbox 1746 1638 1992 1668; x_wconf 87' lang='lat' dir='ltr'><strong>concomitatur.</strong></span> <span class='ocrx_word' id='word_1_846' title='bbox 2009 1637 2230 1675; x_wconf 88' lang='lat' dir='ltr'><strong>Quantitatem</strong></span> <span class='ocrx_word' id='word_1_847' title='bbox 2248 1645 2356 1670; x_wconf 89' lang='lat' dir='ltr'><strong>autem</strong></span> <span class='ocrx_word' id='word_1_848' title='bbox 2379 1641 2448 1671; x_wconf 90' lang='lat' dir='ltr'><strong>bre-</strong></span> 
     </span>
     <span class='ocr_line' id='line_1_110' title="bbox 1379 1681 2449 1723; baseline 0.004 -11"><span class='ocrx_word' id='word_1_849' title='bbox 1379 1681 1470 1712; x_wconf 88' lang='lat' dir='ltr'><strong>vitati</strong></span> <span class='ocrx_word' id='word_1_850' title='bbox 1492 1681 1624 1712; x_wconf 86' lang='lat' dir='ltr'><strong>studens</strong></span> <span class='ocrx_word' id='word_1_851' title='bbox 1647 1681 1750 1722; x_wconf 90' lang='lat' dir='ltr'><strong>tetigit</strong></span> <span class='ocrx_word' id='word_1_852' title='bbox 1773 1681 1909 1712; x_wconf 86' lang='lat' dir='ltr'><strong>Sanctus</strong></span> <span class='ocrx_word' id='word_1_853' title='bbox 1925 1681 2070 1712; x_wconf 90' lang='lat' dir='ltr'><strong>Thomas</strong></span> <span class='ocrx_word' id='word_1_854' title='bbox 2090 1682 2248 1723; x_wconf 87' lang='lat' dir='ltr'><strong>explicite,</strong></span> <span class='ocrx_word' id='word_1_855' title='bbox 2272 1690 2308 1714; x_wconf 90' lang='lat' dir='ltr'><strong>ut</strong></span> <span class='ocrx_word' id='word_1_856' title='bbox 2331 1690 2363 1715; x_wconf 87' lang='lat' dir='ltr'><strong>et</strong></span> <span class='ocrx_word' id='word_1_857' title='bbox 2378 1694 2449 1715; x_wconf 89' lang='lat' dir='ltr'><strong>mo-</strong></span> 
     </span>
     <span class='ocr_line' id='line_1_111' title="bbox 1380 1725 2450 1767; baseline 0.001 -9"><span class='ocrx_word' id='word_1_858' title='bbox 1380 1725 1460 1758; x_wconf 90' lang='lat' dir='ltr'><strong>dum</strong></span> <span class='ocrx_word' id='word_1_859' title='bbox 1483 1726 1541 1767; x_wconf 92' lang='lat' dir='ltr'><strong>qui</strong></span> <span class='ocrx_word' id='word_1_860' title='bbox 1564 1725 1750 1757; x_wconf 88' lang='lat' dir='ltr'><strong>immediate</strong></span> <span class='ocrx_word' id='word_1_861' title='bbox 1777 1726 1923 1767; x_wconf 90' lang='lat' dir='ltr'><strong>sequitur</strong></span> <span class='ocrx_word' id='word_1_862' title='bbox 1946 1735 1984 1756; x_wconf 88' lang='lat' dir='ltr'><strong>ex</strong></span> <span class='ocrx_word' id='word_1_863' title='bbox 2011 1726 2221 1758; x_wconf 88' lang='lat' dir='ltr'><strong>antecedente</strong></span> <span class='ocrx_word' id='word_1_864' title='bbox 2247 1727 2335 1759; x_wconf 88' lang='lat' dir='ltr'><strong>daret</strong></span> <span class='ocrx_word' id='word_1_865' title='bbox 2357 1729 2450 1759; x_wconf 86' lang='lat' dir='ltr'><strong>intel-</strong></span> 
     </span>
     <span class='ocr_line' id='line_1_112' title="bbox 1379 1771 2450 1814; baseline 0.002 -12"><span class='ocrx_word' id='word_1_866' title='bbox 1379 1771 1489 1811; x_wconf 87' lang='lat' dir='ltr'><strong>ligere,</strong></span> <span class='ocrx_word' id='word_1_867' title='bbox 1521 1776 1554 1802; x_wconf 91' lang='lat' dir='ltr'><strong>et</strong></span> <span class='ocrx_word' id='word_1_868' title='bbox 1587 1771 1800 1812; x_wconf 86' lang='lat' dir='ltr'><strong>quantitatem</strong></span> <span class='ocrx_word' id='word_1_869' title='bbox 1835 1771 2122 1802; x_wconf 87' lang='lat' dir='ltr'><strong>concomitantem.</strong></span> <span class='ocrx_word' id='word_1_870' title='bbox 2158 1771 2226 1802; x_wconf 90' lang='lat' dir='ltr'><strong>Erit</strong></span> <span class='ocrx_word' id='word_1_871' title='bbox 2260 1782 2337 1814; x_wconf 87' lang='lat' dir='ltr'><strong>ergo</strong></span> <span class='ocrx_word' id='word_1_872' title='bbox 2371 1774 2450 1805; x_wconf 92' lang='lat' dir='ltr'><strong>haec</strong></span> 
     </span>
     <span class='ocr_line' id='line_1_113' title="bbox 1380 1815 2451 1858; baseline 0.002 -12"><span class='ocrx_word' id='word_1_873' title='bbox 1380 1815 1530 1856; x_wconf 88' lang='lat' dir='ltr'><strong>explicita</strong></span> <span class='ocrx_word' id='word_1_874' title='bbox 1553 1815 1807 1856; x_wconf 81' lang='lat' dir='ltr'><strong>argumentatio:</strong></span> <span class='ocrx_word' id='word_1_875' title='bbox 1831 1833 1855 1838; x_wconf 94' lang='lat'>—</span> <span class='ocrx_word' id='word_1_876' title='bbox 1881 1815 2069 1846; x_wconf 91' lang='lat' dir='ltr'><strong>Secundum</strong></span> <span class='ocrx_word' id='word_1_877' title='bbox 2093 1815 2230 1846; x_wconf 90' lang='lat' dir='ltr'><strong>modum</strong></span> <span class='ocrx_word' id='word_1_878' title='bbox 2257 1818 2451 1858; x_wconf 86' lang='lat' dir='ltr'><strong>cognitionis</strong></span> 
     </span>
     <span class='ocr_line' id='line_1_114' title="bbox 1380 1859 2451 1900; baseline 0.002 -9"><span class='ocrx_word' id='word_1_879' title='bbox 1380 1861 1576 1892; x_wconf 87' lang='lat' dir='ltr'><strong>substantiae</strong></span> <span class='ocrx_word' id='word_1_880' title='bbox 1599 1861 1645 1891; x_wconf 90' lang='lat' dir='ltr'><strong>rei</strong></span> <span class='ocrx_word' id='word_1_881' title='bbox 1669 1866 1717 1891; x_wconf 89' lang='lat' dir='ltr'><strong>est</strong></span> <span class='ocrx_word' id='word_1_882' title='bbox 1739 1859 1859 1891; x_wconf 91' lang='lat' dir='ltr'><strong>modus</strong></span> <span class='ocrx_word' id='word_1_883' title='bbox 1890 1860 2085 1900; x_wconf 90' lang='lat' dir='ltr'><strong>cognitionis</strong></span> <span class='ocrx_word' id='word_1_884' title='bbox 2114 1861 2272 1900; x_wconf 88' lang='lat' dir='ltr'><strong>passionis</strong></span> <span class='ocrx_word' id='word_1_885' title='bbox 2301 1863 2451 1893; x_wconf 87' lang='lat' dir='ltr'><strong>naturalis</strong></span> 
     </span>
     <span class='ocr_line' id='line_1_115' title="bbox 1381 1904 2452 1947; baseline 0.001 -11"><span class='ocrx_word' id='word_1_886' title='bbox 1381 1905 1531 1946; x_wconf 89' lang='lat' dir='ltr'><strong>cognitae</strong></span> <span class='ocrx_word' id='word_1_887' title='bbox 1546 1904 1587 1936; x_wconf 89' lang='lat' dir='ltr'><strong>de</strong></span> <span class='ocrx_word' id='word_1_888' title='bbox 1602 1914 1646 1936; x_wconf 90' lang='lat' dir='ltr'><strong>re.</strong></span> <span class='ocrx_word' id='word_1_889' title='bbox 1666 1904 1753 1945; x_wconf 89' lang='lat' dir='ltr'><strong>Ergo</strong></span> <span class='ocrx_word' id='word_1_890' title='bbox 1770 1905 1863 1935; x_wconf 91' lang='lat' dir='ltr'><strong>cuius</strong></span> <span class='ocrx_word' id='word_1_891' title='bbox 1876 1905 2013 1935; x_wconf 88' lang='lat' dir='ltr'><strong>essentia</strong></span> <span class='ocrx_word' id='word_1_892' title='bbox 2028 1905 2312 1947; x_wconf 89' lang='lat' dir='ltr'><strong>comprehenditur</strong></span> <span class='ocrx_word' id='word_1_893' title='bbox 2324 1912 2355 1937; x_wconf 93' lang='lat' dir='ltr'><strong>et</strong></span> <span class='ocrx_word' id='word_1_894' title='bbox 2370 1912 2452 1937; x_wconf 88' lang='lat' dir='ltr'><strong>tota-</strong></span> 
     </span>
     <span class='ocr_line' id='line_1_116' title="bbox 1380 1949 2453 1991; baseline 0.003 -11"><span class='ocrx_word' id='word_1_895' title='bbox 1380 1949 1452 1980; x_wconf 89' lang='lat' dir='ltr'><strong>liter</strong></span> <span class='ocrx_word' id='word_1_896' title='bbox 1468 1950 1687 1990; x_wconf 89' lang='lat' dir='ltr'><strong>cognoscitur,</strong></span> <span class='ocrx_word' id='word_1_897' title='bbox 1715 1949 1785 1980; x_wconf 85' lang='lat' dir='ltr'><strong>eius</strong></span> <span class='ocrx_word' id='word_1_898' title='bbox 1805 1949 1957 1980; x_wconf 89' lang='lat' dir='ltr'><strong>naturalis</strong></span> <span class='ocrx_word' id='word_1_899' title='bbox 1981 1950 2088 1990; x_wconf 88' lang='lat' dir='ltr'><strong>passio</strong></span> <span class='ocrx_word' id='word_1_900' title='bbox 2113 1951 2399 1991; x_wconf 91' lang='lat' dir='ltr'><strong>comprehenditur</strong></span> <span class='ocrx_word' id='word_1_901' title='bbox 2421 1957 2453 1982; x_wconf 89' lang='lat' dir='ltr'><strong>et</strong></span> 
     </span>
     <span class='ocr_line' id='line_1_117' title="bbox 1380 1993 2451 2034; baseline 0.003 -10"><span class='ocrx_word' id='word_1_902' title='bbox 1380 1993 1520 2024; x_wconf 91' lang='lat' dir='ltr'><strong>totaliter</strong></span> <span class='ocrx_word' id='word_1_903' title='bbox 1539 1995 1760 2034; x_wconf 85' lang='lat' dir='ltr'><strong>cognoscitur:</strong></span> <span class='ocrx_word' id='word_1_904' title='bbox 1779 1999 1834 2024; x_wconf 91' lang='lat' dir='ltr'><strong>aut</strong></span> <span class='ocrx_word' id='word_1_905' title='bbox 1849 1999 1924 2025; x_wconf 88' lang='lat' dir='ltr'><strong>actu</strong></span> <span class='ocrx_word' id='word_1_906' title='bbox 1943 1994 2066 2025; x_wconf 83' lang='lat' dir='ltr'><strong>scilicet</strong></span> <span class='ocrx_word' id='word_1_907' title='bbox 2080 2000 2137 2025; x_wconf 90' lang='lat' dir='ltr'><strong>aut</strong></span> <span class='ocrx_word' id='word_1_908' title='bbox 2151 1995 2277 2026; x_wconf 87' lang='lat' dir='ltr'><strong>virtute.</strong></span> <span class='ocrx_word' id='word_1_909' title='bbox 2295 1995 2358 2027; x_wconf 91' lang='lat' dir='ltr'><strong>Sed</strong></span> <span class='ocrx_word' id='word_1_910' title='bbox 2373 2001 2451 2027; x_wconf 89' lang='lat' dir='ltr'><strong>tunc</strong></span> 
     </span>
     <span class='ocr_line' id='line_1_118' title="bbox 1379 2038 2452 2080; baseline 0.002 -11"><span class='ocrx_word' id='word_1_911' title='bbox 1379 2038 1520 2069; x_wconf 91' lang='lat' dir='ltr'><strong>totaliter</strong></span> <span class='ocrx_word' id='word_1_912' title='bbox 1543 2038 1751 2079; x_wconf 86' lang='lat' dir='ltr'><strong>cognoscitur</strong></span> <span class='ocrx_word' id='word_1_913' title='bbox 1773 2038 1926 2069; x_wconf 89' lang='lat' dir='ltr'><strong>naturalis</strong></span> <span class='ocrx_word' id='word_1_914' title='bbox 1940 2039 2048 2079; x_wconf 90' lang='lat' dir='ltr'><strong>passio</strong></span> <span class='ocrx_word' id='word_1_915' title='bbox 2071 2039 2117 2070; x_wconf 88' lang='lat' dir='ltr'><strong>rei</strong></span> <span class='ocrx_word' id='word_1_916' title='bbox 2141 2039 2273 2080; x_wconf 88' lang='lat' dir='ltr'><strong>quando</strong></span> <span class='ocrx_word' id='word_1_917' title='bbox 2296 2040 2384 2071; x_wconf 92' lang='lat' dir='ltr'><strong>nulla</strong></span> <span class='ocrx_word' id='word_1_918' title='bbox 2406 2046 2452 2071; x_wconf 90' lang='lat' dir='ltr'><strong>est</strong></span> 
     </span>
     <span class='ocr_line' id='line_1_119' title="bbox 1380 2082 2151 2124; baseline 0.003 -11"><span class='ocrx_word' id='word_1_919' title='bbox 1380 2091 1465 2123; x_wconf 90' lang='lat' dir='ltr'><strong>quae</strong></span> <span class='ocrx_word' id='word_1_920' title='bbox 1488 2082 1528 2114; x_wconf 89' lang='lat' dir='ltr'><strong>de</strong></span> <span class='ocrx_word' id='word_1_921' title='bbox 1546 2083 1617 2124; x_wconf 88' lang='lat' dir='ltr'><strong>ipsa</strong></span> <span class='ocrx_word' id='word_1_922' title='bbox 1638 2092 1708 2114; x_wconf 90' lang='lat' dir='ltr'><strong>non</strong></span> <span class='ocrx_word' id='word_1_923' title='bbox 1732 2088 1956 2123; x_wconf 89' lang='lat' dir='ltr'><strong>cognoscatur.</strong></span> <span class='ocrx_word' id='word_1_924' title='bbox 1980 2083 2067 2123; x_wconf 87' lang='lat' dir='ltr'><strong>Ergo</strong></span> <span class='ocrx_word' id='word_1_925' title='bbox 2091 2089 2151 2115; x_wconf 91' lang='lat' dir='ltr'><strong>etc.</strong></span> 
     </span>
    </p>

    <p class='ocr_par' dir='ltr' id='par_1_19' title="bbox 1380 2126 2454 2393">
     <span class='ocr_line' id='line_1_120' title="bbox 1437 2126 2451 2168; baseline 0.004 -11"><span class='ocrx_word' id='word_1_926' title='bbox 1437 2126 1488 2157; x_wconf 91' lang='lat'><strong>111.</strong></span> <span class='ocrx_word' id='word_1_927' title='bbox 1513 2127 1664 2158; x_wconf 83' lang='lat' dir='ltr'><strong>Secunda</strong></span> <span class='ocrx_word' id='word_1_928' title='bbox 1687 2127 1774 2158; x_wconf 83' lang='lat' dir='ltr'><strong>ratio</strong></span> <span class='ocrx_word' id='word_1_929' title='bbox 1794 2128 1932 2159; x_wconf 91' lang='lat' dir='ltr'><strong>sumitur</strong></span> <span class='ocrx_word' id='word_1_930' title='bbox 1947 2136 1987 2158; x_wconf 92' lang='lat' dir='ltr'><strong>ex</strong></span> <span class='ocrx_word' id='word_1_931' title='bbox 2006 2127 2157 2168; x_wconf 87' lang='lat' dir='ltr'><strong>gradibus</strong></span> <span class='ocrx_word' id='word_1_932' title='bbox 2177 2129 2451 2161; x_wconf 88' lang='lat' dir='ltr'><strong>intellectualium.</strong></span> 
     </span>
     <span class='ocr_line' id='line_1_121' title="bbox 1380 2171 2453 2215; baseline 0.004 -13"><span class='ocrx_word' id='word_1_933' title='bbox 1380 2171 1422 2202; x_wconf 88' lang='lat' dir='ltr'><strong>Et</strong></span> <span class='ocrx_word' id='word_1_934' title='bbox 1445 2172 1587 2212; x_wconf 85' lang='lat' dir='ltr'><strong>arguitur</strong></span> <span class='ocrx_word' id='word_1_935' title='bbox 1610 2172 1666 2203; x_wconf 90' lang='lat' dir='ltr'><strong>sic.</strong></span> <span class='ocrx_word' id='word_1_936' title='bbox 1693 2171 1827 2210; x_wconf 92' lang='lat' dir='ltr'><strong>Quanto</strong></span> <span class='ocrx_word' id='word_1_937' title='bbox 1850 2171 2034 2203; x_wconf 90' lang='lat' dir='ltr'><strong>intellectus</strong></span> <span class='ocrx_word' id='word_1_938' title='bbox 2057 2178 2105 2203; x_wconf 91' lang='lat' dir='ltr'><strong>est</strong></span> <span class='ocrx_word' id='word_1_939' title='bbox 2128 2175 2276 2214; x_wconf 91' lang='lat' dir='ltr'><strong>superior</strong></span> <span class='ocrx_word' id='word_1_940' title='bbox 2299 2180 2330 2205; x_wconf 93' lang='lat' dir='ltr'><strong>et</strong></span> <span class='ocrx_word' id='word_1_941' title='bbox 2352 2175 2453 2215; x_wconf 90' lang='lat' dir='ltr'><strong>magis</strong></span> 
     </span>
     <span class='ocr_line' id='line_1_122' title="bbox 1381 2216 2454 2258; baseline 0.003 -11"><span class='ocrx_word' id='word_1_942' title='bbox 1381 2216 1534 2253; x_wconf 85' lang='lat' dir='ltr'><strong>elevatus,</strong></span> <span class='ocrx_word' id='word_1_943' title='bbox 1551 2222 1642 2247; x_wconf 89' lang='lat' dir='ltr'><strong>tanto</strong></span> <span class='ocrx_word' id='word_1_944' title='bbox 1666 2216 1759 2257; x_wconf 89' lang='lat' dir='ltr'><strong>plura</strong></span> <span class='ocrx_word' id='word_1_945' title='bbox 1775 2221 1883 2256; x_wconf 90' lang='lat' dir='ltr'><strong>potest</strong></span> <span class='ocrx_word' id='word_1_946' title='bbox 1898 2216 2077 2257; x_wconf 86' lang='lat' dir='ltr'><strong>intelligere</strong></span> <span class='ocrx_word' id='word_1_947' title='bbox 2100 2226 2185 2258; x_wconf 88' lang='lat' dir='ltr'><strong>quae</strong></span> <span class='ocrx_word' id='word_1_948' title='bbox 2207 2218 2339 2250; x_wconf 88' lang='lat' dir='ltr'><strong>inferior</strong></span> <span class='ocrx_word' id='word_1_949' title='bbox 2361 2219 2454 2249; x_wconf 89' lang='lat' dir='ltr'><strong>intel—</strong></span> 
     </span>
     <span class='ocr_line' id='line_1_123' title="bbox 1380 2260 2453 2301; baseline 0.004 -10"><span class='ocrx_word' id='word_1_950' title='bbox 1380 2260 1482 2292; x_wconf 90' lang='lat' dir='ltr'><strong>lectus</strong></span> <span class='ocrx_word' id='word_1_951' title='bbox 1506 2269 1621 2301; x_wconf 88' lang='lat' dir='ltr'><strong>capere</strong></span> <span class='ocrx_word' id='word_1_952' title='bbox 1643 2270 1713 2291; x_wconf 92' lang='lat' dir='ltr'><strong>non</strong></span> <span class='ocrx_word' id='word_1_953' title='bbox 1736 2265 1853 2301; x_wconf 88' lang='lat' dir='ltr'><strong>potest.</strong></span> <span class='ocrx_word' id='word_1_954' title='bbox 1878 2260 1942 2292; x_wconf 92' lang='lat' dir='ltr'><strong>Sed</strong></span> <span class='ocrx_word' id='word_1_955' title='bbox 1960 2261 2141 2294; x_wconf 88' lang='lat' dir='ltr'><strong>intellectus</strong></span> <span class='ocrx_word' id='word_1_956' title='bbox 2165 2262 2292 2294; x_wconf 92' lang='lat' dir='ltr'><strong>divinus</strong></span> <span class='ocrx_word' id='word_1_957' title='bbox 2314 2264 2453 2295; x_wconf 87' lang='lat' dir='ltr'><strong>maxime</strong></span> 
     </span>
     <span class='ocr_line' id='line_1_124' title="bbox 1381 2304 2453 2348; baseline 0.004 -13"><span class='ocrx_word' id='word_1_958' title='bbox 1381 2304 1506 2336; x_wconf 90' lang='lat' dir='ltr'><strong>excedit</strong></span> <span class='ocrx_word' id='word_1_959' title='bbox 1521 2305 1714 2336; x_wconf 88' lang='lat' dir='ltr'><strong>humanum.</strong></span> <span class='ocrx_word' id='word_1_960' title='bbox 1737 2305 1824 2346; x_wconf 89' lang='lat' dir='ltr'><strong>Ergo</strong></span> <span class='ocrx_word' id='word_1_961' title='bbox 1840 2305 1948 2346; x_wconf 88' lang='lat' dir='ltr'><strong>aliqua</strong></span> <span class='ocrx_word' id='word_1_962' title='bbox 1970 2306 2002 2336; x_wconf 91' lang='lat' dir='ltr'><strong>in</strong></span> <span class='ocrx_word' id='word_1_963' title='bbox 2020 2307 2126 2347; x_wconf 90' lang='lat' dir='ltr'><strong>seipso</strong></span> <span class='ocrx_word' id='word_1_964' title='bbox 2150 2307 2237 2338; x_wconf 91' lang='lat' dir='ltr'><strong>Deus</strong></span> <span class='ocrx_word' id='word_1_965' title='bbox 2257 2317 2453 2348; x_wconf 86' lang='lat' dir='ltr'><strong>cognoscere</strong></span> 
     </span>
     <span class='ocr_line' id='line_1_125' title="bbox 1380 2350 2296 2393; baseline 0.002 -13"><span class='ocrx_word' id='word_1_966' title='bbox 1380 2355 1488 2390; x_wconf 87' lang='lat' dir='ltr'><strong>potest</strong></span> <span class='ocrx_word' id='word_1_967' title='bbox 1511 2359 1596 2390; x_wconf 89' lang='lat' dir='ltr'><strong>quae</strong></span> <span class='ocrx_word' id='word_1_968' title='bbox 1619 2350 1782 2381; x_wconf 90' lang='lat' dir='ltr'><strong>humanus</strong></span> <span class='ocrx_word' id='word_1_969' title='bbox 1805 2351 1943 2381; x_wconf 91' lang='lat' dir='ltr'><strong>omnino</strong></span> <span class='ocrx_word' id='word_1_970' title='bbox 1960 2360 2074 2391; x_wconf 89' lang='lat' dir='ltr'><strong>capere</strong></span> <span class='ocrx_word' id='word_1_971' title='bbox 2097 2361 2165 2382; x_wconf 92' lang='lat' dir='ltr'><strong>non</strong></span> <span class='ocrx_word' id='word_1_972' title='bbox 2181 2358 2296 2393; x_wconf 90' lang='lat' dir='ltr'><strong>potest.</strong></span> 
     </span>
    </p>

    <p class='ocr_par' dir='ltr' id='par_1_20' title="bbox 1380 2394 2453 2569">
     <span class='ocr_line' id='line_1_126' title="bbox 1437 2394 2453 2436; baseline 0.002 -11"><span class='ocrx_word' id='word_1_973' title='bbox 1437 2394 1543 2425; x_wconf 89' lang='lat' dir='ltr'><strong>Maior</strong></span> <span class='ocrx_word' id='word_1_974' title='bbox 1565 2395 1748 2435; x_wconf 89' lang='lat' dir='ltr'><strong>propositio</strong></span> <span class='ocrx_word' id='word_1_975' title='bbox 1763 2395 1798 2425; x_wconf 91' lang='lat' dir='ltr'><strong>in</strong></span> <span class='ocrx_word' id='word_1_976' title='bbox 1813 2395 2002 2426; x_wconf 90' lang='lat' dir='ltr'><strong>hominibus</strong></span> <span class='ocrx_word' id='word_1_977' title='bbox 2020 2395 2121 2427; x_wconf 87' lang='lat' dir='ltr'><strong>videri</strong></span> <span class='ocrx_word' id='word_1_978' title='bbox 2136 2402 2253 2436; x_wconf 88' lang='lat' dir='ltr'><strong>potest.</strong></span> <span class='ocrx_word' id='word_1_979' title='bbox 2271 2397 2453 2428; x_wconf 86' lang='lat' dir='ltr'><strong>Intellectus</strong></span> 
     </span>
     <span class='ocr_line' id='line_1_127' title="bbox 1381 2438 2453 2482; baseline 0.003 -13"><span class='ocrx_word' id='word_1_980' title='bbox 1381 2439 1470 2470; x_wconf 90' lang='lat' dir='ltr'><strong>enim</strong></span> <span class='ocrx_word' id='word_1_981' title='bbox 1493 2440 1604 2470; x_wconf 88' lang='lat' dir='ltr'><strong>rustici</strong></span> <span class='ocrx_word' id='word_1_982' title='bbox 1627 2444 1659 2470; x_wconf 91' lang='lat' dir='ltr'><strong>et</strong></span> <span class='ocrx_word' id='word_1_983' title='bbox 1674 2438 1794 2470; x_wconf 90' lang='lat' dir='ltr'><strong>idiotae</strong></span> <span class='ocrx_word' id='word_1_984' title='bbox 1809 2440 1946 2471; x_wconf 90' lang='lat' dir='ltr'><strong>omnino</strong></span> <span class='ocrx_word' id='word_1_985' title='bbox 1963 2449 2078 2481; x_wconf 89' lang='lat' dir='ltr'><strong>capere</strong></span> <span class='ocrx_word' id='word_1_986' title='bbox 2101 2450 2169 2472; x_wconf 91' lang='lat' dir='ltr'><strong>non</strong></span> <span class='ocrx_word' id='word_1_987' title='bbox 2192 2447 2300 2482; x_wconf 91' lang='lat' dir='ltr'><strong>potest</strong></span> <span class='ocrx_word' id='word_1_988' title='bbox 2322 2441 2453 2472; x_wconf 89' lang='lat' dir='ltr'><strong>subtiles</strong></span> 
     </span>
     <span class='ocr_line' id='line_1_128' title="bbox 1380 2483 2452 2526; baseline 0.002 -12"><span class='ocrx_word' id='word_1_989' title='bbox 1380 2483 1608 2524; x_wconf 88' lang='lat' dir='ltr'><strong>philosophiae</strong></span> <span class='ocrx_word' id='word_1_990' title='bbox 1631 2484 1783 2520; x_wconf 87' lang='lat' dir='ltr'><strong>rationes,</strong></span> <span class='ocrx_word' id='word_1_991' title='bbox 1815 2494 1895 2525; x_wconf 90' lang='lat' dir='ltr'><strong>quas</strong></span> <span class='ocrx_word' id='word_1_992' title='bbox 1925 2484 2141 2526; x_wconf 89' lang='lat' dir='ltr'><strong>philosophus</strong></span> <span class='ocrx_word' id='word_1_993' title='bbox 2165 2491 2197 2516; x_wconf 89' lang='lat' dir='ltr'><strong>et</strong></span> <span class='ocrx_word' id='word_1_994' title='bbox 2219 2487 2321 2517; x_wconf 90' lang='lat' dir='ltr'><strong>homo</strong></span> <span class='ocrx_word' id='word_1_995' title='bbox 2345 2487 2452 2526; x_wconf 89' lang='lat' dir='ltr'><strong>magni</strong></span> 
     </span>
     <span class='ocr_line' id='line_1_129' title="bbox 1380 2528 1623 2569; baseline 0.004 -11"><span class='ocrx_word' id='word_1_996' title='bbox 1380 2528 1503 2568; x_wconf 90' lang='lat' dir='ltr'><strong>ingenii</strong></span> <span class='ocrx_word' id='word_1_997' title='bbox 1527 2529 1623 2569; x_wconf 91' lang='lat' dir='ltr'><strong>capit.</strong></span> 
     </span>
    </p>

    <p class='ocr_par' dir='ltr' id='par_1_21' title="bbox 1379 2572 2452 3448">
     <span class='ocr_line' id='line_1_130' title="bbox 1437 2572 2452 2616; baseline 0.002 -13"><span class='ocrx_word' id='word_1_998' title='bbox 1437 2572 1546 2603; x_wconf 90' lang='lat' dir='ltr'><strong>Minor</strong></span> <span class='ocrx_word' id='word_1_999' title='bbox 1576 2573 1675 2604; x_wconf 89' lang='lat' dir='ltr'><strong>etiam</strong></span> <span class='ocrx_word' id='word_1_1000' title='bbox 1705 2578 1802 2614; x_wconf 89' lang='lat' dir='ltr'><strong>patet.</strong></span> <span class='ocrx_word' id='word_1_1001' title='bbox 1834 2573 1921 2611; x_wconf 90' lang='lat' dir='ltr'><strong>Quia</strong></span> <span class='ocrx_word' id='word_1_1002' title='bbox 1951 2574 2133 2605; x_wconf 88' lang='lat' dir='ltr'><strong>intellectus</strong></span> <span class='ocrx_word' id='word_1_1003' title='bbox 2164 2575 2326 2616; x_wconf 86' lang='lat' dir='ltr'><strong>angelicus</strong></span> <span class='ocrx_word' id='word_1_1004' title='bbox 2352 2575 2452 2615; x_wconf 89' lang='lat' dir='ltr'><strong>magis</strong></span> 
     </span>
     <span class='ocr_line' id='line_1_131' title="bbox 1381 2616 2451 2660; baseline 0.003 -13"><span class='ocrx_word' id='word_1_1005' title='bbox 1381 2616 1508 2648; x_wconf 88' lang='lat' dir='ltr'><strong>excedit</strong></span> <span class='ocrx_word' id='word_1_1006' title='bbox 1526 2617 1728 2648; x_wconf 83' lang='lat' dir='ltr'><strong>intellectum</strong></span> <span class='ocrx_word' id='word_1_1007' title='bbox 1744 2618 1926 2649; x_wconf 90' lang='lat' dir='ltr'><strong>humanum</strong></span> <span class='ocrx_word' id='word_1_1008' title='bbox 1942 2627 2040 2658; x_wconf 92' lang='lat' dir='ltr'><strong>quam</strong></span> <span class='ocrx_word' id='word_1_1009' title='bbox 2054 2619 2235 2650; x_wconf 88' lang='lat' dir='ltr'><strong>intellectus</strong></span> <span class='ocrx_word' id='word_1_1010' title='bbox 2251 2620 2366 2660; x_wconf 91' lang='lat' dir='ltr'><strong>optimi</strong></span> <span class='ocrx_word' id='word_1_1011' title='bbox 2380 2620 2451 2660; x_wconf 92' lang='lat' dir='ltr'><strong>phi-</strong></span> 
     </span>
     <span class='ocr_line' id='line_1_132' title="bbox 1380 2661 2452 2702; baseline 0.003 -11"><span class='ocrx_word' id='word_1_1012' title='bbox 1380 2661 1511 2702; x_wconf 91' lang='lat' dir='ltr'><strong>losophi</strong></span> <span class='ocrx_word' id='word_1_1013' title='bbox 1534 2662 1737 2693; x_wconf 89' lang='lat' dir='ltr'><strong>intellectum</strong></span> <span class='ocrx_word' id='word_1_1014' title='bbox 1760 2661 1923 2693; x_wconf 88' lang='lat' dir='ltr'><strong>rudissimi</strong></span> <span class='ocrx_word' id='word_1_1015' title='bbox 1938 2662 2072 2694; x_wconf 87' lang='lat' dir='ltr'><strong>idiotae:</strong></span> <span class='ocrx_word' id='word_1_1016' title='bbox 2095 2673 2171 2694; x_wconf 91' lang='lat' dir='ltr'><strong>cum</strong></span> <span class='ocrx_word' id='word_1_1017' title='bbox 2195 2663 2341 2694; x_wconf 90' lang='lat' dir='ltr'><strong>distantia</strong></span> <span class='ocrx_word' id='word_1_1018' title='bbox 2359 2664 2452 2694; x_wconf 91' lang='lat' dir='ltr'><strong>intel—</strong></span> 
     </span>
     <span class='ocr_line' id='line_1_133' title="bbox 1380 2706 2452 2739; baseline 0.002 -3"><span class='ocrx_word' id='word_1_1019' title='bbox 1380 2706 1483 2736; x_wconf 91' lang='lat' dir='ltr'><strong>lectus</strong></span> <span class='ocrx_word' id='word_1_1020' title='bbox 1506 2706 1604 2737; x_wconf 90' lang='lat' dir='ltr'><strong>unius</strong></span> <span class='ocrx_word' id='word_1_1021' title='bbox 1627 2707 1770 2738; x_wconf 88' lang='lat' dir='ltr'><strong>hominis</strong></span> <span class='ocrx_word' id='word_1_1022' title='bbox 1785 2707 1825 2738; x_wconf 88' lang='lat' dir='ltr'><strong>ab</strong></span> <span class='ocrx_word' id='word_1_1023' title='bbox 1840 2707 2006 2738; x_wconf 90' lang='lat' dir='ltr'><strong>intellectu</strong></span> <span class='ocrx_word' id='word_1_1024' title='bbox 2021 2707 2150 2738; x_wconf 89' lang='lat' dir='ltr'><strong>alterius</strong></span> <span class='ocrx_word' id='word_1_1025' title='bbox 2164 2708 2246 2738; x_wconf 90' lang='lat' dir='ltr'><strong>intra</strong></span> <span class='ocrx_word' id='word_1_1026' title='bbox 2261 2708 2376 2739; x_wconf 91' lang='lat' dir='ltr'><strong>limites</strong></span> <span class='ocrx_word' id='word_1_1027' title='bbox 2391 2709 2452 2739; x_wconf 93' lang='lat' dir='ltr'><strong>hu-</strong></span> 
     </span>
     <span class='ocr_line' id='line_1_134' title="bbox 1379 2751 2451 2792; baseline 0.001 -11"><span class='ocrx_word' id='word_1_1028' title='bbox 1379 2759 1496 2781; x_wconf 89' lang='lat' dir='ltr'><strong>manae</strong></span> <span class='ocrx_word' id='word_1_1029' title='bbox 1520 2751 1640 2792; x_wconf 88' lang='lat' dir='ltr'><strong>speciei</strong></span> <span class='ocrx_word' id='word_1_1030' title='bbox 1663 2752 1877 2788; x_wconf 89' lang='lat' dir='ltr'><strong>contineatur,</strong></span> <span class='ocrx_word' id='word_1_1031' title='bbox 1899 2751 2079 2783; x_wconf 89' lang='lat' dir='ltr'><strong>intellectus</strong></span> <span class='ocrx_word' id='word_1_1032' title='bbox 2103 2757 2211 2783; x_wconf 90' lang='lat' dir='ltr'><strong>autem</strong></span> <span class='ocrx_word' id='word_1_1033' title='bbox 2234 2753 2396 2792; x_wconf 89' lang='lat' dir='ltr'><strong>angelicus</strong></span> <span class='ocrx_word' id='word_1_1034' title='bbox 2411 2753 2451 2783; x_wconf 89' lang='lat' dir='ltr'><strong>sit</strong></span> 
     </span>
     <span class='ocr_line' id='line_1_135' title="bbox 1380 2795 2450 2837; baseline 0.002 -12"><span class='ocrx_word' id='word_1_1035' title='bbox 1380 2795 1529 2835; x_wconf 92' lang='lat' dir='ltr'><strong>superior</strong></span> <span class='ocrx_word' id='word_1_1036' title='bbox 1551 2795 1733 2827; x_wconf 90' lang='lat' dir='ltr'><strong>secundum</strong></span> <span class='ocrx_word' id='word_1_1037' title='bbox 1748 2797 1900 2837; x_wconf 89' lang='lat' dir='ltr'><strong>speciem.</strong></span> <span class='ocrx_word' id='word_1_1038' title='bbox 1924 2796 1999 2826; x_wconf 90' lang='lat' dir='ltr'><strong>Hoc</strong></span> <span class='ocrx_word' id='word_1_1039' title='bbox 2015 2802 2123 2827; x_wconf 89' lang='lat' dir='ltr'><strong>autem</strong></span> <span class='ocrx_word' id='word_1_1040' title='bbox 2147 2796 2342 2837; x_wconf 91' lang='lat' dir='ltr'><strong>deprehendi</strong></span> <span class='ocrx_word' id='word_1_1041' title='bbox 2357 2796 2450 2827; x_wconf 90' lang='lat' dir='ltr'><strong>facile</strong></span> 
     </span>
     <span class='ocr_line' id='line_1_136' title="bbox 1380 2840 2449 2880; baseline 0.002 -10"><span class='ocrx_word' id='word_1_1042' title='bbox 1380 2845 1498 2880; x_wconf 90' lang='lat' dir='ltr'><strong>potest,</strong></span> <span class='ocrx_word' id='word_1_1043' title='bbox 1523 2841 1600 2880; x_wconf 92' lang='lat' dir='ltr'><strong>quia</strong></span> <span class='ocrx_word' id='word_1_1044' title='bbox 1616 2850 1655 2871; x_wconf 90' lang='lat' dir='ltr'><strong>ex</strong></span> <span class='ocrx_word' id='word_1_1045' title='bbox 1674 2841 1827 2871; x_wconf 90' lang='lat' dir='ltr'><strong>nobiliori</strong></span> <span class='ocrx_word' id='word_1_1046' title='bbox 1849 2840 1964 2871; x_wconf 84' lang='lat' dir='ltr'><strong>effectu</strong></span> <span class='ocrx_word' id='word_1_1047' title='bbox 1989 2845 2021 2871; x_wconf 90' lang='lat' dir='ltr'><strong>et</strong></span> <span class='ocrx_word' id='word_1_1048' title='bbox 2044 2841 2239 2871; x_wconf 89' lang='lat' dir='ltr'><strong>abstractiori</strong></span> <span class='ocrx_word' id='word_1_1049' title='bbox 2263 2841 2369 2872; x_wconf 91' lang='lat' dir='ltr'><strong>Deum</strong></span> <span class='ocrx_word' id='word_1_1050' title='bbox 2394 2850 2449 2872; x_wconf 93' lang='lat' dir='ltr'><strong>co-</strong></span> 
     </span>
     <span class='ocr_line' id='line_1_137' title="bbox 1380 2884 2449 2926; baseline 0.001 -11"><span class='ocrx_word' id='word_1_1051' title='bbox 1380 2884 1525 2924; x_wconf 87' lang='lat' dir='ltr'><strong>gnoscit:</strong></span> <span class='ocrx_word' id='word_1_1052' title='bbox 1549 2894 1608 2925; x_wconf 87' lang='lat' dir='ltr'><strong>per</strong></span> <span class='ocrx_word' id='word_1_1053' title='bbox 1630 2885 1734 2926; x_wconf 84' lang='lat' dir='ltr'><strong>ipsam</strong></span> <span class='ocrx_word' id='word_1_1054' title='bbox 1750 2886 1838 2916; x_wconf 89' lang='lat' dir='ltr'><strong>enim</strong></span> <span class='ocrx_word' id='word_1_1055' title='bbox 1854 2886 2062 2916; x_wconf 90' lang='lat' dir='ltr'><strong>substantiam</strong></span> <span class='ocrx_word' id='word_1_1056' title='bbox 2079 2885 2193 2925; x_wconf 91' lang='lat' dir='ltr'><strong>angeli,</strong></span> <span class='ocrx_word' id='word_1_1057' title='bbox 2210 2895 2293 2926; x_wconf 92' lang='lat' dir='ltr'><strong>quae</strong></span> <span class='ocrx_word' id='word_1_1058' title='bbox 2309 2892 2341 2916; x_wconf 91' lang='lat' dir='ltr'><strong>et</strong></span> <span class='ocrx_word' id='word_1_1059' title='bbox 2355 2886 2449 2916; x_wconf 91' lang='lat' dir='ltr'><strong>rebus</strong></span> 
     </span>
     <span class='ocr_line' id='line_1_138' title="bbox 1380 2929 2449 2970; baseline 0.002 -11"><span class='ocrx_word' id='word_1_1060' title='bbox 1380 2929 1584 2960; x_wconf 89' lang='lat' dir='ltr'><strong>sensibilibus</strong></span> <span class='ocrx_word' id='word_1_1061' title='bbox 1601 2935 1633 2960; x_wconf 91' lang='lat' dir='ltr'><strong>et</strong></span> <span class='ocrx_word' id='word_1_1062' title='bbox 1647 2930 1717 2970; x_wconf 91' lang='lat' dir='ltr'><strong>ipsa</strong></span> <span class='ocrx_word' id='word_1_1063' title='bbox 1733 2931 1830 2960; x_wconf 91' lang='lat' dir='ltr'><strong>etiam</strong></span> <span class='ocrx_word' id='word_1_1064' title='bbox 1842 2930 1983 2960; x_wconf 91' lang='lat' dir='ltr'><strong>humana</strong></span> <span class='ocrx_word' id='word_1_1065' title='bbox 1995 2930 2110 2966; x_wconf 91' lang='lat' dir='ltr'><strong>anima,</strong></span> <span class='ocrx_word' id='word_1_1066' title='bbox 2123 2939 2183 2970; x_wconf 90' lang='lat' dir='ltr'><strong>per</strong></span> <span class='ocrx_word' id='word_1_1067' title='bbox 2195 2939 2278 2970; x_wconf 93' lang='lat' dir='ltr'><strong>quae</strong></span> <span class='ocrx_word' id='word_1_1068' title='bbox 2290 2931 2449 2961; x_wconf 92' lang='lat' dir='ltr'><strong>humanus</strong></span> 
     </span>
     <span class='ocr_line' id='line_1_139' title="bbox 1379 2973 2448 3015; baseline 0.001 -11"><span class='ocrx_word' id='word_1_1069' title='bbox 1379 2973 1563 3005; x_wconf 86' lang='lat' dir='ltr'><strong>intellectus</strong></span> <span class='ocrx_word' id='word_1_1070' title='bbox 1586 2974 1620 3004; x_wconf 92' lang='lat' dir='ltr'><strong>in</strong></span> <span class='ocrx_word' id='word_1_1071' title='bbox 1643 2974 1752 3005; x_wconf 89' lang='lat' dir='ltr'><strong>Deum</strong></span> <span class='ocrx_word' id='word_1_1072' title='bbox 1775 2973 1927 3010; x_wconf 89' lang='lat' dir='ltr'><strong>ascendit,</strong></span> <span class='ocrx_word' id='word_1_1073' title='bbox 1942 2974 2084 3004; x_wconf 92' lang='lat' dir='ltr'><strong>nobilior</strong></span> <span class='ocrx_word' id='word_1_1074' title='bbox 2107 2980 2163 3010; x_wconf 90' lang='lat' dir='ltr'><strong>est,</strong></span> <span class='ocrx_word' id='word_1_1075' title='bbox 2187 2975 2319 3015; x_wconf 91' lang='lat' dir='ltr'><strong>angelus</strong></span> <span class='ocrx_word' id='word_1_1076' title='bbox 2343 2975 2448 3006; x_wconf 90' lang='lat' dir='ltr'><strong>Deum</strong></span> 
     </span>
     <span class='ocr_line' id='line_1_140' title="bbox 1379 3017 2449 3059; baseline 0 -10"><span class='ocrx_word' id='word_1_1077' title='bbox 1379 3018 1517 3049; x_wconf 85' lang='lat' dir='ltr'><strong>naturali</strong></span> <span class='ocrx_word' id='word_1_1078' title='bbox 1529 3019 1716 3059; x_wconf 88' lang='lat' dir='ltr'><strong>cognitione</strong></span> <span class='ocrx_word' id='word_1_1079' title='bbox 1729 3019 1907 3058; x_wconf 88' lang='lat' dir='ltr'><strong>cognoscit,</strong></span> <span class='ocrx_word' id='word_1_1080' title='bbox 1920 3023 1956 3049; x_wconf 91' lang='lat' dir='ltr'><strong>ut</strong></span> <span class='ocrx_word' id='word_1_1081' title='bbox 1967 3017 2099 3049; x_wconf 89' lang='lat' dir='ltr'><strong>inferius</strong></span> <span class='ocrx_word' id='word_1_1082' title='bbox 2111 3020 2128 3036; x_wconf 68' lang='lat'><strong>⁴*</strong></span> <span class='ocrx_word' id='word_1_1083' title='bbox 2144 3019 2338 3050; x_wconf 91' lang='lat' dir='ltr'><strong>ostendetur.</strong></span> <span class='ocrx_word' id='word_1_1084' title='bbox 2355 3020 2449 3050; x_wconf 91' lang='lat' dir='ltr'><strong>Intel—</strong></span> 
     </span>
     <span class='ocr_line' id='line_1_141' title="bbox 1379 3062 2448 3103; baseline 0.002 -11"><span class='ocrx_word' id='word_1_1085' title='bbox 1379 3062 1482 3093; x_wconf 89' lang='lat' dir='ltr'><strong>lectus</strong></span> <span class='ocrx_word' id='word_1_1086' title='bbox 1505 3072 1583 3093; x_wconf 91' lang='lat' dir='ltr'><strong>vero</strong></span> <span class='ocrx_word' id='word_1_1087' title='bbox 1607 3063 1735 3094; x_wconf 91' lang='lat' dir='ltr'><strong>divinus</strong></span> <span class='ocrx_word' id='word_1_1088' title='bbox 1757 3063 1859 3103; x_wconf 89' lang='lat' dir='ltr'><strong>magis</strong></span> <span class='ocrx_word' id='word_1_1089' title='bbox 1883 3062 2007 3093; x_wconf 87' lang='lat' dir='ltr'><strong>excedit</strong></span> <span class='ocrx_word' id='word_1_1090' title='bbox 2030 3063 2210 3103; x_wconf 90' lang='lat' dir='ltr'><strong>angelicum</strong></span> <span class='ocrx_word' id='word_1_1091' title='bbox 2233 3073 2330 3103; x_wconf 90' lang='lat' dir='ltr'><strong>quam</strong></span> <span class='ocrx_word' id='word_1_1092' title='bbox 2354 3073 2448 3103; x_wconf 89' lang='lat' dir='ltr'><strong>ange-</strong></span> 
     </span>
     <span class='ocr_line' id='line_1_142' title="bbox 1379 3106 2448 3147; baseline 0.001 -10"><span class='ocrx_word' id='word_1_1093' title='bbox 1379 3106 1462 3137; x_wconf 90' lang='lat' dir='ltr'><strong>licus</strong></span> <span class='ocrx_word' id='word_1_1094' title='bbox 1477 3107 1668 3138; x_wconf 90' lang='lat' dir='ltr'><strong>humanum.</strong></span> <span class='ocrx_word' id='word_1_1095' title='bbox 1686 3107 1786 3145; x_wconf 90' lang='lat' dir='ltr'><strong>Quod</strong></span> <span class='ocrx_word' id='word_1_1096' title='bbox 1801 3106 2022 3138; x_wconf 90' lang='lat' dir='ltr'><strong>manifestatur</strong></span> <span class='ocrx_word' id='word_1_1097' title='bbox 2037 3108 2112 3147; x_wconf 91' lang='lat' dir='ltr'><strong>quia</strong></span> <span class='ocrx_word' id='word_1_1098' title='bbox 2127 3107 2307 3138; x_wconf 90' lang='lat' dir='ltr'><strong>intellectus</strong></span> <span class='ocrx_word' id='word_1_1099' title='bbox 2323 3107 2448 3138; x_wconf 91' lang='lat' dir='ltr'><strong>divinus</strong></span> 
     </span>
     <span class='ocr_line' id='line_1_143' title="bbox 1380 3150 2448 3192; baseline 0 -10"><span class='ocrx_word' id='word_1_1100' title='bbox 1380 3150 1523 3182; x_wconf 89' lang='lat' dir='ltr'><strong>divinam</strong></span> <span class='ocrx_word' id='word_1_1101' title='bbox 1546 3152 1757 3182; x_wconf 89' lang='lat' dir='ltr'><strong>substantiam</strong></span> <span class='ocrx_word' id='word_1_1102' title='bbox 1785 3151 1952 3192; x_wconf 86' lang='lat' dir='ltr'><strong>adaequat,</strong></span> <span class='ocrx_word' id='word_1_1103' title='bbox 1977 3156 2009 3181; x_wconf 90' lang='lat' dir='ltr'><strong>et</strong></span> <span class='ocrx_word' id='word_1_1104' title='bbox 2037 3151 2111 3182; x_wconf 90' lang='lat' dir='ltr'><strong>ideo</strong></span> <span class='ocrx_word' id='word_1_1105' title='bbox 2135 3161 2169 3182; x_wconf 91' lang='lat' dir='ltr'><strong>se</strong></span> <span class='ocrx_word' id='word_1_1106' title='bbox 2191 3151 2332 3192; x_wconf 89' lang='lat' dir='ltr'><strong>perfecte</strong></span> <span class='ocrx_word' id='word_1_1107' title='bbox 2355 3152 2448 3182; x_wconf 90' lang='lat' dir='ltr'><strong>intel-</strong></span> 
     </span>
     <span class='ocr_line' id='line_1_144' title="bbox 1380 3195 2446 3236; baseline 0 -10"><span class='ocrx_word' id='word_1_1108' title='bbox 1380 3195 1462 3236; x_wconf 90' lang='lat' dir='ltr'><strong>ligit:</strong></span> <span class='ocrx_word' id='word_1_1109' title='bbox 1487 3196 1669 3227; x_wconf 90' lang='lat' dir='ltr'><strong>intellectus</strong></span> <span class='ocrx_word' id='word_1_1110' title='bbox 1702 3201 1811 3226; x_wconf 91' lang='lat' dir='ltr'><strong>autem</strong></span> <span class='ocrx_word' id='word_1_1111' title='bbox 1842 3195 2005 3236; x_wconf 90' lang='lat' dir='ltr'><strong>angelicus</strong></span> <span class='ocrx_word' id='word_1_1112' title='bbox 2036 3195 2076 3226; x_wconf 90' lang='lat' dir='ltr'><strong>de</strong></span> <span class='ocrx_word' id='word_1_1113' title='bbox 2099 3195 2170 3226; x_wconf 92' lang='lat' dir='ltr'><strong>Deo</strong></span> <span class='ocrx_word' id='word_1_1114' title='bbox 2204 3195 2281 3235; x_wconf 92' lang='lat' dir='ltr'><strong>quid</strong></span> <span class='ocrx_word' id='word_1_1115' title='bbox 2309 3201 2356 3226; x_wconf 91' lang='lat' dir='ltr'><strong>est</strong></span> <span class='ocrx_word' id='word_1_1116' title='bbox 2378 3205 2446 3226; x_wconf 93' lang='lat' dir='ltr'><strong>non</strong></span> 
     </span>
     <span class='ocr_line' id='line_1_145' title="bbox 1381 3240 2446 3280; baseline -0.001 -9"><span class='ocrx_word' id='word_1_1117' title='bbox 1381 3241 1559 3280; x_wconf 89' lang='lat' dir='ltr'><strong>cognoscit,</strong></span> <span class='ocrx_word' id='word_1_1118' title='bbox 1577 3250 1653 3271; x_wconf 90' lang='lat' dir='ltr'><strong>cum</strong></span> <span class='ocrx_word' id='word_1_1119' title='bbox 1669 3240 1844 3271; x_wconf 90' lang='lat' dir='ltr'><strong>substantia</strong></span> <span class='ocrx_word' id='word_1_1120' title='bbox 1867 3250 1934 3276; x_wconf 90' lang='lat' dir='ltr'><strong>sua,</strong></span> <span class='ocrx_word' id='word_1_1121' title='bbox 1952 3249 2009 3279; x_wconf 88' lang='lat' dir='ltr'><strong>per</strong></span> <span class='ocrx_word' id='word_1_1122' title='bbox 2025 3249 2122 3279; x_wconf 90' lang='lat' dir='ltr'><strong>quam</strong></span> <span class='ocrx_word' id='word_1_1123' title='bbox 2146 3240 2253 3270; x_wconf 92' lang='lat' dir='ltr'><strong>Deum</strong></span> <span class='ocrx_word' id='word_1_1124' title='bbox 2269 3241 2446 3280; x_wconf 89' lang='lat' dir='ltr'><strong>cognoscit,</strong></span> 
     </span>
     <span class='ocr_line' id='line_1_146' title="bbox 1380 3283 2447 3324; baseline 0 -9"><span class='ocrx_word' id='word_1_1125' title='bbox 1380 3284 1421 3315; x_wconf 91' lang='lat' dir='ltr'><strong>sit</strong></span> <span class='ocrx_word' id='word_1_1126' title='bbox 1443 3284 1577 3315; x_wconf 87' lang='lat' dir='ltr'><strong>effectus</strong></span> <span class='ocrx_word' id='word_1_1127' title='bbox 1599 3285 1751 3315; x_wconf 86' lang='lat' dir='ltr'><strong>virtutem</strong></span> <span class='ocrx_word' id='word_1_1128' title='bbox 1775 3294 1889 3315; x_wconf 91' lang='lat' dir='ltr'><strong>causae</strong></span> <span class='ocrx_word' id='word_1_1129' title='bbox 1911 3293 1979 3314; x_wconf 91' lang='lat' dir='ltr'><strong>non</strong></span> <span class='ocrx_word' id='word_1_1130' title='bbox 2006 3283 2200 3324; x_wconf 89' lang='lat' dir='ltr'><strong>adaequans;</strong></span> <span class='ocrx_word' id='word_1_1131' title='bbox 2226 3289 2257 3314; x_wconf 92' lang='lat' dir='ltr'><strong>et</strong></span> <span class='ocrx_word' id='word_1_1132' title='bbox 2280 3284 2354 3315; x_wconf 92' lang='lat' dir='ltr'><strong>ideo</strong></span> <span class='ocrx_word' id='word_1_1133' title='bbox 2378 3294 2447 3315; x_wconf 93' lang='lat' dir='ltr'><strong>non</strong></span> 
     </span>
     <span class='ocr_line' id='line_1_147' title="bbox 1380 3328 2446 3369; baseline -0.001 -10"><span class='ocrx_word' id='word_1_1134' title='bbox 1380 3330 1491 3359; x_wconf 91' lang='lat' dir='ltr'><strong>omnia</strong></span> <span class='ocrx_word' id='word_1_1135' title='bbox 1508 3338 1592 3369; x_wconf 91' lang='lat' dir='ltr'><strong>quae</strong></span> <span class='ocrx_word' id='word_1_1136' title='bbox 1615 3329 1655 3359; x_wconf 91' lang='lat' dir='ltr'><strong>de</strong></span> <span class='ocrx_word' id='word_1_1137' title='bbox 1671 3330 1778 3369; x_wconf 90' lang='lat' dir='ltr'><strong>seipso</strong></span> <span class='ocrx_word' id='word_1_1138' title='bbox 1795 3329 1883 3359; x_wconf 91' lang='lat' dir='ltr'><strong>Deus</strong></span> <span class='ocrx_word' id='word_1_1139' title='bbox 1899 3328 2075 3368; x_wconf 90' lang='lat' dir='ltr'><strong>cognoscit,</strong></span> <span class='ocrx_word' id='word_1_1140' title='bbox 2093 3328 2224 3367; x_wconf 88' lang='lat' dir='ltr'><strong>angelus</strong></span> <span class='ocrx_word' id='word_1_1141' title='bbox 2240 3329 2375 3359; x_wconf 89' lang='lat' dir='ltr'><strong>naturali</strong></span> <span class='ocrx_word' id='word_1_1142' title='bbox 2391 3339 2446 3359; x_wconf 91' lang='lat' dir='ltr'><strong>co-</strong></span> 
     </span>
     <span class='ocr_line' id='line_1_148' title="bbox 1379 3372 2447 3414; baseline 0 -10"><span class='ocrx_word' id='word_1_1143' title='bbox 1379 3374 1526 3413; x_wconf 89' lang='lat' dir='ltr'><strong>gnitione</strong></span> <span class='ocrx_word' id='word_1_1144' title='bbox 1537 3378 1646 3414; x_wconf 86' lang='lat' dir='ltr'><strong>potest</strong></span> <span class='ocrx_word' id='word_1_1145' title='bbox 1658 3382 1864 3413; x_wconf 89' lang='lat' dir='ltr'><strong>cognoscere.</strong></span> <span class='ocrx_word' id='word_1_1146' title='bbox 1878 3373 1963 3412; x_wconf 89' lang='lat' dir='ltr'><strong>Ergo</strong></span> <span class='ocrx_word' id='word_1_1147' title='bbox 1975 3372 2155 3403; x_wconf 91' lang='lat' dir='ltr'><strong>intellectus</strong></span> <span class='ocrx_word' id='word_1_1148' title='bbox 2167 3372 2293 3403; x_wconf 91' lang='lat' dir='ltr'><strong>divinus</strong></span> <span class='ocrx_word' id='word_1_1149' title='bbox 2308 3374 2447 3404; x_wconf 87' lang='lat' dir='ltr'><strong>maxime</strong></span> 
     </span>
     <span class='ocr_line' id='line_1_149' title="bbox 1379 3417 1718 3448; baseline 0 0"><span class='ocrx_word' id='word_1_1150' title='bbox 1379 3418 1561 3448; x_wconf 90' lang='lat' dir='ltr'><strong>humanum</strong></span> <span class='ocrx_word' id='word_1_1151' title='bbox 1586 3417 1718 3448; x_wconf 88' lang='lat' dir='ltr'><strong>excedit.</strong></span> 
     </span>
    </p>

    <p class='ocr_par' dir='ltr' id='par_1_22' title="bbox 1379 3460 2447 3679">
     <span class='ocr_line' id='line_1_150' title="bbox 1437 3460 2446 3500; baseline 0 -8"><span class='ocrx_word' id='word_1_1152' title='bbox 1437 3472 1467 3492; x_wconf 89' lang='lat'><strong>2.</strong></span> <span class='ocrx_word' id='word_1_1153' title='bbox 1491 3462 1553 3492; x_wconf 94' lang='lat' dir='ltr'><strong>Pro</strong></span> <span class='ocrx_word' id='word_1_1154' title='bbox 1570 3461 1784 3493; x_wconf 83' lang='lat' dir='ltr'><strong>declaratione</strong></span> <span class='ocrx_word' id='word_1_1155' title='bbox 1799 3461 1939 3496; x_wconf 86' lang='lat' dir='ltr'><strong>maioris,</strong></span> <span class='ocrx_word' id='word_1_1156' title='bbox 1956 3469 2030 3490; x_wconf 89' lang='lat' dir='ltr'><strong>cum</strong></span> <span class='ocrx_word' id='word_1_1157' title='bbox 2046 3470 2103 3490; x_wconf 89' lang='lat' dir='ltr'><strong>sua</strong></span> <span class='ocrx_word' id='word_1_1158' title='bbox 2125 3460 2327 3500; x_wconf 81' lang='lat' dir='ltr'><strong>probatione,</strong></span> <span class='ocrx_word' id='word_1_1159' title='bbox 2344 3462 2446 3492; x_wconf 92' lang='lat' dir='ltr'><strong>scien-</strong></span> 
     </span>
     <span class='ocr_line' id='line_1_151' title="bbox 1380 3504 2447 3547; baseline -0.002 -9"><span class='ocrx_word' id='word_1_1160' title='bbox 1380 3506 1459 3538; x_wconf 93' lang='lat' dir='ltr'><strong>dum</strong></span> <span class='ocrx_word' id='word_1_1161' title='bbox 1481 3507 1599 3547; x_wconf 89' lang='lat' dir='ltr'><strong>primo,</strong></span> <span class='ocrx_word' id='word_1_1162' title='bbox 1624 3505 1714 3546; x_wconf 93' lang='lat' dir='ltr'><strong>quod</strong></span> <span class='ocrx_word' id='word_1_1163' title='bbox 1741 3505 1910 3545; x_wconf 91' lang='lat' dir='ltr'><strong>dupliciter</strong></span> <span class='ocrx_word' id='word_1_1164' title='bbox 1933 3505 2089 3544; x_wconf 90' lang='lat' dir='ltr'><strong>contingit</strong></span> <span class='ocrx_word' id='word_1_1165' title='bbox 2117 3504 2239 3544; x_wconf 91' lang='lat' dir='ltr'><strong>aliquid</strong></span> <span class='ocrx_word' id='word_1_1166' title='bbox 2262 3515 2280 3535; x_wconf 91' lang='lat' dir='ltr'><strong>a</strong></span> <span class='ocrx_word' id='word_1_1167' title='bbox 2302 3507 2447 3546; x_wconf 91' lang='lat' dir='ltr'><strong>potentia</strong></span> 
     </span>
     <span class='ocr_line' id='line_1_152' title="bbox 1380 3548 2445 3591; baseline -0.002 -9"><span class='ocrx_word' id='word_1_1168' title='bbox 1380 3551 1535 3591; x_wconf 91' lang='lat' dir='ltr'><strong>cognosci</strong></span> <span class='ocrx_word' id='word_1_1169' title='bbox 1568 3560 1637 3581; x_wconf 90' lang='lat' dir='ltr'><strong>non</strong></span> <span class='ocrx_word' id='word_1_1170' title='bbox 1669 3559 1776 3590; x_wconf 88' lang='lat' dir='ltr'><strong>posse,</strong></span> <span class='ocrx_word' id='word_1_1171' title='bbox 1809 3555 1845 3580; x_wconf 93' lang='lat' dir='ltr'><strong>ut</strong></span> <span class='ocrx_word' id='word_1_1172' title='bbox 1875 3549 1980 3588; x_wconf 89' lang='lat' dir='ltr'><strong>inquit</strong></span> <span class='ocrx_word' id='word_1_1173' title='bbox 2016 3548 2150 3579; x_wconf 88' lang='lat' dir='ltr'><strong>Sanctus</strong></span> <span class='ocrx_word' id='word_1_1174' title='bbox 2183 3549 2346 3580; x_wconf 88' lang='lat' dir='ltr'><strong>Thomas:</strong></span> <span class='ocrx_word' id='word_1_1175' title='bbox 2380 3556 2445 3587; x_wconf 93' lang='lat' dir='ltr'><strong>aut,</strong></span> 
     </span>
     <span class='ocr_line' id='line_1_153' title="bbox 1379 3593 2447 3636; baseline -0.001 -10"><span class='ocrx_word' id='word_1_1176' title='bbox 1379 3596 1528 3636; x_wconf 87' lang='lat' dir='ltr'><strong>inquam,</strong></span> <span class='ocrx_word' id='word_1_1177' title='bbox 1565 3595 1641 3635; x_wconf 89' lang='lat' dir='ltr'><strong>quia</strong></span> <span class='ocrx_word' id='word_1_1178' title='bbox 1675 3604 1743 3625; x_wconf 89' lang='lat' dir='ltr'><strong>non</strong></span> <span class='ocrx_word' id='word_1_1179' title='bbox 1777 3593 1861 3624; x_wconf 91' lang='lat' dir='ltr'><strong>cadit</strong></span> <span class='ocrx_word' id='word_1_1180' title='bbox 1895 3593 1953 3623; x_wconf 93' lang='lat' dir='ltr'><strong>sub</strong></span> <span class='ocrx_word' id='word_1_1181' title='bbox 1986 3593 2114 3623; x_wconf 90' lang='lat' dir='ltr'><strong>obiecto</strong></span> <span class='ocrx_word' id='word_1_1182' title='bbox 2149 3594 2328 3633; x_wconf 89' lang='lat' dir='ltr'><strong>potentiae,</strong></span> <span class='ocrx_word' id='word_1_1183' title='bbox 2364 3595 2447 3625; x_wconf 92' lang='lat' dir='ltr'><strong>sicut</strong></span> 
     </span>
     <span class='ocr_line' id='line_1_154' title="bbox 1379 3637 2445 3679; baseline -0.002 -8"><span class='ocrx_word' id='word_1_1184' title='bbox 1379 3649 1479 3671; x_wconf 91' lang='lat' dir='ltr'><strong>sonus</strong></span> <span class='ocrx_word' id='word_1_1185' title='bbox 1503 3649 1520 3669; x_wconf 89' lang='lat' dir='ltr'><strong>a</strong></span> <span class='ocrx_word' id='word_1_1186' title='bbox 1544 3640 1615 3669; x_wconf 91' lang='lat' dir='ltr'><strong>visu</strong></span> <span class='ocrx_word' id='word_1_1187' title='bbox 1639 3639 1709 3679; x_wconf 90' lang='lat' dir='ltr'><strong>capi</strong></span> <span class='ocrx_word' id='word_1_1188' title='bbox 1731 3647 1800 3668; x_wconf 93' lang='lat' dir='ltr'><strong>non</strong></span> <span class='ocrx_word' id='word_1_1189' title='bbox 1822 3642 1943 3679; x_wconf 82' lang='lat' dir='ltr'><strong>potest3</strong></span> <span class='ocrx_word' id='word_1_1190' title='bbox 1968 3642 2022 3667; x_wconf 91' lang='lat' dir='ltr'><strong>aut</strong></span> <span class='ocrx_word' id='word_1_1191' title='bbox 2046 3637 2132 3677; x_wconf 91' lang='lat' dir='ltr'><strong>quia,</strong></span> <span class='ocrx_word' id='word_1_1192' title='bbox 2153 3637 2227 3668; x_wconf 89' lang='lat' dir='ltr'><strong>licet</strong></span> <span class='ocrx_word' id='word_1_1193' title='bbox 2242 3639 2301 3669; x_wconf 90' lang='lat' dir='ltr'><strong>sub</strong></span> <span class='ocrx_word' id='word_1_1194' title='bbox 2317 3639 2445 3669; x_wconf 91' lang='lat' dir='ltr'><strong>obiecto</strong></span> 
     </span>
    </p>
   </div>
   <div class='ocr_carea' id='block_1_12' title="bbox 2287 3706 2301 3723">
    <p class='ocr_par' dir='ltr' id='par_1_23' title="bbox 2287 3706 2301 3723">
     <span class='ocr_line' id='line_1_155' title="bbox 2287 3706 2301 3723; baseline 0 0"><span class='ocrx_word' id='word_1_1195' title='bbox 2287 3706 2301 3723; x_wconf 81' lang='lat'><em>2</em></span> 
     </span>
    </p>
   </div>
   <div class='ocr_carea' id='block_1_13' title="bbox 2475 3016 2689 3092">
    <p class='ocr_par' dir='ltr' id='par_1_24' title="bbox 2475 3016 2689 3092">
     <span class='ocr_line' id='line_1_156' title="bbox 2476 3016 2688 3044; baseline -0.005 -6"><span class='ocrx_word' id='word_1_1196' title='bbox 2476 3018 2485 3027; x_wconf 93' lang='grc'><em>·</em></span> <span class='ocrx_word' id='word_1_1197' title='bbox 2500 3016 2552 3038; x_wconf 87' lang='lat' dir='ltr'><strong>Lib.</strong></span> <span class='ocrx_word' id='word_1_1198' title='bbox 2568 3016 2590 3038; x_wconf 88' lang='lat'><strong>11</strong></span> <span class='ocrx_word' id='word_1_1199' title='bbox 2624 3021 2688 3044; x_wconf 74' lang='lat' dir='ltr'><strong>xcvi,</strong></span> 
     </span>
     <span class='ocr_line' id='line_1_157' title="bbox 2475 3033 2689 3092; baseline -0.005 -27"><span class='ocrx_word' id='word_1_1200' title='bbox 2475 3033 2689 3092; x_wconf 48' lang='lat' dir='ltr'><strong>:Spucfilllffinb</strong></span> 
     </span>
    </p>
   </div>
  </div>
 </body>
</html>
