2768 4134
61 2542 70 2552 '
86 2541 121 2564 ct.
144 2541 203 2563 infra
224 2547 275 2569 cap.

60 2576 121 2592 xcvi.

301 297 377 334 320

299 385 405 407 creare
424 374 498 414 quia
517 373 653 403 omnino
675 377 748 401 ante
767 379 835 400 non
855 375 931 405 erat,
950 369 1025 399 licet
1047 368 1154 408 aliqua
1177 367 1237 397 alia
1260 367 1367 397 anima

298 419 491 451 intellectiva
510 417 708 457 praeexistat.
726 415 785 445 Vel
810 423 886 454 ergo
909 414 990 444 ratio
1011 422 1080 443 non
1103 411 1269 443 concludit
1291 420 1367 451 pro-

298 464 451 504 positum.
476 461 536 491 Vel
560 460 692 490 assumit
716 458 806 500 quod
830 464 877 489 est
900 457 1116 499 probandum,
1133 457 1254 487 scilicet
1277 455 1368 496 quod

298 507 377 538 nihil
407 505 495 536 aliud
517 515 535 535 a
559 505 631 535 Deo
655 503 814 544 producat
838 502 971 543 aliquod
995 512 1052 533 ens
1077 511 1114 532 ex
1139 501 1275 531 omnino
1300 509 1368 530 non

299 557 385 582 ente:
410 549 500 590 quod
524 555 571 580 est
595 548 721 579 falsum.

355 595 384 625 3.
397 595 459 624 Pro
476 593 636 624 evidentia
651 593 747 623 huius
763 593 905 628 rationis,
919 589 1189 622 considerandum
1208 594 1254 618 est
1267 588 1368 628 quod,

297 640 378 670 sicut
394 639 427 669 in
443 638 660 678 generatione,
677 638 753 678 quia
769 642 816 667 est
831 636 979 672 mutatio,
996 635 1128 676 ponitur
1144 633 1276 673 aliquod
1293 633 1367 663 sub-

296 685 417 714 iectum
441 684 494 714 cui
517 682 725 722 coniungitur
748 682 877 721 negatio
893 681 938 711 rei
959 678 1198 720 producendae,
1215 684 1251 708 ut
1267 678 1370 718 possit
1394 718 1396 724 γ

297 728 360 758 dici
382 738 432 758 res
455 727 524 759 fieri
554 733 585 758 et
609 736 647 757 ex
670 727 725 757 tali
755 727 902 756 subiecto
933 731 1087 764 tanquam
1111 732 1149 753 ex
1173 723 1316 759 materia,
1338 728 1369 752 et

297 782 335 803 ex
358 773 530 813 negatione
553 778 708 812 tanquam
740 780 777 801 ex
809 770 947 801 termino
976 779 993 799 a
1017 777 1095 808 quo,
1120 767 1257 798 dicimus
1280 767 1368 797 enim

297 817 424 848 Sortem
448 827 486 848 ex
510 817 666 857 sanguine
688 821 854 846 menstruo
879 820 1031 854 tanquam
1056 822 1094 843 ex
1118 812 1251 842 materia
1270 821 1369 852 gene-
1394 834 1396 856 t

296 862 367 898 rari,
392 868 424 892 et
454 871 491 892 ex
522 870 589 891 non
617 860 710 891 Sorte
740 865 895 899 tanquam
927 867 964 888 ex
988 857 1127 887 termino
1160 866 1177 886 a
1207 865 1289 896 quo:
1314 857 1367 892 ita,
1394 861 1396 873 ¹

297 907 451 947 opposito
468 905 580 942 modo,
597 906 629 935 in
647 904 818 940 creatione,
835 903 910 943 quia
926 911 993 932 non
1010 907 1058 932 est
1073 901 1220 937 mutatio,
1238 906 1370 941 oportet

298 960 396 982 omne
415 951 575 981 removeri
599 949 780 980 subiectum
797 957 835 978 ex
852 956 919 987 quo
935 946 1060 977 dicatur
1074 952 1229 985 tanquam
1246 955 1284 976 ex
1300 955 1369 976 ma·
1394 976 1396 982 ,

296 996 374 1026 teria
397 994 466 1026 fieri
489 994 579 1035 quod
603 999 736 1024 creatur.
761 992 855 1023 Unde
878 991 918 1021 de
946 991 1069 1021 ratione
1098 991 1278 1027 creationis,
1302 991 1369 1020 sive

297 1040 482 1070 universalis
505 1040 572 1069 sive
595 1037 802 1078 particularis,
820 1042 867 1067 est
883 1042 919 1067 ut
933 1035 966 1066 id
983 1035 1074 1076 quod
1090 1041 1215 1066 creatur
1231 1035 1368 1066 omnino

296 1085 384 1124 prius
400 1093 467 1114 non
484 1084 533 1120 sit,
550 1088 581 1113 et
596 1092 654 1123 per
669 1091 873 1122 consequens
889 1080 980 1121 quod
1003 1079 1059 1111 fiat
1081 1090 1120 1111 ex
1144 1080 1280 1110 omnino
1301 1089 1368 1110 non

297 1134 380 1159 ente.
405 1128 446 1158 Et
469 1128 513 1158 sic
537 1136 668 1158 necesse
692 1132 738 1157 est
762 1131 797 1157 ut
820 1127 854 1156 in
878 1126 969 1156 omni
985 1125 1148 1156 creatione
1169 1124 1224 1155 fiat
1240 1134 1297 1155 ens
1313 1134 1370 1165 per

296 1183 345 1204 se:
371 1173 447 1213 quia
469 1171 506 1202 fit
529 1181 595 1208 ens,
621 1177 653 1202 et
675 1172 763 1212 prius
787 1171 925 1201 omnino
949 1179 1016 1200 non
1041 1176 1123 1206 erat;
1149 1170 1225 1210 quia
1248 1169 1370 1200 scilicet

295 1217 375 1247 nihil
403 1217 504 1257 ipsius
527 1217 664 1247 omnino
695 1221 761 1246 erat
785 1225 822 1246 ex
847 1225 915 1255 quo
943 1216 1051 1255 ipsum
1082 1224 1139 1246 ens
1170 1215 1210 1245 sit
1236 1213 1369 1250 factum,

295 1262 369 1292 licet
385 1260 526 1292 fortassis
542 1260 676 1301 aliquod
691 1260 779 1291 aliud
795 1270 851 1291 ens
867 1260 1084 1301 praecesserit.
1109 1259 1244 1290 Nullum
1261 1265 1370 1290 autem

296 1315 393 1346 agens
416 1306 606 1347 particulare
629 1305 706 1336 facit
729 1315 786 1336 ens
809 1314 866 1346 per
889 1314 933 1341 se,
958 1305 1034 1345 quia
1057 1304 1186 1335 nullum
1209 1304 1272 1335 tale
1296 1303 1371 1334 facit

297 1361 352 1381 ens
377 1357 531 1391 tanquam
555 1351 692 1381 omnino
716 1351 805 1390 prius
827 1359 897 1380 non
920 1351 1074 1380 existens:
1100 1359 1167 1380 non
1192 1350 1279 1380 enim
1296 1348 1372 1379 facit
1397 1380 1398 1388 ἵ

297 1405 353 1426 ens
377 1395 438 1426 nisi
461 1395 710 1436 praesupposito
732 1395 842 1435 aliquo
859 1400 934 1425 ente
950 1404 988 1425 ex
1005 1404 1073 1435 quo
1089 1393 1176 1424 aliud
1193 1403 1251 1424 ens
1266 1392 1370 1424 faciat.
1397 1423 1399 1426 .

297 1440 387 1470 Sicut
410 1441 508 1476 enim,
525 1449 601 1470 cum
617 1449 654 1470 ex
672 1440 745 1470 albo
770 1439 806 1470 fit
829 1440 968 1479 nigrum,
985 1440 1062 1479 quia
1082 1439 1264 1469 coloratum
1281 1447 1372 1478 prae-

297 1483 400 1515 existit
422 1485 456 1515 in
481 1485 565 1521 albo,
589 1494 657 1515 non
680 1483 716 1514 fit
740 1484 921 1515 coloratum
945 1493 1002 1524 per
1025 1493 1069 1520 se,
1094 1483 1149 1514 sed
1173 1489 1298 1514 tantum
1315 1493 1372 1523 per
1398 1498 1400 1509 ι

297 1529 445 1560 accidens
468 1530 663 1570 inquantum
688 1529 896 1569 coniungitur
919 1529 1022 1568 nigro,
1047 1527 1138 1568 quod
1158 1527 1194 1558 fit
1214 1537 1271 1568 per
1291 1537 1325 1558 se
1342 1533 1373 1558 et
1398 1541 1400 1564 g

734 291 920 329 SUMMA
950 289 1173 326 CONTRA
1201 288 1476 332 GENTILES,
1506 288 1600 324 LIB.
1622 288 1663 332 11,
1694 287 1805 324 CAP.
1827 289 1926 334 XXI,
1947 290 2062 326 XXII.

1422 367 1524 406 prima
1547 366 1746 402 intentione;
1770 367 1823 403 ita,
1847 376 1924 398 cum
1955 368 2089 408 aliquod
2119 378 2176 399 ens
2206 369 2243 400 fit
2273 379 2312 401 ex
2333 371 2398 402 alio
2422 376 2496 402 ente

1421 411 1681 451 praesupposit0‚
1706 411 1782 451 quia
1806 412 1886 442 ratio
1911 413 1993 443 entis
2023 414 2206 452 praeexistit
2228 414 2261 444 in
2286 415 2342 446 illo
2367 425 2405 446 ex
2429 425 2496 456 quo

1421 465 1471 485 res
1494 454 1611 485 dicitur
1634 454 1713 491 fieri,
1737 465 1806 486 non
1830 455 1866 486 fit
1889 466 1946 487 ens
1970 466 2027 497 per
2050 466 2095 494 se,
2119 457 2176 488 sed
2198 463 2325 489 tantum
2341 468 2398 499 per
2413 461 2497 491 acci-

1422 499 1511 535 dens,
1535 500 1730 540 inquantum
1758 501 1839 531 ratio
1870 502 1952 532 entis
1983 502 2192 542 coniungitur
2222 503 2404 542 particulari
2430 505 2497 536 enti

1422 544 1512 584 quod
1535 553 1593 584 per
1616 554 1650 575 se
1673 544 1718 575 fit.
1744 544 1883 585 Oportet
1906 547 2005 583 enim,
2026 552 2062 577 ut
2085 546 2260 583 dicebatur,
2285 547 2376 587 quod
2390 557 2448 588 per
2463 558 2498 580 se

1421 588 1457 619 fit
1472 598 1540 619 non
1557 598 1626 619 esse
1642 590 1731 629 prius
1747 590 1896 627 omnino,
1920 600 2029 631 neque
2052 597 2208 632 tanquam
2232 592 2424 628 subiectum,
2441 602 2498 624 ne-

1422 643 1486 673 que
1520 639 1675 673 tanquam
1708 635 1921 666 coniunctum
1953 636 2110 672 subiecto,
2140 645 2178 667 ex
2210 645 2278 676 quo
2311 637 2419 678 ipsum
2451 636 2498 667 di-

1422 684 1513 709 catur
1536 677 1615 709 fieri.

1480 723 1606 754 Dicitur
1629 732 1706 763 ergo
1730 723 1822 763 quod
1844 725 1926 754 ratio
1946 724 2056 756 Sancti
2072 725 2222 756 Thomae
2238 725 2414 762 concludit,
2430 734 2499 756 non

1422 767 1530 798 solum
1561 767 1601 798 de
1632 768 1795 798 creatione
1826 769 2008 805 universali,
2031 769 2088 799 sed
2116 770 2213 801 etiam
2241 769 2281 801 de
2304 770 2497 810 particulari.

1423 812 1464 843 Et
1488 821 1563 843 cum
1587 813 1732 848 instatur,
1757 810 1834 852 quia
1857 813 1938 854 ratio
1959 814 2092 844 assumit
2108 813 2198 854 quod
2214 819 2262 845 est
2276 814 2497 855 probandum:

1422 862 1567 896 negatur.
1596 856 1673 887 Non
1703 857 1791 887 enim
1814 857 1885 887 vult
1915 858 2051 897 probare
2081 857 2218 889 Sanctus
2239 859 2385 890 Thomas
2408 860 2500 900 quod

1421 901 1502 932 nihil
1525 900 1612 932 aliud
1636 911 1653 931 a
1678 901 1749 932 Deo
1774 901 1926 942 producit
1949 911 2006 933 ens
2030 911 2068 933 ex
2089 903 2227 934 omnino
2242 912 2311 934 non
2327 909 2418 934 ente:
2441 904 2499 936 sed

1422 955 1461 976 ex
1477 946 1540 976 hoc
1556 946 1589 976 in
1605 946 1854 986 superioribus*
1877 947 2015 986 probato
2034 946 2103 977 vult
2126 946 2297 978 ostendere
2319 948 2411 988 quod
2425 949 2499 980 nul-

1421 990 1484 1021 lius
1499 996 1662 1021 creaturae
1686 991 1770 1021 actio
1796 996 1843 1021 est
1866 992 1997 1022 creatio.
2022 991 2110 1022 Cum
2126 992 2214 1022 enim
2229 992 2350 1022 creatio
2366 993 2406 1023 sit
2423 1002 2498 1033 pro-

1422 1035 1534 1066 ductio
1550 1045 1608 1075 per
1623 1044 1658 1065 se
1674 1035 1774 1071 entis;
1799 1042 1831 1066 et
1853 1035 1942 1066 nulla
1967 1041 2110 1067 creatura
2134 1036 2292 1076 producat
2308 1045 2366 1067 ens
2381 1045 2439 1077 per
2453 1047 2498 1074 se,

1423 1089 1499 1111 cum
1522 1079 1680 1120 producat
1704 1080 1862 1120 quicquid
1885 1080 2037 1121 producit
2061 1090 2099 1111 ex
2122 1081 2233 1121 aliquo
2250 1086 2334 1118 ente,
2351 1087 2388 1112 ut
2403 1091 2500 1122 supe-

1395 1158 1397 1161 ,
1423 1125 1489 1155 rius
1519 1129 1567 1155 est
1594 1131 1778 1155 ostensum:
1811 1126 1957 1165 sequitur
1981 1125 2071 1166 quod
2102 1125 2191 1156 nulla
2221 1126 2306 1157 actio
2337 1132 2500 1158 creaturae

1423 1175 1471 1200 est
1494 1170 1623 1200 creatio.
1649 1169 1691 1200 Et
1713 1170 1759 1200 sic
1783 1170 1884 1201 solius
1906 1170 1968 1201 Dei
1991 1175 2039 1201 est
2058 1180 2176 1207 creare,
2192 1171 2286 1201 cuius
2308 1176 2356 1201 est
2378 1171 2501 1211 produ-

1395 1233 1397 1251 ⁴,
1423 1223 1496 1245 cere
1520 1223 1578 1254 per
1601 1223 1635 1245 se
1658 1223 1726 1250 enS,
1743 1219 1858 1254 utpote
1880 1216 1973 1246 cuius
1997 1220 2045 1246 est
2067 1224 2160 1255 agere
2185 1225 2223 1246 ex
2247 1215 2339 1246 nullo
2363 1216 2500 1247 omnino

1424 1259 1674 1299 praesupposito
1697 1264 1772 1290 ente
1795 1265 1951 1300 tanquam
1975 1269 2014 1290 ex
2037 1260 2180 1291 materia.

1481 1303 1714 1334 Conrnuuuun
1741 1304 1910 1335 conclusio
1941 1305 2132 1335 auctoritate
2156 1304 2236 1336 Gen.
2261 1315 2282 1341 1,
2306 1305 2363 1335 ubi
2386 1304 2502 1336 dicitur

1425 1349 1536 1379 omnia
1552 1358 1570 1378 a
1586 1348 1659 1379 Deo
1683 1354 1787 1379 creata
1812 1358 1891 1379 esse.
1908 1367 1931 1370 —
1946 1348 2168 1380 Confirmatur
2191 1349 2288 1380 etiam
2311 1350 2502 1381 auctoritate

1426 1393 1630 1429 Damasceni,
1654 1393 1688 1423 in
1713 1392 1739 1423 11
1756 1393 2000 1424 Sententiarum
2017 1395 2043 1424 *.
2205 1420 2214 1428 ,

1482 1438 1651 1468 Postremo
1675 1447 1733 1478 per
1755 1438 1819 1468 hoc
1843 1438 2023 1469 ostenditur
2046 1437 2174 1469 excludi
2197 1447 2286 1469 error
2305 1439 2502 1475 Avicennae,

1426 1482 1469 1512 lx
1487 1482 1640 1557 ΜετιῳΙιιῖ
1658 1483 1810 1523 ponentis
1826 1493 1843 1513 a
1860 1483 1963 1523 prima
1979 1483 2155 1514 substantia
2170 1490 2314 1523 separata
2330 1492 2400 1514 esse
2415 1490 2503 1515 crea—

1426 1533 1491 1557 tam
1515 1536 1615 1557 secun
1640 1536 1703 1557 am.

1131 1633 1668 1676 ——Utffllffl—

659 1803 1144 1859 CAPITULUM
1182 1802 1650 1859 VIGESIMUM
1689 1802 2137 1859 SECUNDUM

1277 1903 1306 1932 Α
1332 1903 1403 1932 32v
1442 1903 1526 1932 a25.

973 1984 1148 2037 QUOD
1184 1984 1348 2025 DEUS
1383 1984 1581 2025 OMNIA
1616 1983 1829 2026 POSSIT

487 2132 490 2135 -
512 2119 535 2143 x
554 2107 631 2143 hoc
651 2114 783 2143 autem
803 2114 962 2155 apparet
982 2106 1090 2155 quod
1105 2105 1237 2143 divina
1253 2106 1373 2143 virtus

390 2199 393 2203 .
463 2204 471 2207 .
489 2158 496 2168 '
525 2171 606 2197 non
623 2159 902 2196 determinatur
915 2159 963 2196 ad
984 2158 1155 2208 aliquem
1175 2171 1301 2196 unum
1322 2160 1373 2196 es-

323 2238 342 2259 „
370 2209 493 2265 4
525 2213 681 2251 fectum.

334 2266 339 2279 ¹
475 2289 488 2299 0
582 2266 623 2304 Si
651 2265 757 2304 enim
796 2266 914 2303 solius
950 2265 1022 2303 Dei
1058 2278 1187 2304 creare
1222 2275 1287 2312 est,
1325 2267 1373 2303 ab

302 2320 387 2370 ipso
406 2319 628 2358 immediate
651 2320 842 2369 producta
870 2331 953 2356 esse
982 2328 1134 2368 oportet
1162 2332 1374 2369 quaecum-

303 2386 380 2424 que
408 2386 431 2411 a
459 2386 529 2411 sua
557 2385 674 2410 causa
702 2372 866 2422 produci
896 2384 976 2409 non
1005 2381 1169 2421 possunt
1197 2373 1268 2410 nisi
1306 2385 1375 2422 per

303 2427 469 2464 modum
489 2426 703 2464 creationis.
724 2425 961 2463 Huiusmodi
976 2434 1107 2463 autem
1127 2435 1217 2463 sunt
1237 2438 1374 2464 omnes

304 2479 536 2517 substantiae
565 2486 772 2530 separatae,
794 2491 894 2529 quae
923 2491 1003 2516 non
1024 2487 1114 2516 sunt
1136 2479 1374 2530 compositae

304 2546 349 2571 ex
366 2533 526 2571 materia
546 2541 581 2571 et
600 2534 736 2580 forma,
752 2545 849 2583 quas
866 2545 948 2570 esse
965 2545 1070 2570 nunc
1085 2533 1372 2583 supponatur*;

304 2596 340 2624 et
368 2586 539 2624 similiter
557 2586 686 2624 omnis
705 2586 865 2624 materia
884 2586 1105 2636 corporalis.
1124 2587 1230 2624 Haec
1250 2586 1372 2635 igitur,
1391 2601 1416 2615 ιο

303 2640 455 2678 diversa
479 2640 686 2686 existentia,
707 2639 924 2690 praedictae
948 2639 1098 2678 virtutis
1126 2639 1375 2678 immediatus

302 2694 460 2731 effectus
489 2702 588 2731 sunt.
618 2694 735 2731 Nulla
764 2701 893 2731 autem
914 2693 1034 2730 virtus
1063 2694 1284 2743 producens
1304 2693 1374 2731 im-

302 2747 468 2785 mediate
497 2749 627 2798 plures
655 2747 815 2784 effectus
844 2759 924 2784 non
949 2759 994 2784 ex
1026 2747 1195 2794 materia,
1226 2755 1281 2784 est
1309 2747 1374 2784 de-

301 2800 502 2838 terminata
522 2801 570 2838 ad
595 2813 720 2838 unum
742 2801 935 2838 effectum.
966 2800 1064 2838 Dico
1085 2809 1214 2838 autem
1245 2803 1373 2838 imme-

301 2856 415 2892 diate:
442 2853 544 2904 quia,
566 2854 596 2891 si
625 2866 694 2904 per
713 2853 841 2891 media
861 2854 1102 2904 produceret,
1132 2864 1262 2904 posset
1286 2867 1398 2905 pro-¹

301 2908 432 2945 venire
461 2907 661 2945 diversitas
690 2920 735 2944 ex
764 2916 871 2956 parte
900 2907 1120 2945 mediarum
1153 2920 1371 2946 causarum.

302 2961 399 2999 Dico
428 2961 543 2998 etiarn
573 2973 647 2998 non
677 2973 727 2998 ex
746 2963 920 2998 materia.-
948 2960 1039 3010 quia
1069 2962 1172 2998 idem
1193 2974 1309 3010 agens
1338 2970 1374 2999 et

301 3015 439 3052 eadem
463 3013 613 3052 actione
633 3022 764 3051 causat
782 3014 957 3051 diversos
976 3014 1135 3052 effectus
1155 3016 1373 3053 secundum

301 3067 482 3106 materiae
511 3067 784 3114 diversitatem,
814 3067 910 3105 sicut
938 3069 1043 3105 calor
1078 3067 1184 3117 ignis,
1213 3069 1280 3118 qui
1317 3069 1372 3107 in-

301 3122 413 3159 durat
441 3123 566 3159 lutum
594 3129 629 3159 et
658 3120 830 3158 dissolvit
849 3133 990 3158 ceram.
1020 3121 1093 3158 Dei
1122 3121 1234 3170 igitur
1253 3122 1373 3160 virtus
1390 3140 1414 3154 20

302 3187 381 3212 non
409 3183 465 3212 est
492 3174 746 3212 determinata
773 3175 822 3212 ad
851 3186 977 3212 unum
1006 3175 1201 3212 effectum.

354 3229 460 3266 Item.
491 3227 632 3266 Omnis
659 3227 781 3265 virtus
808 3228 974 3278 perfecta
1006 3229 1054 3265 ad
1089 3241 1133 3265 ea
1171 3229 1303 3266 omnia
1332 3241 1372 3266 se

302 3281 468 3319 extendit
496 3282 545 3320 ad
574 3293 675 3331 quae
704 3294 798 3318 suus
826 3293 896 3332 per
924 3293 964 3318 se
1003 3290 1038 3318 et
1072 3282 1252 3331 proprius
1282 3282 1372 3319 effe-

302 3343 383 3372 ctus
419 3347 459 3372 se
495 3333 699 3373 extendere
735 3343 875 3384 potest:
915 3334 1012 3372 sicut
1049 3335 1288 3373 aedificativa
1323 3336 1371 3373 ad

302 3388 434 3426 omnia
462 3401 502 3426 se
531 3388 709 3434 extendit,
739 3388 769 3426 si
797 3389 963 3438 perfecta
991 3388 1047 3434 sit,
1077 3401 1177 3438 quae
1211 3397 1373 3438 possunt

303 3441 490 3478 rationem
519 3442 662 3479 habere
681 3442 836 3479 domus.
868 3442 997 3479 Virtus
1016 3450 1147 3479 autem
1167 3441 1298 3479 divina
1318 3450 1373 3480 est

302 3505 371 3542 per
398 3507 438 3531 se
466 3507 583 3532 causa
611 3495 773 3541 essendi,
802 3504 839 3532 et
867 3508 950 3533 esse
985 3503 1041 3532 est
1075 3495 1157 3532 eius
1192 3495 1373 3545 proprius

359 3614 386 3631 ιι
409 3609 573 3634 immediatus
593 3610 629 3640 X;
647 3616 690 3634 om
709 3609 751 3640 W,
772 3609 920 3635 immediate
939 3609 981 3641 Pe,
1001 3609 1141 3634 immediati
1160 3609 1242 3634 ceteri
1261 3609 1355 3641 (supra
1374 3617 1429 3635 ras.
1448 3610 1491 3644 N).

1089 3653 1106 3678 9
1124 3644 1265 3678 implicant]
1286 3652 1337 3670 non
1358 3645 1491 3678 implicant
1509 3645 1583 3670 ΝΖΡ.

951 3687 984 3705 20
1003 3685 1105 3713 praeter
1122 3679 1187 3705 haec
1207 3681 1227 3705 Α
1243 3681 1326 3709 solus:
1346 3680 1410 3706 haec
1428 3681 1456 3711 Ζ,
1476 3687 1578 3714 praeter
1597 3681 1648 3706 hoc
1665 3679 1755 3706 ceteri.

359 3649 368 3666 ι
393 3643 474 3676 dictis]
495 3651 572 3677 supra
591 3645 664 3670 dictis
684 3645 727 3675 Ρε,
746 3645 882 3678 praedictis
901 3645 992 3671 ceteri.

306 3677 338 3702 16
356 3677 403 3702 Est
421 3685 463 3703 om
483 3679 558 3709 BFH,
576 3684 638 3711 pose
656 3681 769 3713 perfecta
789 3681 857 3706 Cal-l.

1429 2106 1600 2151 effectus,
1631 2114 1672 2142 ut
1701 2117 1748 2142 ex
1776 2104 1885 2143 dictis
1903 2105 1924 2128 *
1952 2114 2066 2155 patet.
2097 2106 2201 2154 Ergo
2219 2105 2270 2143 ad
2289 2105 2424 2144 omnia
2441 2105 2503 2144 illa

1429 2171 1470 2196 se
1498 2159 1667 2196 extendit
1685 2171 1787 2209 quae
1816 2159 1953 2196 rationi
1981 2159 2078 2196 entis
2102 2170 2183 2196 non
2211 2167 2443 2209 repugnant:
2472 2159 2502 2197 si

1428 2212 1534 2250 enim
1564 2212 1602 2250 in
1631 2213 1831 2263 quendam
1868 2220 2018 2250 tantum
2056 2212 2239 2251 effectum
2267 2212 2388 2250 virtus
2420 2212 2504 2252 eius

1429 2274 1570 2316 posset,
1587 2278 1667 2304 non
1683 2274 1781 2304 esset
1795 2278 1866 2316 per
1880 2279 1920 2304 se
1935 2278 2052 2304 causa
2068 2265 2164 2304 entis
2179 2265 2414 2316 inquantum
2428 2266 2502 2306 hu-

1430 2320 1611 2365 iusmodi,
1624 2320 1692 2358 sed
1707 2318 1825 2358 huius
1839 2319 1948 2358 entis.
1960 2318 2116 2358 Rationi
2129 2327 2261 2358 autem
2276 2319 2374 2357 entis
2389 2331 2503 2370 repu-

1430 2381 1519 2421 gnat
1547 2373 1774 2423 oppositum
1794 2373 1902 2419 entis,
1922 2373 2032 2423 quod
2060 2380 2116 2410 est
2144 2385 2224 2410 non
2253 2385 2334 2410 ens.
2357 2373 2504 2412 Omnia

1431 2426 1543 2475 igitur
1562 2428 1670 2465 Deus
1688 2435 1814 2477 potest
1833 2438 1934 2476 quae
1963 2426 2000 2464 in
2031 2438 2071 2464 se
2098 2425 2287 2464 rationem
2307 2436 2388 2464 non
2407 2426 2504 2464 entis

1431 2491 1511 2517 non
1540 2480 1753 2518 includunt.
1784 2481 1892 2518 Haec
1917 2487 2049 2518 autem
2075 2487 2165 2517 sunt
2183 2491 2284 2529 quae
2313 2479 2503 2518 contradi-

1431 2533 1599 2570 ctionem
1629 2533 1837 2583 implicant.
1865 2533 2111 2583 Relinquitur
2138 2531 2252 2582 igitur
2269 2532 2378 2582 quod
2397 2531 2504 2584 quic-

1430 2586 1524 2636 quid
1553 2586 1899 2625 contradictionem
1928 2599 2009 2624 non
2037 2586 2218 2637 implicat,
2240 2587 2347 2625 Deus
2365 2594 2502 2637 potest.

1483 2641 1632 2679 Adhuc.
1664 2641 1795 2679 Omne
1824 2652 1941 2689 agens
1965 2640 2039 2690 agit
2067 2640 2300 2690 inquantum
2319 2648 2408 2678 actu
2434 2647 2503 2678 est.

1431 2694 1658 2731 Secundum
1697 2693 1809 2743 igitur
1845 2694 2011 2731 modum
2049 2702 2156 2731 actus
2195 2693 2503 2744 uniuscuiusque

1430 2747 1575 2796 agentis
1595 2755 1650 2785 est
1678 2747 1822 2785 modus
1841 2759 1935 2785 suae
1956 2746 2103 2785 virtutis
2131 2747 2171 2784 in
2191 2746 2358 2797 agendo:
2380 2747 2503 2786 homo

1431 2801 1536 2838 enim
1571 2809 1726 2850 generat
1762 2800 1977 2845 hominem,
2013 2808 2050 2838 et
2087 2800 2182 2850 ignis
2218 2800 2358 2850 ignem.
2394 2800 2503 2840 Deus

1430 2863 1562 2893 autem
1591 2863 1646 2892 est
1674 2862 1782 2892 actus
1810 2854 2011 2904 perfectus,
2040 2853 2080 2892 in
2109 2867 2149 2892 se
2178 2853 2359 2892 omnium
2381 2853 2502 2904 perfe-

1429 2908 1575 2946 ctiones
1594 2908 1754 2954 habens,
1770 2916 1812 2945 ut
1831 2920 1949 2958 supra
1962 2907 1982 2930 '¹‘
2001 2908 2202 2946 ostensum
2216 2916 2283 2945 est.
2305 2908 2373 2945 Est
2391 2906 2504 2956 igitur

1430 2974 1500 2999 sua
1528 2961 1648 2999 virtus
1677 2961 1801 2999 activa
1829 2961 2005 3012 perfecta,
2035 2961 2083 2999 ad
2112 2960 2247 2998 omnia
2281 2973 2321 2998 se
2354 2960 2503 2998 habens

1430 3027 1705 3066 quaecumque
1740 3027 1821 3052 non
1858 3022 2074 3065 repugnant
2109 3014 2246 3052 rationi
2281 3013 2365 3052 eius
2393 3013 2501 3064 quod

1430 3077 1485 3107 est
1505 3081 1587 3106 esse
1612 3068 1650 3106 in
1670 3076 1769 3106 actu.
1800 3068 1887 3106 Hoc
1907 3076 2038 3106 autem
2058 3076 2114 3106 est
2133 3069 2262 3106 solum
2281 3067 2390 3117 quod
2409 3077 2501 3111 con·

1429 3121 1696 3160 tradictionem
1716 3121 1897 3172 implicat.
1927 3121 2074 3160 Omnia
2093 3121 2206 3170 igitur
2227 3128 2378 3171 praeter
2405 3121 2502 3159 haec

1428 3177 1536 3214 Deus
1564 3183 1700 3225 potest.

1483 3229 1672 3279 Amplius.
1704 3228 1826 3267 Omni
1854 3228 2048 3278 potentiae
2083 3227 2258 3278 passivae
2293 3226 2502 3276 respondet

1429 3283 1600 3333 potentia
1620 3282 1755 3320 activa.
1787 3281 1961 3320 Potentia
1980 3281 2086 3319 enim
2105 3287 2264 3331 propter
2282 3286 2412 3317 actum
2432 3287 2499 3324 est,

1429 3335 1526 3374 sicut
1546 3335 1705 3374 materia
1724 3343 1883 3386 propter
1900 3335 2080 3372 formam.
2108 3333 2201 3372 Non
2220 3340 2345 3383 potest
2369 3340 2499 3370 autem

1389 3409 1410 3429 η
1429 3402 1497 3427 ens
1526 3389 1564 3427 in
1592 3388 1765 3439 potentia
1792 3388 1978 3438 consequi
2006 3387 2115 3437 quod
2143 3386 2189 3424 sit
2216 3393 2304 3424 actu
2332 3385 2404 3423 nisi
2431 3397 2502 3436 per

1429 3443 1610 3480 virtutem
1638 3442 1800 3480 alicuius
1824 3441 2017 3479 existentis
2045 3439 2084 3478 in
2103 3447 2203 3477 actu.
2225 3439 2360 3477 otiosa
2388 3438 2502 3488 igitur

1429 3505 1526 3534 esset
1545 3495 1716 3546 potentia
1737 3494 1807 3532 nisi
1836 3502 1934 3532 esset
1953 3493 2074 3531 virtus
2093 3492 2216 3530 activa
2235 3492 2380 3542 agentis
2398 3504 2500 3542 quae

1585 3617 1617 3634 πο
1636 3608 1754 3634 dissolvit
1772 3609 1794 3633 Α
1807 3607 1893 3637 solun
1912 3606 2050 3640 liquefacit.
2138 3606 2170 3631 23
2189 3613 2254 3632 suus
2273 3605 2413 3636 WsHch;
2433 3603 2499 3631 finis.

1682 3651 1709 3669 Π
1734 3650 1815 3677 ‘gens
1830 3642 1974 3709 pzog‘igigditr
1983 3649 2053 3710 zion
2070 3641 2141 3703 essst
2151 3641 2261 3703 ¹1:ssqu
2276 3648 2324 3674 per
2345 3641 2454 3666 modum
2473 3649 2498 3664 α.

2526 954 2534 962 ·
2550 952 2574 974 ln
2591 951 2636 974 hoc
2650 958 2704 981 cap.

2530 1401 2539 1410 ·
2554 1401 2593 1422 ΑΙ.
2606 1399 2627 1422 11
2638 1400 2668 1422 de
2681 1399 2747 1422 Fide

2531 1426 2682 1454 Orthodoxa,
2690 1433 2732 1455 cap
2736 1442 2744 1449 ,

2531 2115 2541 2125 ·
2557 2113 2615 2142 Cap.
2629 2119 2706 2142 praec.

2626 2913 2644 2940 Ι,
2664 2917 2718 2940 etp.
