2768 4134
71 2522 81 2530 “
95 2519 166 2542 Num.
182 2526 231 2545 v‚2.

77 3415 86 3424 ·
94 3413 169 3436 S.Th.
178 3415 193 3436 l.
202 3422 225 3443 3:
238 3416 289 3437 Did.

78 3440 116 3465 xl,
128 3447 163 3468 ιιι,
174 3447 192 3469 5.

322 307 397 343 526
765 300 952 337 SUMMA
982 298 1204 335 CONTRA
1233 296 1509 343 GENTILES,
1538 296 1634 333 LIB.
1655 296 1697 341 11,
1727 295 1839 332 CAP.
1867 295 2073 332 LXXXIII.

1443 373 1528 403 unde
1551 378 1582 403 et
1603 373 1820 413 Philosophus
1843 372 1883 402 Il
1895 372 1936 403 de
1953 372 2055 404 Caelo
2068 374 2096 412 ³⁶,
2113 374 2219 414 inquit
2235 376 2324 416 quod
2338 378 2519 418 corruptio,
2547 377 2683 430 ÷¹23³f·0*s¹‚
2698 384 2722 407 32
2744 384 2764 401 ⁸·

319 387 352 418 Si
376 386 481 415 anima
504 380 688 412 naturaliter
711 378 834 418 appetit
850 377 934 407 uniri
950 375 1090 416 corpori,
1107 375 1171 405 hoe
1186 384 1255 405 non
1279 379 1388 414 potest

318 438 386 460 esse
403 428 479 468 quia
500 435 538 456 ex
554 425 677 455 unione
694 422 733 453 ad
750 430 869 462 corpus
885 421 1026 460 aliquam
1042 419 1278 460 perfectionem
1293 423 1388 454 natu-

316 474 416 504 ralem
440 470 577 510 accipiat
600 477 699 508 quam
722 465 909 497 naturaliter
932 469 1077 505 appetat:
1103 464 1189 504 quia,
1206 461 1388 498 secundum

316 518 414 557 ipsos,
432 515 538 545 anima
555 518 602 543 est
625 517 739 543 natura
763 509 926 550 completa
949 509 983 539 in
1006 508 1114 548 specie
1138 507 1320 538 secundum
1343 516 1387 537 se.

316 561 384 592 Erit
397 569 472 599 ergo
486 558 562 598 quia
574 556 696 597 appetit
711 555 820 595 ipsum
832 563 951 594 corpus
974 552 1156 583 secundum
1172 562 1216 589 se,
1232 558 1387 592 tanquam

315 605 463 636 videlicet
479 604 587 643 ipsum
603 601 642 631 sit
658 600 727 630 eius
743 598 911 639 perfectio.
928 597 991 628 Sed
1007 597 1071 627 hoc
1088 606 1157 627 esse
1174 606 1244 627 non
1261 602 1387 637 potest:

316 650 391 690 quia
415 648 519 678 forma
542 655 610 676 non
633 645 756 685 appetit
771 643 938 674 materiam
953 641 1135 672 secundum
1150 650 1194 678 se,
1214 641 1271 672 sed
1286 641 1388 680 magis

316 704 333 724 e
350 698 461 724 contra
476 691 609 726 materia
624 689 747 730 appetit
770 687 926 723 formam;
951 696 1026 717 cum
1051 685 1156 716 forma
1171 686 1213 716 sit
1230 684 1388 726 perfectio

313 738 477 773 materiae,
498 745 566 766 non
583 739 691 765 autem
714 733 848 764 materia
863 731 997 762 formae.
1021 730 1109 770 Ergo
1132 730 1213 761 unio
1236 730 1297 760 ista
1318 738 1388 760 non

314 781 371 813 fiet
392 791 451 822 per
473 779 653 811 naturalem
677 778 802 809 animae
826 776 1022 817 appetitum:
1047 774 1104 805 sed
1126 784 1185 815 per
1205 774 1387 815 appetitum

315 826 460 867 corporis
484 823 665 865 appetentis
689 823 830 853 animam
854 827 1009 861 tanquam
1025 829 1117 850 suam
1140 818 1387 860 perfectionem.

370 870 465 902 Unde
481 870 584 910 prima
607 868 749 898 obiectio
765 866 903 897 adducta
919 863 1066 905 procedit
1081 863 1262 895 secundum
1278 873 1387 894 veram

314 916 523 956 positionem,
548 923 612 954 qua
639 919 788 943 tenemus
817 911 958 941 animam
990 918 1059 939 esse
1091 909 1126 939 in
1149 918 1183 939 se
1205 908 1388 948 incomple-

314 967 394 991 tam:
418 966 450 990 et
473 968 586 990 verum
603 956 778 987 concludit.
803 954 991 986 Secundum
1011 958 1121 984 autem
1144 953 1277 984 illorum
1299 953 1388 993 posi-

315 1007 440 1036 tionem
464 1009 575 1035 contra
592 1011 675 1042 quos
692 1001 795 1041 arguit
818 1000 954 1031 Sanctus
979 998 1135 1036 Thomas,
1159 1007 1228 1029 non
1253 997 1388 1028 conclu-

316 1050 377 1081 dit:
403 1050 479 1090 quia
501 1057 567 1079 non
592 1052 701 1086 potest
724 1045 848 1081 salvari,
872 1043 1054 1074 secundum
1078 1043 1162 1080 illos,
1188 1042 1279 1083 quod
1303 1043 1390 1072 uniri

316 1094 445 1134 corpori
469 1093 508 1123 sit
531 1092 658 1122 animae
681 1089 849 1130 perfectio,
873 1093 910 1119 ut
932 1088 1046 1128 patuit.

370 1138 422 1168 Ad
445 1136 625 1167 secundum
649 1134 794 1165 similiter
810 1133 927 1164 dicitur
943 1132 1044 1173 quod,
1069 1132 1095 1162 si
1119 1137 1260 1172 ponatur
1284 1130 1390 1163 forma

314 1192 382 1213 non
406 1191 475 1212 esse
491 1180 654 1220 completa
677 1180 710 1210 in
734 1179 842 1219 specie
862 1177 1044 1208 secundum
1067 1186 1112 1213 se,
1129 1182 1165 1207 ut
1187 1186 1249 1207 nos
1273 1185 1388 1207 secun-

314 1227 393 1262 dum
416 1226 582 1256 veritatem
605 1225 771 1265 ponimus,
798 1223 931 1254 materia
955 1223 1014 1253 erit
1037 1227 1170 1263 propter
1194 1220 1334 1252 formam
1358 1226 1389 1251 et

313 1277 446 1312 propter
468 1270 712 1301 inclinationem
730 1268 863 1299 formae.
884 1267 961 1298 Ideo
986 1267 1073 1297 enim
1089 1267 1223 1297 materia
1244 1272 1292 1296 est
1307 1265 1388 1302 talis,

314 1317 390 1356 quia
414 1315 518 1346 forma
533 1314 705 1345 inclinatur
722 1313 761 1344 ad
776 1313 874 1343 talem
893 1312 1037 1352 speciem
1056 1311 1275 1352 requirentem
1291 1311 1389 1341 talem

313 1361 491 1392 materiam.
515 1360 557 1390 Et
579 1359 624 1390 sic
648 1358 820 1389 inclinatur
835 1357 876 1388 ad
898 1357 1058 1388 unionem
1082 1366 1159 1387 curn
1174 1356 1230 1386 tali
1244 1356 1388 1392 materia,

313 1416 382 1436 non
406 1410 538 1446 propter
552 1404 656 1444 ipsam
678 1403 856 1438 materiam,
873 1401 930 1432 sed
945 1406 981 1432 ut
1000 1402 1046 1432 sic
1066 1411 1143 1432 suae
1159 1401 1280 1441 speciei
1296 1410 1388 1431 com-

314 1451 518 1492 plementum
541 1449 687 1489 accipiat.
712 1448 754 1478 Et
777 1448 823 1478 sic
846 1447 928 1478 ratio
951 1455 1066 1478 verum
1089 1445 1267 1477 concludit.
1283 1464 1305 1468 —
1324 1444 1389 1476 Sed

314 1496 340 1526 si
356 1500 496 1535 ponatur
511 1493 616 1524 forma
632 1502 702 1524 esse
719 1492 883 1532 completa
898 1492 932 1523 in
948 1492 1067 1532 specie,
1084 1497 1121 1522 ut
1136 1491 1182 1522 illi
1197 1496 1389 1531 posuerunt,

313 1550 382 1571 non
407 1545 454 1570 est
481 1548 595 1569 verum
623 1537 714 1578 quod
741 1537 874 1568 materia
897 1537 938 1567 sit
959 1542 1093 1577 propter
1116 1535 1266 1572 formam,
1291 1534 1348 1566 sed
1372 1544 1390 1565 e

314 1585 476 1615 contrario
493 1582 597 1614 forma
613 1588 660 1613 est
675 1587 809 1623 propter
824 1582 1005 1612 materiam:
1027 1581 1104 1621 quia
1119 1580 1242 1611 scilicet
1256 1580 1390 1613 materia

314 1629 354 1660 ad
369 1630 419 1660 sui
435 1627 670 1669 perfectionem
685 1627 784 1658 talem
799 1625 939 1657 formam
954 1626 1099 1666 requirit,
1116 1631 1148 1656 et
1163 1624 1268 1656 forma
1280 1625 1391 1656 unitur

313 1675 466 1708 materiae
493 1672 533 1703 ad
556 1673 660 1712 ipsam
687 1670 917 1712 perficiendam
949 1676 980 1701 et
1005 1669 1250 1701 nobilitandam.
1280 1670 1321 1700 Et
1344 1670 1390 1700 sic

315 1719 461 1759 sequitur
485 1717 575 1758 quod
598 1726 667 1748 non
690 1717 820 1747 uniatur
844 1715 949 1746 forma
972 1715 1124 1746 materiae
1141 1720 1274 1755 propter
1297 1719 1391 1745 natu-

314 1764 415 1794 ralem
438 1763 618 1803 appetitum
641 1761 743 1802 ipsius
766 1760 900 1797 formae,
925 1765 962 1791 ut
985 1759 1112 1791 dicebat
1134 1760 1315 1800 responsio.

371 1807 423 1839 Ad
446 1806 730 1838 confirmationem
757 1806 903 1836 similiter
933 1805 1050 1836 dicitur
1081 1805 1172 1845 quod
1202 1803 1283 1835 illud
1314 1803 1391 1834 dicit

316 1852 452 1883 Sanctus
476 1851 622 1882 Thomas
645 1850 826 1881 secundum
846 1860 955 1880 veram
978 1849 1018 1880 de
1042 1850 1149 1880 anima
1172 1849 1388 1889 positionem:

315 1897 391 1937 quia
407 1897 562 1937 ponimus
586 1895 728 1926 animam
751 1894 932 1926 secundum
956 1903 990 1924 se
1015 1903 1084 1924 esse
1108 1893 1343 1934 imperfectam,
1360 1898 1392 1923 et

314 1951 372 1981 per
387 1941 545 1972 unionem
562 1939 602 1970 ad
617 1948 737 1979 corpus
753 1939 900 1979 accipere
917 1938 1198 1978 complementum
1217 1947 1295 1968 suae
1317 1946 1390 1977 per-

314 1985 473 2016 fectionis.
498 1984 573 2015 Non
590 1990 699 2015 autem
716 1983 793 2014 dicit
817 1983 897 2014 illud
913 1982 1095 2014 secundum
1111 1983 1305 2023 opinionem
1328 1991 1389 2022 po-

313 2031 461 2061 nentium
485 2030 627 2060 animam
650 2034 830 2069 separatam
846 2037 916 2058 esse
938 2027 1137 2067 completam
1161 2027 1194 2058 in
1214 2027 1333 2067 specie,
1351 2035 1389 2056 ex

313 2075 406 2106 cuius
429 2074 656 2115 suppositione
683 2078 926 2113 argumentatus
950 2078 998 2103 est
1026 2082 1095 2103 non
1126 2081 1223 2112 posse
1246 2072 1389 2102 annnam

313 2120 398 2151 uniri
422 2119 552 2159 corpori
575 2127 613 2149 ex
629 2118 731 2158 ipsius
747 2118 874 2149 animae
890 2117 1027 2148 naturali
1043 2117 1265 2153 inclinatione,
1290 2122 1326 2147 ut
1343 2121 1391 2147 est

312 2171 489 2196 ostensum.

368 2209 493 2240 Dicitur
518 2216 595 2247 ergo
626 2205 666 2238 ad
692 2206 869 2248 principale
897 2205 1034 2237 dubium
1065 2205 1156 2247 quod
1182 2215 1252 2237 non
1280 2205 1388 2246 inquit

312 2254 448 2286 Sanctus
463 2252 609 2283 Thomas
625 2251 766 2283 animam
782 2251 968 2282 naturaliter
982 2260 1052 2282 non
1064 2257 1217 2292 appetere
1229 2251 1388 2282 unionem

313 2299 352 2330 ad
376 2307 495 2339 corpus
525 2297 603 2337 quia
633 2297 673 2327 sit
705 2295 809 2328 forma
838 2297 996 2337 corporis,
1024 2302 1179 2337 tanquam
1212 2304 1326 2326 verum
1349 2295 1389 2328 sit

312 2345 416 2384 ipsam
442 2351 511 2373 non
540 2347 692 2382 appetere
723 2342 896 2372 unionem:
922 2342 1036 2378 immo,
1061 2347 1098 2372 ut
1120 2347 1168 2372 est
1199 2340 1387 2376 adductum,

313 2389 382 2429 ipse
406 2386 597 2428 oppositum
619 2391 718 2417 tenet.
742 2386 806 2418 Sed
835 2387 940 2427 arguit
963 2386 1054 2427 quod
1084 2386 1164 2417 iUud
1187 2395 1256 2417 non
1279 2390 1388 2426 potest

314 2442 383 2464 esse
395 2433 422 2462 si
437 2436 578 2472 ponatur
594 2440 662 2462 esse
678 2431 749 2462 talis
765 2431 871 2462 forma
887 2440 971 2471 quae
986 2430 1167 2462 secundum
1183 2440 1218 2462 se
1241 2431 1282 2461 sit
1297 2439 1388 2461 com-

313 2478 400 2519 pleta
414 2477 449 2507 in
465 2477 589 2517 specie:
610 2481 646 2507 ut
661 2475 707 2507 illi
726 2476 878 2507 volebant
901 2481 1014 2507 contra
1029 2485 1114 2517 quos
1134 2480 1387 2516 argumentatur.

369 2521 437 2552 VII.
461 2520 514 2552 Ad
537 2519 731 2552 evidentiam
747 2520 882 2552 secundi
897 2520 987 2552 dubii
1000 2522 1026 2558 ἡ
1051 2521 1119 2552 duo
1142 2525 1218 2552 sunt
1233 2519 1387 2552 notanda.

312 2567 458 2598 Primum
482 2571 538 2602 est,
563 2565 654 2605 quod
670 2566 779 2596 anima
795 2571 826 2596 et
843 2570 890 2596 est
905 2565 1010 2597 forma
1029 2565 1108 2597 dans
1130 2575 1200 2597 esse
1223 2565 1388 2601 materiae,

311 2612 345 2642 in
369 2620 436 2652 quo
460 2610 613 2642 convenit
637 2619 713 2641 cum
737 2611 828 2641 omni
852 2610 974 2647 forma;
1000 2616 1031 2641 et
1047 2616 1095 2642 est
1118 2609 1223 2641 forma
1245 2610 1292 2641 rei
1315 2619 1387 2641 cor-

311 2655 480 2697 ruptibilis,
504 2655 626 2686 scilicet
647 2656 800 2692 hominis,
815 2655 849 2686 in
866 2665 934 2696 quo
958 2665 1035 2686 cum
1059 2655 1127 2686 aliis
1149 2654 1264 2686 formis
1279 2664 1387 2686 rerum

312 2700 571 2741 corruptibilium
594 2701 765 2737 convenit;
790 2706 822 2731 et
841 2706 889 2731 est
913 2700 1017 2731 forma
1040 2700 1260 2732 immaterialis
1283 2706 1316 2731 et
1337 2700 1387 2731 in-

311 2745 537 2786 corruptibilis,
561 2745 595 2775 in
619 2754 687 2785 quo
711 2745 896 2776 substantiis
912 2746 1065 2786 separatis
1087 2745 1291 2776 assimilatur.
1309 2745 1387 2776 Ideo

311 2791 477 2831 tripliciter
500 2799 675 2830 possumus
699 2789 805 2822 dicere
829 2790 952 2831 aliquid
975 2800 1044 2821 esse
1068 2791 1223 2821 naturale
1244 2790 1386 2821 animae:

311 2841 366 2866 aut
389 2835 539 2866 videlicet
554 2835 750 2875 inquantum
766 2840 813 2866 est
836 2834 942 2866 forma
957 2835 1037 2866 dans
1052 2845 1122 2866 esse
1146 2836 1316 2872 materiae;
1332 2841 1388 2866 aut

311 2881 506 2921 inquantum
530 2885 578 2910 est
601 2879 706 2910 forma
721 2880 767 2911 rei
783 2880 1017 2921 corruptibilis;
1041 2886 1097 2912 aut
1119 2880 1316 2921 inquantum
1340 2885 1388 2911 est

312 2924 416 2956 forma
439 2924 658 2955 immaterialis
681 2930 712 2955 et
735 2925 1000 2966 incorruptibilis.

367 2969 556 3000 Secundum
572 2974 630 3006 est,
647 2969 736 3010 quod
759 2971 794 3000 in
810 2971 1014 3011 separatione
1028 2970 1156 3001 animae
1170 2970 1387 3001 intellectivae

312 3024 330 3044 a
347 3023 483 3055 corpore
507 3013 574 3044 duo
598 3020 689 3046 sunt:
715 3015 838 3046 scilicet
859 3015 930 3055 ipsa
953 3015 1112 3056 separatio
1136 3025 1155 3045 a
1177 3023 1331 3055 corpore;
1355 3021 1387 3046 et

312 3059 533 3099 permanentia
555 3059 657 3099 ipsius
680 3060 807 3090 animae
829 3065 906 3100 post
920 3060 1019 3091 talem
1041 3060 1291 3100 separationem.
1308 3059 1387 3092 Ideo

313 3103 352 3134 de
376 3109 517 3144 utroque
540 3104 669 3140 horum,
690 3104 862 3145 quomodo
878 3105 918 3135 sit
941 3105 1068 3136 animae
1091 3104 1237 3135 naturale
1260 3110 1316 3136 aut
1338 3106 1387 3136 in-

313 3148 466 3185 naturale,
490 3147 667 3179 videndum
691 3155 748 3179 est.
1260 3178 1263 3181 .

370 3202 399 3223 2.
429 3192 462 3224 Si
493 3202 570 3232 ergo
598 3193 819 3224 consideretur
849 3193 957 3224 anima
987 3193 1179 3234 inquantum
1209 3194 1387 3225 secundum

314 3238 484 3268 essentiam
506 3246 600 3268 suam
631 3243 679 3269 est
691 3239 812 3280 forma
835 3238 992 3274 absolute,
1017 3238 1063 3269 sic
1091 3239 1176 3269 uniri
1199 3240 1330 3280 corpori
1353 3239 1386 3270 in

315 3282 474 3323 principio
491 3283 541 3313 sui
566 3291 634 3313 esse
650 3289 697 3313 est
721 3284 779 3314 sibi
803 3282 958 3320 naturale,
974 3283 1059 3314 sicut
1081 3288 1114 3313 et
1137 3284 1229 3314 omni
1253 3284 1306 3315 alii
1321 3283 1387 3315 for-

315 3335 400 3357 mae:
424 3327 569 3357 naturale
585 3332 632 3358 est
648 3329 735 3358 enim
759 3328 850 3358 omni
874 3327 998 3359 formae
1020 3328 1168 3368 accipere
1184 3337 1253 3359 esse
1276 3329 1309 3359 in
1325 3338 1386 3360 suo

315 3372 512 3411 susceptiv03
537 3378 669 3412 propter
692 3372 783 3412 quod
805 3373 914 3413 inquit
936 3372 1167 3413 Philosophus,
1182 3373 1216 3403 in
1235 3373 1293 3404 XII
1317 3374 1387 3405 Me-

317 3416 400 3455 taph.
418 3417 445 3452 ᾖ,
476 3415 566 3456 quod
593 3415 716 3448 formae
743 3427 812 3448 non
842 3424 917 3449 sunt
948 3423 1025 3449 ante
1053 3418 1212 3448 materias.
1240 3418 1387 3459 Separari

317 3465 424 3490 autem
447 3470 465 3490 a
488 3470 626 3501 corpore
642 3467 689 3492 est
712 3462 772 3493 sibi
788 3467 901 3493 contra
915 3469 1080 3494 naturam:
1105 3463 1182 3503 quia
1205 3468 1252 3493 est
1276 3469 1387 3494 contra

317 3504 494 3534 naturalem
517 3506 762 3537 inclinationem
786 3506 910 3538 formae
938 3507 1076 3548 separari
1099 3517 1117 3538 a
1139 3508 1284 3544 materia,
1312 3517 1388 3539 cum

318 3556 355 3576 ex
371 3548 424 3578 tali
448 3551 649 3589 separatione
665 3557 817 3591 sequatur
833 3553 1010 3593 corruptio,
1028 3561 1112 3593 quae
1129 3557 1177 3583 est
1201 3557 1313 3583 contra
1331 3562 1388 3583 na-

316 3592 451 3622 turalem
473 3594 715 3626 inclinationem
739 3595 872 3627 formae.
892 3597 974 3628 Cum
997 3597 1083 3628 enim
1097 3597 1218 3639 forma
1233 3597 1277 3628 sit
1293 3597 1388 3638 prin—

318 3635 434 3675 cipium
458 3639 590 3674 essendi,
615 3641 795 3680 corruptio,
819 3651 902 3682 quae
925 3647 972 3673 est
995 3642 1048 3673 via
1065 3639 1116 3673 'ad
1139 3651 1205 3673 non
1229 3651 1307 3678 esse,
1333 3651 1388 3683 op—

313 3680 451 3719 ponitur
466 3682 505 3716 ei‚
522 3688 557 3712 ut
573 3684 678 3723 inquit
702 3684 837 3716 Sanctus
861 3686 1006 3717 Thomas
1030 3687 1069 3718 de
1093 3687 1197 3723 Malo,
1214 3695 1246 3727 q.
1259 3696 1289 3723 v,
1307 3696 1334 3717 a.
1350 3688 1386 3718 5:

1440 417 1576 453 senium,
1602 422 1633 447 et
1657 417 1763 448 omnis
1785 416 1942 458 defectus¹
1959 422 2036 448 sunt
2057 423 2175 449 contra
2199 425 2353 453 naturam
2369 423 2521 462 particu-

1441 462 1545 492 larem
1557 461 1654 492 huius
1666 462 1716 493 rei
1727 461 1962 492 determinatae
1966 472 2032 502 per
2033 463 2199 504 formam.
2211 481 2234 485 —
2245 464 2427 503 Remanere
2442 476 2520 499 vero

1441 511 1517 546 post
1539 506 1778 546 separationem
1801 515 1820 536 a
1850 515 1990 547 corpore
2013 512 2045 537 et
2074 512 2150 547 post
2173 509 2419 549 corruptionem
2449 521 2522 544 cor·

1440 551 1541 591 poris,
1557 550 1674 581 accidit
1689 551 1749 581 sibi
1772 551 1970 591 inquantum
1986 557 2034 583 est
2056 550 2173 583 forma.
2193 552 2290 584 Unde
2311 563 2374 585 nec
2398 560 2446 586 est
2459 556 2521 587 sibi

1441 595 1587 626 naturale
1609 604 1671 625 nec
1702 600 1816 626 contra
1839 601 1999 634 naturam,
2023 596 2081 627 sed
2104 596 2318 629 accidentale:
2343 599 2429 631 sicut
2451 609 2522 631 esse

1442 639 1562 670 risibile
1585 638 1702 670 accidit
1724 639 1873 670 animali.

1498 683 1532 715 Si
1555 689 1666 715 autem
1689 684 1912 716 consideretur
1928 689 1964 715 ut
1978 690 2027 716 est
2031 685 2153 727 somna
2169 687 2219 718 rei
2241 692 2273 718 et
2288 692 2429 719 naturae
2447 698 2522 720 cor·

1443 728 1614 769 ruptibilis,
1631 729 1677 759 sic
1701 729 1799 766 etiam
1815 729 1900 760 uniri
1917 730 2047 770 corpori
2069 731 2103 761 in
2126 731 2289 773 principio
2313 733 2365 764 sui
2387 742 2458 769 esse
2474 738 2522 764 est

1442 774 1503 804 sibi
1525 774 1683 804 naturale.
1708 773 1796 812 Quia
1819 774 2071 815 corruptibilitas
2093 781 2227 807 naturae
2253 777 2427 808 materialis
2449 787 2520 810 non

1442 817 1526 848 tollit
1549 818 1729 848 naturalem
1752 818 1998 850 inclinationem
2014 829 2091 850 suae
2114 819 2239 852 formae
2261 822 2458 863 inquantum
2474 828 2523 854 est

1442 862 1557 893 forma.
1581 863 1743 894 Naturalis
1765 869 1876 894 autem
1899 861 2068 895 inclinatio
2090 864 2226 903 formae,
2247 872 2285 897 ut
2307 866 2457 904 diximus,
2474 873 2522 898 est

1442 907 1482 938 ad
1505 908 1664 939 unionem
1680 917 1758 939 cum
1772 917 1835 939 suo
1850 910 2038 949 susceptivo
2054 915 2087 940 et
2106 919 2183 941 cum
2202 920 2264 942 suo
2287 916 2360 943 toto
2381 912 2416 949 in
2432 913 2520 953 prin-

1443 953 1530 993 cipio
1554 953 1606 983 sui
1629 962 1712 984 esse:
1738 962 1815 984 cum
1838 954 1884 984 ibi
1906 963 1966 984 sua
1994 953 2153 994 perfectio
2177 956 2344 987 consistat.
2374 956 2522 998 Separari

1442 1002 1553 1029 autem
1576 1007 1595 1028 a
1618 1007 1757 1038 corpore
1774 1003 1822 1029 est
1843 998 1905 1029 sibi
1920 1004 2034 1029 contra
2049 1005 2216 1031 naturam:
2241 1001 2329 1041 quia,
2346 1000 2521 1042 quantum-

1443 1051 1587 1082 cumque
1609 1042 1713 1073 homo
1737 1043 1778 1073 sit
1799 1043 1987 1075 naturaliter
2013 1045 2244 1085 corruptibilis,
2268 1046 2522 1087 corruptibilitas

1442 1092 1552 1118 tamen
1574 1096 1644 1118 non
1673 1087 1828 1118 convenit
1858 1088 1919 1119 sibi
1944 1089 2071 1120 ratione
2099 1089 2236 1127 formae,
2260 1091 2345 1121 sicut
2365 1100 2429 1122 nec
2452 1091 2522 1123 aliis

1442 1132 1549 1168 rebus,
1571 1131 1629 1162 sed
1644 1137 1772 1163 tantum
1795 1133 1920 1164 ran'one
1935 1134 2100 1170 materiae,
2117 1144 2203 1175 quae
2222 1144 2262 1166 ex
2285 1135 2452 1167 contrariis
2473 1141 2523 1168 est

1443 1176 1636 1216 composita.
1653 1176 1749 1214 Nam,
1766 1187 1843 1208 curn
1862 1177 1968 1209 forma
1991 1179 2156 1219 quaelibet
2171 1180 2217 1210 rei
2241 1180 2338 1211 etiam
2361 1181 2523 1221 corrupti-

1443 1221 1515 1252 bilis
1538 1221 1712 1252 inclinetur
1734 1222 1922 1254 naturaliter
1945 1222 1986 1254 ad
2015 1224 2175 1256 unionem
2198 1233 2276 1255 cum
2305 1225 2361 1256 tali
2388 1225 2524 1258 materia

1443 1266 1484 1296 ad
1508 1275 1608 1306 quam
1631 1267 1779 1308 sequitur
1809 1268 2070 1308 corruptibilitas,
2095 1270 2298 1310 oppositum,
2323 1270 2446 1302 scilicet
2471 1279 2522 1308 ae-

1442 1311 1567 1351 paratio
1583 1321 1603 1341 a
1625 1312 1769 1349 materia,
1786 1318 1834 1342 est
1849 1312 1911 1348 sibi
1926 1319 2039 1344 contra
2054 1319 2215 1352 naturam,
2231 1314 2302 1355 ipsa
2316 1315 2388 1346 sola
2409 1320 2524 1352 nntius

1443 1355 1568 1393 formae
1587 1356 1806 1388 considerata:
1822 1357 1916 1394 sicut,
1932 1358 2010 1398 quia
2024 1359 2114 1399 gravi
2132 1368 2203 1391 esse
2217 1359 2253 1390 in
2274 1359 2352 1391 loco
2367 1359 2523 1402 deorsum

1444 1406 1492 1432 est
1515 1400 1698 1432 secundum
1725 1401 1908 1434 naturalem
1936 1403 2194 1441 inclinationem,
2217 1403 2293 1436 ideo
2320 1404 2487 1440 removeri.
2505 1415 2524 1437 a

1443 1445 1520 1476 loco
1544 1445 1699 1479 deorsum
1722 1452 1771 1478 est
1793 1447 1854 1478 sibi
1877 1453 1991 1478 contra
2013 1454 2163 1480 naturam
2178 1454 2211 1480 et
2225 1449 2524 1488 violentquuia

1443 1496 1553 1522 tamen
1577 1497 1624 1522 est
1647 1491 1754 1523 forma
1775 1497 1910 1524 naturae
1937 1493 2166 1534 corruptibilis,
2188 1503 2258 1526 non
2281 1499 2441 1535 repugnat
2459 1494 2524 1530 sibi

1443 1545 1502 1576 per
1524 1536 1660 1576 aliquod
1683 1545 1781 1577 agens
1805 1537 1964 1569 violenter
1979 1539 2129 1579 separari.
2153 1538 2256 1577 Quod
2277 1548 2346 1571 non
2370 1539 2525 1576 convenit

1445 1580 1569 1611 formae
1585 1581 1631 1612 rei
1646 1582 1918 1622 incorruptibilis:
1939 1582 1994 1614 illa
2009 1583 2098 1615 enim
2121 1593 2191 1615 non
2214 1584 2322 1616 solum
2337 1583 2525 1619 nat-naliter

1444 1625 1555 1657 unitur
1577 1627 1740 1663 materiae,
1757 1625 1813 1657 sed
1828 1633 1988 1668 repugnat
2003 1629 2102 1660 etiam
2117 1629 2178 1660 sibi
2201 1637 2260 1670 per
2274 1628 2411 1670 aliquod
2424 1637 2524 1670 agens

1444 1675 1589 1702 creatum
1612 1680 1671 1711 per
1693 1671 1883 1703 violentiam
1906 1673 2056 1713 separari.
2071 1691 2096 1696 —
2118 1672 2183 1705 Sed
2204 1682 2337 1705 manere
2360 1679 2393 1706 et
2414 1683 2524 1715 peno-

1444 1724 1554 1746 verare
1568 1716 1603 1746 in
1627 1725 1688 1747 suo
1712 1725 1782 1748 esse
1805 1722 1881 1757 post
1903 1718 2154 1757 separationem,
2169 1727 2239 1750 non
2262 1723 2374 1750 autem
2394 1718 2431 1750 in
2451 1719 2524 1760 ipa

1443 1760 1648 1800 separatione
1671 1761 1811 1798 interire,
1834 1771 1897 1793 nec
1919 1767 1968 1793 est
1991 1762 2062 1800 sibi,
2089 1768 2127 1794 ut
2157 1763 2213 1800 sic,
2236 1763 2383 1795 naturale
2412 1772 2523 1805 neque

1444 1810 1558 1836 contra
1584 1811 1744 1843 naturam,
1767 1805 1826 1837 sed
1855 1806 1973 1838 accidit
2000 1807 2061 1838 sibi
2087 1817 2128 1839 ex
2154 1808 2216 1839 alia
2238 1809 2289 1840 sui
2313 1807 2519 1843 conditione:

1444 1859 1512 1880 non
1542 1855 1590 1880 est
1618 1850 1706 1881 enim
1735 1859 1775 1881 ex
1805 1851 2018 1883 inclinatione
2047 1858 2103 1883 aut
2132 1858 2247 1883 contra
2275 1853 2523 1888 inclinatio-nn

1444 1894 1570 1925 formae
1592 1895 1638 1926 rei
1662 1895 1891 1935 corruptibilis,
1919 1901 1956 1926 ut
1985 1897 2042 1932 sic,
2066 1905 2270 1937 perseverare
2300 1898 2336 1929 in
2361 1906 2424 1929 suo
2451 1906 2523 1933 nae

1443 1944 1519 1979 post
1541 1939 1780 1979 separationem
1803 1940 1855 1971 sui
1878 1949 1896 1971 a
1918 1940 2064 1972 materia.
2440 1960 2441 1963 =
2463 1957 2474 1970 «-
2499 1959 2510 1974 ·.

1499 1982 1532 2014 Si
1544 1984 1640 2014 tertio
1651 1983 1755 2015 modo
1766 1984 2002 2022 consideretur,
2014 1985 2208 2026 inquantum
2219 1985 2345 2018 scilicet
2354 1986 2524 2029 atsur-a

1442 2027 1670 2059 immaterialis
1692 2033 1725 2059 ee
1747 2029 2016 2070 incorruptibilis,
2036 2030 2082 2061 sic
2106 2030 2205 2062 etiam
2227 2031 2376 2063 naturale
2398 2032 2523 2064 mmihi

1441 2072 1475 2103 in
1498 2073 1660 2113 principio
1684 2073 1736 2104 sui
1763 2074 1848 2106 uniri
1879 2075 2021 2116 corpori,
2045 2080 2078 2106 et
2100 2075 2239 2116 separari
2267 2085 2286 2107 a
2308 2085 2450 2118 corpora
2469 2082 2524 2109 aas

1441 2116 1502 2148 sibi
1525 2122 1639 2149 contra
1660 2123 1825 2150 naturm:
1853 2119 1932 2160 quia
1957 2119 2210 2152 immaterialius
2235 2126 2268 2152 et
2291 2121 2524 2165 interruptim-

1441 2161 1513 2192 litas
1536 2171 1605 2194 non
1628 2162 1713 2194 tollit
1727 2161 1761 2194 id
1776 2163 1868 2203 quod
1882 2169 1931 2196 est
1945 2164 2092 2195 naturale
2112 2170 2169 2196 aut
2189 2174 2377 2206 repugnans
2397 2165 2524 2207 forme

1441 2207 1638 2247 inquantum
1662 2213 1710 2239 est
1733 2206 1849 2245 forma,
1865 2209 1906 2239 ab
1929 2218 1971 2240 eo
1994 2208 2085 2249 quod
2109 2209 2320 2242 essentialita·
2338 2215 2387 2243 en
2404 2209 2522 2244 bema.

1442 2251 1485 2282 Et
1507 2251 1594 2289 ideo,
1618 2261 1695 2284 cum
1718 2253 1827 2284 anima
1849 2253 1891 2284 sit
1913 2253 2125 2286 ementifflter
2140 2253 2246 2287 forma
2266 2255 2322 2287 inc
2473 2256 2481 2265 ‘

1443 2302 1475 2327 et
1497 2297 1727 2334 immaterialis,
1746 2298 2034 2339 incorruptibilitas
2047 2308 2117 2330 non
2132 2299 2218 2331 tollit
2233 2300 2273 2331 ab
2295 2300 2367 2340 ipsa
2383 2301 2390 2308 '
2429 2300 2523 2342 quod

1443 2347 1491 2372 est
1513 2341 1659 2374 naturale
1674 2348 1731 2373 aut
1745 2351 1932 2383 repugnans
1955 2343 2080 2375 formae
2095 2343 2259 2375 absolute:
2283 2345 2369 2376 sicut
2382 2346 2521 2384 homini,

1442 2386 1640 2427 inquantum
1663 2387 1784 2419 animal
1805 2387 1974 2425 rationale,
1991 2389 2147 2420 convenit
2167 2398 2268 2421 omne
2291 2389 2385 2430 quod
2407 2395 2456 2422 est
2469 2399 2522 2423 esp

1442 2431 1578 2463 sentiale
1604 2432 1737 2463 animali
1764 2432 1926 2470 absolute,
1958 2438 1991 2464 et
2019 2439 2181 2474 repugnat
2203 2434 2362 2475 quicquid
2388 2435 2523 2476 aniani

1442 2482 1612 2517 repugnat,
1637 2477 1714 2518 quia
1736 2477 1934 2509 rationalitas
1960 2487 2031 2509 non
2061 2478 2147 2510 tollit
2173 2479 2334 2510 rationem
2362 2479 2521 2518 aninffls,

1442 2521 1519 2552 licet
1531 2521 1622 2552 illam
1635 2521 1819 2563 specificet;
1835 2522 1913 2563 quia
1928 2523 2017 2554 enim
2033 2532 2102 2554 esse
2118 2523 2270 2555 sensibile
2284 2530 2334 2555 est
2351 2524 2523 2557 enfide

1442 2566 1584 2603 animali,
1600 2576 1671 2598 esse
1685 2576 1764 2598 vero
1779 2567 1968 2599 insensibile
1981 2573 2143 2609 repugnat
2157 2568 2300 2606 animali,
2314 2568 2391 2601 ideo
2405 2575 2441 2601 et
2453 2571 2523 2604 nn·—

1441 2611 1520 2643 mali
1542 2611 1691 2643 rationali
1705 2612 1861 2643 convenit
1879 2612 2041 2650 sensibile,
2056 2613 2244 2645 insensibile
2257 2623 2337 2646 vero
2350 2620 2522 2656 rapum

1499 2655 1587 2688 Cum
1611 2666 1689 2697 ergo
1714 2655 1849 2694 formae,
1865 2662 1902 2688 ut
1917 2662 1966 2688 est
1987 2656 2104 2695 forma,
2127 2658 2274 2690 naturale
2289 2658 2330 2692 sit
2344 2660 2432 2691 uniri
2452 2669 2523 2692 nar

1441 2702 1551 2739 teriae,
1579 2707 1612 2733 et
1634 2707 1747 2733 contra
1769 2702 1952 2734 naturalem
1978 2703 2048 2734 eiua
2074 2703 2322 2736 inclinationem
2350 2703 2392 2735 nit
2412 2705 2456 2736 ab
2482 2714 2523 2738 ea

1441 2746 1596 2787 separari;
1620 2751 1652 2778 et
1675 2746 1813 2783 animae,
1835 2747 2034 2788 inquantum
2052 2753 2102 2779 est
2123 2746 2231 2779 forma
2252 2748 2522 2782 immutet-inlisu

1440 2791 1705 2832 incorruptibilis,
1720 2792 1866 2823 naturale
1881 2792 1941 2823 erit
1962 2792 2050 2823 uniri
2071 2793 2214 2833 corpori,
2237 2798 2351 2825 eontra
2371 2798 2522 2830 minna

1441 2846 1520 2867 vero
1544 2837 1584 2867 ab
1607 2837 1680 2877 ipso
1696 2837 1846 2877 separari.
1863 2837 2072 2868 Perseverate
2086 2843 2197 2869 autem
2215 2837 2251 2869 in
2273 2847 2336 2869 suo
2358 2847 2431 2870 asae
2443 2845 2523 2881 μα

1442 2881 1590 2922 corporis
1613 2882 1859 2922 corruptionem
1875 2887 1924 2913 est
1944 2882 2007 2913 sibi
2028 2882 2184 2914 naturale.
2208 2881 2302 2914 Sicut
2324 2883 2424 2920 enim,
2442 2884 2521 2925 quia

1442 2927 1550 2957 anima
1562 2931 1610 2957 est
1633 2926 1844 2958 essentialiter
1860 2925 1976 2964 forma,
1992 2926 2084 2968 quod
2107 2933 2156 2959 est
2170 2927 2317 2960 naturale
2339 2926 2522 2960 fomenti:

1441 2970 1548 3002 forma
1571 2976 1629 3008 est,
1652 2972 1714 3002 sibi
1740 2971 1928 3003 naturaliter
1952 2972 2125 3010 convenit;
2151 2972 2206 3010 ita,
2234 2972 2312 3013 quia
2339 2977 2390 3003 eat
2410 2981 2521 3005 asen-

1441 3016 1558 3047 tialiter
1580 3016 1846 3057 incorruptibilis,
1870 3017 1930 3047 sibi
1959 3017 2115 3048 convenit
2139 3017 2327 3049 namraliter
2353 3017 2447 3058 quud
2470 3023 2521 3057 ,eu

1441 3061 1679 3102 incorruptibili
1693 3061 1890 3093 substantiae
1905 3061 2061 3093 namrale.
2086 3061 2162 3093 Hoc
2182 3067 2299 3093 autem<
2309 3062 2458 3094 naturale
2470 3067 2521 3094 α

1441 3106 1680 3147 incorruptibili
1705 3106 1903 3147 inquantum
1929 3112 1978 3137 est
2007 3106 2264 3147 incorruptibile,
2286 3112 2326 3138 ut
2353 3115 2424 3138 non
2445 3115 2520 3139 oon»

1441 3157 1610 3192 rumpatur
1625 3150 1666 3182 ad
1681 3151 1928 3192 corruptionem
1951 3151 2022 3182 eius
2043 3151 2079 3182 in
2103 3160 2171 3192 quo
2195 3156 2254 3188 est,
2277 3150 2335 3182 sed
2356 3151 2519 3192 ponus!

1442 3196 1688 3237 corruptionem
1702 3201 1833 3227 maneat
1847 3196 1881 3227 in
1896 3205 1959 3227 suo
1976 3205 2056 3227 esse.
2073 3195 2152 3227 Ideo
2168 3196 2306 3233 animae,
2321 3196 2519 3237 inquantum

1442 3240 1697 3282 incorruptibilis
1719 3246 1777 3277 est,
1801 3240 1988 3272 naturaliter
2003 3241 2158 3273 convenit
2172 3249 2376 3281 perseverare
2397 3240 2433 3272 in
2455 3249 2518 3272 mo

1443 3295 1513 3317 esse
1535 3285 1615 3317 dum
1638 3291 1804 3326 separatur
1818 3295 1837 3316 a
1859 3294 2013 3326 corpore:
2030 3285 2115 3317 sicut
2136 3284 2262 3316 formae
2284 3283 2482 3325 dependenti
2499 3295 2519 3316 a

1441 3331 1576 3362 materia
1590 3330 1736 3362 naturale
1750 3335 1800 3361 est
1814 3331 1848 3362 in
1859 3331 1930 3371 ipsa
1945 3330 2148 3371 separatione
2159 3328 2309 3366 deficere,
2320 3329 2519 3370 inquantum

1443 3381 1490 3406 est
1513 3375 1618 3406 forma
1634 3385 1653 3406 a
1667 3376 1801 3406 materia
1823 3374 2007 3407 secundum
2021 3383 2092 3406 esse
2107 3373 2310 3415 dependam
2333 3373 2412 3405 licet
2424 3383 2518 3416 sepm—

1442 3420 1503 3451 rari
1527 3430 1545 3451 a
1567 3420 1701 3451 materia
1723 3420 1784 3451 sibi
1806 3425 1966 3460 repugnat
1987 3420 2183 3460 inquanmm
2207 3423 2255 3449 est
2277 3417 2393 3450 forma.

1499 3464 1574 3501 Sed,
1598 3465 1674 3495 licet
1696 3465 1737 3496 sit
1764 3464 1911 3496 naturale
1933 3464 2072 3500 animae,
2095 3463 2268 3504 supposito
2289 3463 2380 3504 quod
2404 3473 2423 3494 a
2445 3472 2518 3495 eor*

1442 3518 1523 3550 pore
1545 3515 1722 3550 separetur,
1745 3517 1912 3540 remanere
1937 3517 1957 3538 a
1979 3516 2118 3548 corpore
2148 3513 2342 3548 separatam;
2367 3508 2517 3539 absoime

1442 3559 1551 3584 tamen
1582 3553 1763 3594 loquendo,
1791 3553 1908 3584 habere
1939 3561 2009 3583 esse
2039 3558 2223 3593 separatum
2252 3562 2270 3583 a
2301 3561 2440 3594 corpore
2469 3558 2517 3584 est

1443 3604 1555 3629 contra
1578 3604 1727 3629 naturam
1745 3598 1887 3629 animae:
1911 3597 1988 3638 quia
2003 3605 2073 3627 esse
2096 3597 2221 3628 unitam
2240 3596 2372 3638 corpori
2393 3602 2442 3628 est
2456 3597 2518 3628 sibi

1442 3643 1597 3674 naturale.
1621 3643 1706 3674 Nam
1730 3643 1756 3673 si
1780 3641 1902 3683 aliquid
1931 3641 1972 3672 sit
1994 3641 2090 3672 alicui
2118 3641 2242 3673 formae
2267 3641 2423 3679 naturale,
2446 3646 2518 3672 tan-

1442 3696 1541 3727 quam
1565 3688 1635 3718 eius
1664 3686 1844 3718 naturalem
1874 3695 2079 3726 consequens
2107 3687 2299 3727 appetitum,
2326 3686 2517 3728 opposimm

2758 2419 2768 2767 -ιμ-Λ-ᾳ-ρωῌ.
2766 2389 2768 2395 .
2763 2311 2768 2377 ,....
