2664 4120
205 361 305 394 Num.
330 373 361 393 1x
386 367 462 403 post
484 361 572 392 med.
598 361 696 403 [quae
719 362 919 392 conveniunt
940 362 1026 402 Deo]
1050 381 1072 386 -
1089 362 1165 394 Om.
1190 364 1287 396 APS:

475 406 550 437 vide
573 405 686 438 locum
710 405 798 446 apud
822 405 970 439 Scotum.

254 464 268 478 ›
328 461 350 482 x
383 451 471 483 med.
484 451 612 482 nullam
617 450 857 493 perfectionem
870 467 892 474 -
903 450 993 482 nulla
1002 451 1238 492 perfectionem
1247 454 1287 485 A.

646 522 729 563 Cap.
754 533 858 553 xxxiv.

205 586 304 619 Num.
328 597 340 617 1
363 596 444 619 verS.
468 584 525 618 fin.
550 594 604 616 res
627 585 760 616 nomine
775 584 965 626 significata
981 603 1002 608 -
1018 595 1069 616 res
1084 586 1230 616 nominis
1246 587 1289 616 si-

475 629 628 671 gnificam
651 629 691 666 P;
723 635 756 660 et
785 629 893 660 statim
921 639 982 671 pro
1013 630 1102 660 ratio
1134 631 1288 667 nominis,

476 675 566 706 ratio
590 674 728 707 nomini.
1393 687 1407 702 »

255 734 269 747 ›
330 730 354 750 n
375 720 446 752 init.
470 719 511 751 de
533 719 606 751 Deo
630 724 662 750 et
684 719 761 750 aliis
783 736 804 742 -
832 719 873 750 de
897 719 971 750 Deo
995 725 1027 750 et
1049 718 1090 750 de
1113 719 1183 749 aliis
1207 718 1243 750 P.

333 778 348 794 »
378 770 455 806 post
485 774 601 805 pauca.
630 763 728 805 prior
757 769 790 794 et
813 764 999 806 perfectior
1029 782 1050 786 -
1073 763 1104 794 A
1137 773 1204 794 om.
1239 768 1290 800 et;

475 809 498 841 S
515 810 618 850 prior
634 809 811 851 perfectio.

254 868 268 882 ›
329 864 360 892 v,
386 863 405 885 2
429 854 518 887 med.
541 854 667 886 scilicet
689 858 722 885 et
743 853 848 895 ipsam
870 870 895 876 —
917 858 950 884 et
973 863 1041 884 om.
1065 853 1102 885 P.

255 913 268 927 »
329 909 362 930 vx
385 899 473 930 med.
498 899 520 930 Ι
545 899 716 930 Periherm
738 915 760 922 -
783 898 808 928 P
831 898 887 930 lib.
914 907 932 928 2
964 907 1034 939 cap.
1061 907 1078 928 2
1109 897 1287 929 Periherm.

254 958 268 972 ι
327 953 383 981 vn,
404 953 414 975 ι
445 943 531 976 med.
555 943 596 975 de
619 944 690 975 visu
706 950 869 984 corporeo
889 947 921 973 et
937 943 1102 973 intellectu
1117 960 1141 965 -
1157 941 1197 972 de
1216 942 1288 972 visu

255 1019 258 1022 .
477 997 641 1030 corporeo
664 993 698 1020 et
719 987 920 1019 intellectivo
943 987 979 1018 P.

255 1047 270 1061 υ
334 1032 970 1066 »›fin.adunum—adom.A.
1396 1044 1410 1059 ›

334 1092 348 1105 ›
388 1088 406 1109 2
430 1078 519 1111 med.
541 1078 628 1110 sicut
649 1083 682 1109 et
703 1077 866 1119 analogia
889 1093 911 1100 -
935 1082 967 1108 et
990 1086 1059 1109 om.
1082 1076 1118 1107 P.
1397 1090 1411 1103 ›

256 1138 269 1150 »
330 1133 362 1154 xx
396 1128 471 1154 ante
493 1122 582 1156 med.
604 1132 724 1154 sanum
746 1122 870 1153 dicitur
891 1121 932 1152 de
955 1122 1026 1163 ipsa
1043 1138 1065 1146 -
1152 1120 1192 1152 de
1216 1121 1288 1161 ipso

254 1225 269 1240 ›
333 1225 348 1240 ι
386 1222 468 1245 vers.
492 1211 550 1246 fin.
575 1211 608 1243 in
630 1211 816 1254 perfectam
845 1217 877 1243 et
899 1210 1149 1253 quidditativam
1173 1210 1289 1252 cogni-

478 1257 600 1288 tionem
623 1274 646 1280 —-
669 1257 703 1288 in
727 1254 907 1298 perfectam
933 1255 1149 1298 quidditatem
1177 1260 1209 1286 et
1233 1265 1290 1286 co-

469 1302 662 1343 gnitionem
685 1301 722 1335 P.

196 1343 436 1388 „uf-*rfflj‘dt
471 1353 548 1379 ante
570 1346 659 1380 med.
683 1347 717 1379 in
740 1346 1022 1381 praedicamentis
1038 1346 1151 1388 posita
1167 1362 1188 1368 -
1205 1345 1230 1375 P
1255 1345 1288 1375 in

477 1391 676 1434 Antepraed.
704 1392 838 1433 posita,·
869 1391 925 1423 sed
956 1391 1064 1422 statim
1095 1399 1172 1421 cum
1201 1390 1231 1420 A
1256 1390 1289 1420 in

474 1436 768 1469 Praedicamentis.

253 1493 268 1520 ³,
334 1494 346 1506 ⁵
422 1495 436 1510 »
473 1480 568 1516 infra.
592 1486 629 1514 ut
656 1481 799 1525 inferius
820 1499 844 1504 -
868 1487 903 1513 ut
926 1480 1076 1522 superius
1099 1478 1189 1511 APS.
1214 1478 1289 1511 Vid.

477 1536 550 1568 cap.
572 1536 642 1568 seq.

650 1597 733 1638 Cap.
757 1605 852 1627 xxxv.

158 1675 159 1678 ¹
203 1659 306 1694 Num.
328 1671 341 1692 1
363 1659 451 1694 med.
475 1660 581 1692 voluit
602 1659 825 1692 determinare
838 1675 862 1683 ·-
877 1659 982 1690 voluit
1004 1658 1176 1689 terminare
1201 1657 1236 1688 P.

254 1710 269 1734 ι’
328 1715 360 1739 v.
384 1704 443 1738 fin.
467 1705 502 1737 in
526 1705 694 1737 intellectu
716 1722 740 1728 —
763 1704 948 1737 intellectus
971 1703 1008 1736 P.

1343 365 1441 398 Num.

1392 423 1406 436 ›
1467 420 1510 447 xx,
1537 420 1554 440 2
1581 417 1655 442 ante
1674 413 1761 446 med.
1787 415 1979 455 inquantum
2004 422 2052 447 est
2067 417 2120 447 hic
2134 417 2232 448 homo
2249 435 2270 442 -
2285 419 2338 449 hic
2354 428 2420 449 om.

1345 807 1445 840 Num.

2337 307 2420 332 XLIX

1466 376 1499 397 Vt
1523 367 1610 399 med.
1634 368 1662 398 si
1686 370 1797 400 totalis
1822 389 1842 392 —
1864 371 1894 401 si
1917 380 1984 404 om.
2008 372 2050 409 P;
2076 373 2102 403 si
2125 373 2265 404 totaliter
2289 374 2320 406 S.

1616 456 1705 489 APS.

1471 511 1486 526 n
1534 513 1547 525 ›>
1586 506 1660 539 post
1677 510 1791 541 pauca.
1815 512 1884 533 esse
1906 504 1968 534 hoc
1990 505 2156 546 signatum
2172 525 2194 529 -
2209 507 2272 538 Pro
2296 516 2374 544 esse,
2391 507 2422 538 A

1617 543 1681 575 etit-1
1706 544 1786 576 falso
1804 548 2021 587 compendio;
2046 551 2143 580 etiam
2166 551 2226 583 PS.

1393 600 1407 613 ι
1467 597 1510 624 xi,
1537 588 1554 618 3
1581 594 1655 619 ante
1679 590 1765 620 med.
1782 596 1830 621 est
1844 592 1905 622 sibi
1918 594 2058 633 propria
2074 613 2096 616 -
2113 601 2160 625 est
2176 595 2222 626 illi
2238 597 2369 637 propria
2384 596 2420 628 P.

1473 644 1486 657 »
1537 632 1566 662 si
1589 632 1679 663 Deus
1702 634 1754 665 hic
1776 652 1799 658 —
1823 636 1848 665 si
1873 636 1962 667 Deus
1986 643 2033 667 est
2056 638 2120 668 hoc
2142 639 2180 669 P.

1469 685 1531 708 ΧΠ.
1556 677 1718 719 Borgona
1744 697 1765 700 -
1789 679 2042 721 Demogorgona
2066 682 2107 714 N.

1791 750 1873 791 Cap.
1898 761 1983 783 me.

1469 819 1525 840 vm
1549 809 1605 843 fln.
1630 810 1674 841 ad
1697 811 1834 852 aliquod
1858 813 2100 855 intelligibile-
2119 816 2159 846 ad
2184 816 2307 857 aliquid
2330 818 2422 849 intel—

1617 855 1739 895 ligibile
1763 857 1798 888 P.

1471 909 1512 931 1x.
1537 909 1605 930 esse
1629 901 1968 942 concepibile...esse
1991 904 2191 945 concepibili.
2209 922 2233 927 —
2253 914 2321 936 esse
2345 916 2422 937 con—

1618 945 1829 985 ceptibile...
1844 956 1912 977 esse
1943 948 2150 988 conceptibili
2179 948 2219 986 P;
2253 959 2320 980 esse
2345 960 2422 982 con-

1618 990 1767 1030 ceptuale
1781 1014 1803 1023 ..
1815 1015 1822 1023 .
1837 1000 1906 1022 esse
1931 993 2138 1033 conceptuali
2161 993 2193 1024 S.

1472 1042 1502 1069 x,
1532 1041 1541 1063 ι
1572 1034 1640 1066 init.
1666 1040 1713 1065 est
1737 1035 1866 1076 infinita
1890 1054 1912 1058 -
1936 1042 1983 1067 est
2007 1036 2123 1068 infiniti
2147 1038 2187 1070 A.

1478 1091 1489 1102 »
1519 1087 1549 1110 2.
1566 1089 1596 1119 q.
1622 1089 1725 1110 Lxxvu
1750 1097 1771 1103 -
1796 1090 1828 1121 q.
1855 1090 1895 1120 27
1913 1081 1948 1114 P.

1395 1134 1409 1148 »
1470 1131 1511 1154 xi.
1537 1127 1629 1153 tanta
1648 1124 1800 1164 praecise
1822 1142 1843 1147 -
1867 1130 1955 1156 tanta
1979 1126 2123 1166 praecisa
2146 1126 2235 1158 APS.
2259 1127 2333 1160 vid.
2357 1128 2420 1161 loc.

1618 1168 1706 1209 apud
1734 1168 1870 1200 Scotum
1877 1193 1884 1200 .

1397 1224 1410 1237 »
1471 1221 1524 1247 xn,
1547 1220 1555 1242 ι
1584 1219 1658 1253 post
1674 1213 1760 1246 med.
1785 1214 1879 1245 aliud
1894 1224 1998 1257 agens
2015 1215 2175 1246 excedens
2190 1234 2213 1238 —
2229 1216 2309 1247 alius
2325 1226 2422 1257 agens

1620 1257 1780 1289 excedens
1803 1259 1839 1292 P.

1397 1314 1410 1326 ι
1471 1311 1536 1339 xm,
1558 1311 1575 1332 2
1600 1301 1656 1335 fin.
1681 1303 1738 1334 sed
1762 1303 1829 1344 ipse
1853 1309 1901 1335 est
1924 1321 1944 1327 -
1968 1303 2024 1335 sed
2048 1305 2073 1335 si
2098 1305 2167 1346 ipse
2191 1310 2239 1336 est
2261 1305 2297 1338 P.

1795 1373 1877 1414 Cap.
1903 1385 1984 1407 κων.

1347 1433 1418 1465 Init.
1444 1443 1514 1475 cap.
1540 1444 1655 1465 mxxix
1677 1452 1701 1457 -
1724 1434 1804 1466 APS
1828 1443 1899 1475 cap.
1926 1435 1978 1466 88.

1346 1478 1446 1511 Num.

1470 1489 1492 1510 1.
1517 1484 1648 1520 oportet
1672 1485 1707 1509 ut
1731 1479 1938 1521 intelligibile
1965 1480 2007 1510 sit
2036 1480 2223 1522 intelligens
2247 1500 2270 1504 —
2293 1487 2423 1522 oportet

1619 1530 1655 1554 ut
1679 1530 1836 1565 appetens
1862 1525 1902 1555 sit
1926 1525 2108 1565 intelligens
2135 1525 2224 1558 APS.
2249 1526 2323 1558 vid.
2346 1531 2422 1559 text.

1621 1574 1652 1598 et
1676 1567 1758 1598 infra
1782 1578 1890 1609 parag.
1916 1579 1958 1601 xx.

1395 1626 1409 1639 »
1469 1623 1504 1644 111
1529 1613 1599 1645 init.
1623 1618 1798 1653 separatae
1820 1619 1928 1644 tamen
1953 1631 1974 1636 —
1998 1619 2144 1654 separata
2167 1620 2275 1645 tamen
2299 1614 2334 1647 P.

1396 1672 1410 1686 ι
1469 1667 1501 1695 v,
1527 1667 1545 1688 2
1570 1657 1627 1690 fin.
1651 1657 1708 1688 sed
1732 1657 1816 1688 illud
1838 1676 1861 1680 -
1883 1657 1940 1689 sed
1963 1657 2056 1688 illum
2080 1658 2169 1691 APS.

1475 1716 1489 1730 »
1518 1702 1536 1734 3
1562 1702 1618 1735 fin.
1643 1707 1750 1733 actum
1775 1703 1823 1734 sic
1844 1703 2063 1744 specificatum
2086 1721 2109 1725 -
2133 1708 2207 1734 actu
2231 1704 2276 1734 sic
2299 1702 2426 1743 specifi-

1619 1754 1728 1778 catum
1759 1747 1794 1780 P.
1819 1765 1840 1771 -
1863 1747 1979 1778 Statim
2008 1747 2038 1777 A
2071 1756 2148 1778 casu
2175 1757 2236 1788 pro
2259 1748 2425 1784 volitione‚

643 1775 727 1818 cap·
751 1785 861 1807 nm·
1622 1792 1792 1824 nolitione.

200 1838 306 1875 Num.
329 1850 341 1871 1
363 1839 421 1872 fin.
440 1840 723 1882 praepositionem
746 1855 768 1863 -
791 1839 1056 1881 propositionem
1078 1838 1138 1871 PS.
1398 1851 1411 1864 »
1470 1847 1515 1867 vn
1539 1837 1560 1867 l.
1587 1846 1639 1869 22.
1665 1837 1724 1867 III
1743 1837 1783 1868 de
1807 1838 1936 1868 Anima.
1959 1855 1982 1860 -
2013 1837 2025 1868 1
2050 1837 2090 1868 de
2118 1837 2237 1867 Anima
2260 1837 2349 1869 APS.
2375 1835 2426 1868 Cf.

637 1910 719 1952 cap·
746 1919 864 1943 xxm·
1475 1941 1488 1953 »
1539 1891 1852 1959 εηῐεῗιὲῗὶέ.”άέῗι.ιιηι
1868 1926 2144 1958 Commentatoris
2160 1944 2182 1948 -
2198 1925 2321 1957 dictum
2338 1934 2428 1956 com-

207 1973 309 2009 Num.
331 1985 353 2007 v
375 1973 432 2006 fin.
458 1974 492 2005 in
517 1979 658 2016 utraque
679 1972 912 2004 causalitate-
927 1971 961 2002 in
979 1976 1151 2012 utramque
1176 1980 1292 2002 causa·
1619 1971 1713 2002 muni
1737 1970 1772 2004 P.

480 2018 606 2051 litatem
627 2017 696 2050 ΑΡ.
1472 2027 1514 2049 rx.
1540 2015 1632 2047 illinc
1655 2032 1676 2038 -
1699 2015 1765 2046 illic
1789 2015 1847 2048 PS.
1874 2033 1898 2038 —
1925 2015 1961 2046 In
1984 2016 2048 2046 hoc
2076 2024 2167 2047 num.
2195 2015 2220 2045 P
2247 2015 2268 2048 l.
2294 2024 2334 2045 22
2367 2024 2427 2055 pro

634 2087 717 2130 Cap.
742 2096 870 2120 xxxvm.

210 2150 311 2185 Num.
335 2163 358 2191 1,
378 2161 406 2184 ι.
429 2150 520 2194 quod
545 2161 614 2183 esse
641 2150 675 2182 in
698 2154 775 2182 actu
805 2167 828 2173 -
851 2149 915 2180 Pro
950 2158 1029 2187 esse,
1052 2150 1083 2180 A
1118 2148 1235 2180 falsum
1251 2149 1292 2179 si-

481 2197 587 2237 glum:
613 2195 654 2228 cf.
679 2196 796 2232 statim,
815 2193 898 2226 idest
911 2203 981 2226 esse
997 2195 1030 2226 in
1047 2199 1133 2231 actu,
1158 2199 1190 2225 et
1213 2199 1290 2225 text.

482 2241 515 2272 S.
533 2241 596 2272 Th.
610 2258 633 2264 -
648 2240 674 2271 P
688 2240 778 2282 quod
788 2239 879 2271 estin
893 2244 984 2274 actm
1002 2239 1024 2271 S
1047 2239 1136 2281 quod
1147 2244 1204 2275 est,
1223 2248 1290 2269 om.

481 2287 515 2317 in
539 2291 627 2318 actu.

212 2374 214 2376 v
259 2346 273 2360 ι
316 2326 368 2363 ‘m
391 2329 436 2363 ad
458 2330 586 2373 aliquid
612 2330 707 2362 aliud
729 2348 751 2353 —
775 2329 815 2361 ad
838 2328 962 2371 aliquid
985 2327 1025 2360 ad
1048 2328 1137 2359 aliud
1160 2328 1200 2359 A.

258 2391 272 2406 »
337 2391 351 2404 ›
389 2382 466 2418 post
491 2384 607 2418 pauca.
641 2375 804 2406 rationem
833 2374 993 2416 suscipiat
1020 2373 1176 2405 bonitatis
1199 2389 1220 2396 -
1243 2382 1293 2403 ra-

480 2422 607 2453 tionem
631 2421 785 2462 suscipiat
809 2420 937 2451 bonitas
960 2418 1050 2452 APS.
1073 2418 1147 2450 Vid.
1171 2423 1248 2449 text.

259 2480 273 2494 »
333 2477 379 2498 m.
403 2471 435 2498 et
457 2470 506 2498 est
527 2465 737 2508 confirmatio
761 2482 783 2488 -
805 2469 839 2496 et
860 2474 928 2496 om.
951 2462 988 2494 P.

337 2525 352 2539 ι
401 2510 494 2543 infra.
526 2510 645 2543 Matth.
675 2509 766 2541 XIX
786 2527 809 2532 —-
832 2509 947 2541 Matth.
979 2509 1021 2540 ἴο
1049 2507 1143 2550 (falso
1174 2505 1292 2548 siglo);

480 2556 505 2587 P
526 2556 641 2588 Matth.
663 2563 721 2592 10;
738 2554 761 2586 S
784 2555 903 2586 Marco
919 2564 950 2591 x,
967 2552 1008 2585 18
1022 2558 1054 2584 et
1068 2553 1161 2584 Luca
1176 2551 1224 2589 18,
1241 2561 1291 2594 19.

478 2599 552 2635 vid.
577 2605 654 2632 text.
680 2600 712 2633 S.
737 2598 803 2631 Th.

643 2671 727 2713 Cap.
750 2681 856 2702 xxxix.

208 2736 309 2769 Num.
332 2746 368 2767 111
390 2735 478 2768 med.
503 2735 588 2766 illud
617 2745 684 2766 non
711 2739 824 2776 potest
852 2743 922 2765 esse
952 2751 974 2756 -
1005 2733 1086 2765 iuud
1119 2742 1189 2763 esse
1221 2741 1291 2763 non

479 2786 589 2822 potest
613 2790 684 2812 esse
707 2780 743 2811 P.

333 2836 355 2857 v
376 2825 464 2858 med.
488 2825 634 2857 violenta
657 2843 680 2848 -
703 2824 859 2856 violentia
882 2823 918 2856 P.

336 2884 350 2897 ι
376 2869 470 2903 infra.
495 2880 538 2902 ex
560 2869 726 2901 substrato
749 2887 772 2892 —
788 2869 838 2900 Ex
854 2869 1035 2900 substracto
1059 2867 1128 2904 AS3
1153 2877 1192 2898 ex
1215 2866 1292 2897 sub-

478 2921 582 2946 tracto
606 2913 642 2947 P.

672 2984 755 3026 Cap.
779 2995 830 3018 xl..

207 3048 282 3080 Col.
313 3056 339 3086 1,
365 3048 452 3080 med.
478 3056 694 3089 unaquaeque
718 3057 771 3078 res
793 3065 816 3069 —
839 3055 1039 3087 unaquaque
1061 3055 1112 3077 res
1134 3046 1175 3078 A.

662 3117 745 3159 Cap.
769 3128 831 3148 x1.1.

205 3183 307 3216 Num.
331 3193 354 3213 11
376 3187 453 3224 post
476 3181 563 3214 med.
588 3181 621 3212 in
647 3181 706 3211 illo
730 3197 752 3203 -·
775 3181 808 3211 in
832 3180 887 3211 illa
910 3180 950 3212 A.

256 3241 270 3255 ι
330 3236 366 3258 m
389 3227 446 3260 fin.
471 3226 500 3302 IS
512 3227 596 3302 er'girl.
620 3236 644 3256 ιι
670 3243 693 3250 -
716 3226 747 3256 A
768 3224 857 3256 Exo.
881 3232 920 3262 2,·
943 3224 985 3256 cf.
1003 3225 1161 3256 variantes
1179 3229 1287 3255 textus

661 3342 744 3383 Cap.
768 3351 844 3374 nn.

206 3406 307 3438 Num.
331 3416 365 3438 11.
389 3405 643 3448 distinguantur
656 3422 679 3427 -
696 3404 912 3444 distinguatur
927 3403 967 3436 A.
985 3403 1058 3433 Vid.
1082 3408 1170 3440 text„
1187 3408 1219 3434 et
1235 3403 1289 3434 hic

477 3455 554 3491 post
578 3449 702 3490 aliquas
726 3449 838 3481 lineas.

255 3509 269 3522 »
329 3502 375 3527 111.
399 3495 517 3527 melius
528 3500 578 3526 est
587 3499 748 3536 quantum
758 3493 866 3535 possit
881 3502 950 3524 esse
961 3511 983 3515 —
995 3493 1025 3523 A
1041 3501 1101 3532 pro
1117 3497 1288 3533 quantum,

479 3540 599 3580 siglum
630 3540 860 3580 aequivocum.
891 3537 941 3569 PS
968 3537 1086 3568 melius
1117 3543 1164 3567 est
1188 3546 1289 3577 quam

480 3585 584 3625 possit
608 3593 688 3616 esse.

335 3642 349 3656 ›
408 3629 440 3661 d.
465 3638 538 3660 xuv
559 3645 583 3652 ·—
605 3628 686 3659 APS
709 3628 741 3660 d.
765 3637 797 3667 4.
820 3646 844 3652 —-
867 3627 983 3658 Statim
1011 3635 1072 3667 pro
1097 3625 1289 3662 earundem,

479 3674 509 3704 A
533 3673 650 3704 falsum
675 3672 921 3713 compendium.

1346 3043 1446 3074 Num.

1345 3267 1446 3299 Num.

1619 2060 1869 2092 intellectualem
1888 2061 1985 2092 habet
2003 2060 2266 2102 ‚intelligibilem5
2289 2065 2320 2090 et
2335 2060 2356 2090 1.
2375 2069 2427 2099 27,

1618 2105 1763 2192 ἓῗὲἰιὲἓὶ
1790 2115 1808 2136 2
1836 2105 1858 2136 1.
1885 2105 1914 2142 3,
1947 2106 2182 2136 intellectuales
2215 2113 2276 2146 pro
2309 2104 2427 2135 intelli-

1397 2209 1411 2222 »
1472 2204 1534 2227 xiv.
1559 2195 1703 2225 Formae
1722 2195 1905 2226 intellectae
1921 2195 1954 2225 in
1976 2200 2051 2226 actu
2066 2213 2090 2218 -
2105 2193 2168 2225 Pro
2182 2194 2373 2229 intellectae,
2397 2193 2427 2223 A

1621 2238 1737 2275 int'les,
1782 2239 1807 2270 P
1843 2239 2087 2276 intellectuales,
2134 2239 2156 2269 S
2195 2237 2426 2280 intelligibiles,

1620 2283 1672 2317 Cf.
1696 2293 1730 2317 n.
1754 2294 1820 2320 xm,
1845 2290 1876 2315 et
1911 2284 1963 2315 hic
1995 2290 2070 2325 post
2101 2283 2181 2315 duas
2211 2284 2267 2315 lin.
2303 2282 2426 2313 intelle·

1619 2334 1701 2362 ctae.

1398 2387 1412 2400 ι
1472 2383 1523 2410 xv,
1553 2381 1564 2404 ι
1593 2374 1680 2406 med.
1706 2374 1785 2405 illae
1808 2383 1871 2406 res,
1887 2391 1910 2396 -
1926 2373 1981 2404 ΑΡ
2005 2374 2053 2403 bis
2070 2373 2126 2404 ille
2149 2373 2217 2403 sine
2234 2372 2424 2413 dipthongo.

1802 2444 1884 2486 Cap.
1909 2454 1979 2477 xm.

1347 2506 1448 2539 Num.
1471 2516 1514 2540 tv.
1539 2513 1570 2539 et
1593 2508 1655 2548 ipsi
1679 2508 1865 2549 intelligere
1888 2524 1910 2530 -
1933 2512 1964 2537 et
1987 2516 2053 2537 om.
2078 2506 2113 2539 P.

1788 2577 1869 2618 Cap.
1894 2587 1988 2609 xum.

1347 2641 1448 2674 Num.
1471 2651 1503 2674 v.
1527 2640 1769 2672 Aduertendum
1793 2649 1921 2681 quoque
1944 2639 2032 2680 quod
2048 2657 2069 2660 -
2084 2639 2172 2680 quod
2195 2648 2261 2669 om.
2285 2638 2374 2670 APS.

1781 2710 1863 2751 Cap.
1887 2721 1993 2742 vam.

1347 2776 1420 2808 Init.
1438 2775 1552 2816 primo
1583 2780 1615 2805 et
1631 2783 1695 2814 per
1725 2784 1759 2805 se
1776 2792 1795 2796 -
1829 2783 1893 2814 per
1923 2782 1989 2803 om.
2021 2773 2055 2803 P.
2079 2790 2102 2795 -
2125 2772 2216 2808 Item,
2240 2782 2251 2801 1
2270 2771 2336 2807 fin„
2360 2780 2420 2811 pro

1621 2818 1719 2856 Quod
1742 2819 1850 2855 etiam,
1875 2817 1976 2855 Quod
1999 2823 2118 2849 autem.

1346 2866 1447 2897 Num.
1470 2875 1516 2897 m.
1541 2864 1738 2905 impossibile
1761 2868 1808 2894 est
1829 2880 1851 2886 -
1875 2867 1922 2893 est
1945 2872 2010 2894 om.
2035 2862 2075 2894 A.

1395 2924 1409 2937 »
1468 2918 1512 2942 xv.
1535 2909 1669 2950 quando
1694 2907 1946 2949 unumquodque
1961 2925 1984 2930 —
2007 2908 2084 2947 quia
2107 2905 2369 2946 unumquodque
2385 2904 2420 2936 P.

1795 2978 1874 3019 Cap.
1901 2988 1982 3008 xmx.

1470 3053 1482 3073 1
1505 3041 1592 3073 med.
1616 3041 1656 3072 de
1679 3041 1737 3070 illa
1764 3049 1800 3070 re
1822 3058 1844 3062 —
1861 3049 1896 3069 re
1912 3048 1979 3071 om.
2003 3038 2037 3070 P.
2054 3055 2076 3059 —-
2099 3037 2141 3067 Et
2166 3042 2239 3077 post
2265 3041 2340 3066 octo
2363 3035 2418 3065 lin.

1616 3094 1676 3127 pro
1701 3090 1780 3116 nata
1803 3089 1880 3115 sunt
1902 3084 1972 3119 sibi,
1996 3088 2070 3113 nata
2093 3088 2168 3112 sunt
2191 3081 2247 3113 illi.

1473 3142 1518 3168 111,
1542 3142 1564 3171 4
1587 3130 1643 3162 fin.
1669 3129 1844 3170 respondet
1865 3146 1888 3150 -
1911 3126 2078 3168 respondit
2101 3126 2135 3157 P.

1814 3200 1896 3240 Cap.
1921 3209 1950 3230 L.

1471 3277 1504 3298 11.
1530 3266 1723 3306 inquantum
1747 3268 1795 3294 est
1818 3267 1893 3293 actu
1917 3279 1939 3283 -
1962 3261 2156 3300 inquantum
2173 3263 2220 3287 est
2244 3261 2332 3286 actus
2354 3254 2417 3287 AS.

1617 3308 1690 3340 Vid.
1714 3314 1791 3339 text.

1395 3370 1408 3383 »
1469 3366 1500 3392 v,
1527 3355 1557 3386 3.
1580 3353 1813 3395 significantur
1836 3369 1858 3373 -
1881 3351 2046 3390 signantur
2068 3347 2134 3378 ΑΡ.

1395 3415 1408 3428 »
1468 3410 1511 3436 w,
1538 3409 1568 3431 2.
1592 3408 1634 3429 ex
1657 3398 1679 3427 I
1699 3396 1842 3437 Metaph.
1866 3412 1889 3417 -
1913 3404 1954 3424 ex
1977 3403 2044 3424 om.
2067 3392 2102 3423 P.

1392 3459 1406 3472 »
1466 3455 1520 3476 vn.
1546 3449 1620 3474 ante
1643 3442 1729 3472 med.
1756 3442 1788 3471 in
1814 3441 1884 3470 Deo
1909 3443 1956 3468 est
1979 3438 2083 3468 virtus
2106 3453 2128 3458 —
2151 3439 2198 3465 est
2221 3443 2287 3465 om.
2311 3433 2374 3464 AS.

1547 3488 1603 3519 fin.
1629 3496 1694 3517 non
1719 3493 1919 3527 cognoscere
1950 3482 2037 3512 litem
2070 3497 2091 3503 —
2119 3489 2188 3510 non
2219 3487 2417 3519 cognoscere

1615 3532 1724 3562 lucem
1747 3530 1806 3561 PS.

1400 3594 1407 3605 ›
1467 3588 1523 3608 vm
1551 3577 1636 3608 med.
1677 3576 1709 3605 in
1749 3579 1901 3604 naturam
1934 3570 2016 3601 entis
2046 3588 2068 3592 —
2099 3570 2126 3599 is
2156 3573 2303 3598 naturam
2336 3567 2418 3597 entis

1615 3620 1702 3651 APS.

1548 3675 1628 3695 vers.
1654 3663 1709 3695 fin.
1735 3663 1767 3692 in
1792 3664 1972 3692 commento
1997 3659 2035 3690 51
2057 3676 2081 3680 -
2103 3658 2136 3688 in
2162 3667 2247 3689 com.
2274 3657 2314 3687 52
2331 3656 2366 3687 P.
