2768 4134
0 1361 3 1368 ,
0 1317 4 1334 .-.
0 1124 8 1302 «-Ἲν-κνεμ-.-«
0 1050 5 1109 qn„

0 2237 6 2323 wrm-⁷„
0 2082 10 2222 ‚nv-W
0 1946 14 2077 ‘ffl-
0 1569 17 1942 ww-

0 3371 7 3443 7—
0 3317 11 3360 '⁷³⁷

0 3679 2 3691 -v
0 3650 6 3669 -μ
0 3529 7 3635 manv-rw

63 3295 253 3323 'Art-4‚ad4.

762 276 951 313 SUMMA
980 277 1202 315 CONTRA
1231 278 1506 324 GENTILES,
1534 279 1629 316 LIB.
1651 280 1692 324 ΙΙ,
1723 279 1834 316 CAP.
1855 281 2044 317 LXXVII.

359 354 481 385 Dicunt
504 354 661 391 secundo,
693 354 784 395 quod
816 365 853 386 ex
882 356 942 386 ista
972 356 1132 387 obiectiva
1162 357 1375 388 illustratione

302 399 449 439 splendet
470 404 567 439 atque
598 400 721 430 relucet
743 400 776 429 in
799 401 1038 440 phantasmate,
1063 411 1128 431 non
1160 406 1262 432 totum
1289 402 1376 442 quod

303 448 352 474 est
374 444 406 473 in
432 453 480 480 σο,
504 444 561 474 sed
583 444 747 484 quidditas
763 449 794 474 et
817 450 937 475 natura
962 451 1098 482 tantum,
1119 451 1150 475 et
1172 456 1238 476 non
1262 446 1375 487 singu—

305 488 422 518 laritas
445 488 535 519 illius
558 489 587 518 ei
614 489 808 519 coniuncta:
832 490 878 519 ita
905 490 992 530 quod
1016 491 1078 520 ista
1109 490 1306 520 illuminatio
1331 496 1378 521 est

304 533 511 569 abstractiva,
536 533 613 573 quia
628 534 720 574 facit
742 543 902 573 apparere
925 545 1025 564 unum
1049 540 1080 565 et
1102 544 1167 565 non
1192 535 1293 565 aliud.

361 577 486 608 Dicitur
501 579 607 614 tertio,
622 578 713 618 quod
723 588 788 618 per
801 579 863 608 hoc
877 579 1023 618 splendet
1037 580 1070 609 in
1080 580 1311 619 phantasmate
1327 579 1376 609 in·

305 622 474 663 telligibile
486 623 518 652 in
536 627 621 658 actu,
634 623 758 653 scilicet
773 628 894 653 natura
906 624 1096 654 abstrahens
1108 624 1147 654 ab
1163 624 1216 654 hic
1227 629 1258 654 et
1273 633 1360 654 nunc
1365 630 1377 660 ,·

304 671 336 696 et
358 667 424 697 tale
447 667 652 708 intelligibile
676 667 708 697 in
738 672 812 697 actu
837 673 943 698 movet
965 668 1161 698 intellectum
1178 668 1375 708 possibilem.

360 711 456 742 Unde
471 711 585 742 dicunt
604 711 695 751 quod
715 712 896 742 intellectus
918 722 1021 754 agens
1035 713 1127 754 facit
1143 713 1377 753 phantasmata

305 755 525 798 intelligibilia
550 756 582 786 in
607 761 693 792 actu,
711 757 903 797 inquantum
917 758 1010 799 facit
1025 757 1230 798 intelligibile
1253 759 1285 788 in
1302 763 1376 788 actu

305 799 338 830 in
358 801 596 841 phantasmate,
619 811 683 842 per
711 801 841 831 modum
869 802 1109 837 abstractionis,
1131 802 1228 842 prius
1256 808 1376 833 natura

304 855 401 887 quam
415 846 484 887 fiat
505 846 626 886 species
649 846 864 887 intelligibilis
887 846 920 876 in
945 846 1120 876 intellectu.

363 900 392 921 2.
404 891 546 921 Probant
561 896 668 920 autern
685 891 769 920 hanc
785 891 984 930 positionem
1000 900 1039 921 ex
1054 890 1147 921 dictis
1164 890 1272 921 Sancti
1288 891 1378 921 Tho-

304 945 387 966 mae.
411 935 532 971 Primo,
556 935 633 975 quia
655 935 689 965 in
712 935 777 965 hoc
801 935 906 975 capite
929 935 999 966 vult
1022 934 1113 974 quod
1137 935 1170 965 in
1193 935 1305 965 anima
1329 936 1378 965 in-

305 980 466 1011 tellectiva
489 984 537 1010 est
559 979 662 1010 virtus
685 979 793 1010 activa
810 980 843 1009 in
854 980 1096 1019 phantasmata,
1112 979 1247 1020 faciens
1267 989 1307 1010 ea
1330 981 1378 1010 in-

305 1025 489 1066 telligibilia
513 1029 606 1060 actu;
622 1029 654 1054 et
670 1023 761 1063 quod
780 1024 866 1054 actio
884 1024 1064 1054 intellectus
1079 1024 1208 1065 agentis
1228 1025 1261 1054 in
1271 1025 1379 1064 phan-

306 1074 445 1100 tasmata
469 1068 641 1109 praecedit
670 1069 886 1108 receptionem
917 1068 1099 1099 intellectus
1124 1069 1300 1109 possibilis.
1331 1069 1380 1099 Ex

305 1115 424 1156 quibus
446 1113 574 1144 videtur
595 1112 680 1143 velle
703 1112 795 1152 quod
816 1113 852 1142 in
873 1113 946 1152 ipso
966 1113 1189 1153 phantasmate
1211 1114 1301 1153 prius
1323 1113 1379 1144 fiat

303 1158 505 1198 intelligibile
528 1159 562 1188 in
577 1163 652 1188 actu
668 1166 767 1197 quam
790 1157 914 1197 species
929 1157 1137 1198 intelligibilis
1155 1158 1190 1188 in
1212 1158 1379 1189 intellectu

303 1203 452 1245 possibili
473 1202 540 1233 fiat.

361 1246 524 1283 Secundo,
541 1246 619 1286 quia
633 1246 667 1276 in
683 1245 747 1276 hoc
759 1245 878 1276 eodem
889 1245 972 1276 libro
985 1246 1142 1285 superius,
1159 1255 1229 1286 cap.
1246 1257 1320 1282 an,
1336 1247 1380 1276 ait

305 1292 397 1334 quod
407 1291 598 1323 Aristoteles
613 1290 760 1320 attribuit
776 1290 952 1320 intellectui
961 1290 1111 1330 possibili
1119 1290 1194 1330 pati
1209 1291 1248 1320 ab
1261 1291 1380 1321 intelli-

304 1336 597 1379 gibilisis‘uscipere
612 1335 732 1375 species
749 1334 980 1375 intelligibiles,
998 1340 1029 1365 et
1044 1344 1112 1365 esse
1127 1335 1160 1365 in
1171 1335 1321 1375 potentia
1337 1335 1380 1366 ad

305 1389 382 1412 eas:
405 1381 458 1411 ubi
476 1385 569 1421 patet
591 1379 679 1420 quod
701 1379 822 1419 species
838 1379 1059 1420 intelligibiles
1073 1379 1188 1409 dividit
1203 1380 1243 1410 ab
1259 1380 1379 1410 intelli-

303 1426 398 1468 gibili
414 1426 447 1456 in
465 1430 540 1456 actu
546 1431 559 1461 ‚·
579 1434 645 1454 non
662 1424 748 1454 enim
758 1423 831 1463 pati
841 1428 951 1463 potest
966 1424 1147 1454 intellectus
1162 1424 1202 1454 ab
1223 1424 1379 1465 intelligi-

304 1471 362 1501 bili
386 1470 449 1500 nisi
472 1470 505 1500 in
522 1473 608 1499 actu.
625 1468 667 1498 Et
681 1469 728 1498 sic
745 1472 875 1507 oportet
890 1468 922 1497 in
939 1468 1162 1507 phantasmate
1178 1477 1247 1498 esse
1261 1469 1379 1499 intelli-

303 1514 402 1556 gibile
416 1515 451 1544 in
475 1519 550 1544 actu
566 1518 741 1552 antequam
756 1513 880 1552 species
904 1510 959 1541 fiat
981 1512 1015 1542 in
1038 1512 1205 1542 intellectu
1221 1513 1377 1552 possibili.

361 1558 484 1594 Tertio,
501 1558 578 1597 quia
600 1557 634 1586 in
651 1556 716 1594 Qu.
734 1555 774 1586 de
789 1556 918 1590 Anima,
935 1561 992 1585 art.
1013 1557 1064 1592 15,
1081 1555 1199 1586 dicitur
1222 1556 1313 1596 quod
1329 1557 1378 1586 in-

305 1603 452 1634 tellectus
474 1610 587 1642 agens,
599 1610 664 1641 per
679 1600 914 1640 phantasmata
928 1600 1028 1640 facta
1047 1600 1087 1630 ab
1103 1609 1141 1630 eo
1159 1600 1378 1641 intelligibilia

303 1647 338 1677 in
363 1651 448 1682 actu,
473 1649 590 1676 causat
609 1644 780 1674 scientiam
809 1644 844 1673 in
876 1643 1039 1674 intellectu
1057 1644 1217 1683 possibili.
1243 1644 1292 1674 Ex
1313 1645 1378 1674 hoc

303 1691 392 1722 enim
416 1690 505 1720 dicto
528 1694 662 1729 apparet
677 1688 768 1728 quod
791 1688 825 1718 in
848 1687 1072 1727 phantasmate
1091 1689 1180 1727 prius
1202 1687 1239 1718 fit
1260 1689 1379 1719 intelli-

302 1734 400 1777 gibile
415 1735 450 1765 in
466 1739 541 1764 actu
557 1741 657 1773 quam
672 1733 806 1763 scientia
820 1732 855 1762 in
870 1731 1037 1762 intellectu
1055 1732 1203 1772 possibili
1219 1738 1377 1763 causetur.

359 1779 413 1810 vl.
439 1778 503 1809 Sed
525 1778 586 1808 ista
607 1777 729 1817 positio
752 1786 821 1807 non
844 1775 971 1806 videtur
992 1776 1073 1806 mihi
1095 1785 1206 1816 neque
1223 1776 1264 1807 ad
1286 1787 1378 1807 men-

302 1828 371 1855 tem
393 1823 504 1854 Sancti
526 1822 677 1852 Thomae
701 1830 781 1857 esse,
804 1830 915 1861 neque
938 1820 1120 1851 secundum
1142 1830 1177 1851 se
1200 1830 1270 1851 esse
1293 1831 1377 1852 vera.

301 1868 414 1900 Primo
437 1868 536 1903 enim,
561 1866 727 1906 quaeritur
755 1864 836 1905 quid
865 1865 1054 1905 intelligitur
1078 1874 1138 1905 per
1159 1874 1320 1905 apparere
1343 1866 1376 1896 in

297 1913 530 1955 phantasmate
554 1915 708 1941 naturam
737 1914 770 1940 et
799 1919 865 1939 non
894 1909 965 1939 eius
993 1909 1284 1950 singularitatem?
1310 1910 1379 1941 Aut

304 1957 393 1988 enim
423 1957 490 1987 hoc
520 1961 568 1985 est
597 1955 707 1994 ipsum
738 1954 930 1994 phantasma
958 1959 1197 1993 repraesentare
1230 1960 1378 1985 naturam

303 2002 427 2041 absque
450 1999 684 2040 singularitate;
715 2004 771 2028 aut
797 1998 906 2038 ipsum
933 1997 1124 2037 phantasma
1146 1998 1264 2029 habere
1287 1999 1322 2029 in
1344 2008 1378 2029 se

303 2050 453 2077 naturam
476 2048 688 2084 apparentem
711 2048 744 2073 et
766 2042 1023 2082 cognoscibilem
1049 2042 1119 2072 sine
1143 2043 1378 2082 singularitate3

304 2095 361 2121 aut
382 2094 531 2120 naturam
555 2087 713 2128 cognosci
736 2096 813 2117 cum
835 2086 891 2116 tali
914 2086 1128 2117 abstractione
1147 2087 1187 2117 ab
1210 2087 1379 2118 intellectu

303 2135 338 2165 in
353 2143 388 2165 re
403 2133 557 2174 singulari
572 2141 657 2172 quae
672 2141 730 2171 per
744 2131 935 2171 phantasma
950 2137 1216 2171 repraesentatur.
1232 2132 1378 2162 Primum

302 2188 373 2210 non
392 2183 500 2219 potest
516 2177 593 2208 dari.
609 2176 707 2214 Quia,
724 2181 1028 2216 quantumcumque
1044 2176 1236 2216 phantasma
1255 2177 1377 2207 clarum

302 2224 344 2254 sit
367 2229 399 2254 et
421 2223 627 2257 illustratum,
651 2230 780 2261 semper
795 2220 891 2250 estin
915 2230 1039 2260 organo
1063 2220 1235 2260 corporali,
1256 2227 1287 2252 et
1309 2230 1378 2251 ma-

302 2267 456 2299 terialiter
470 2276 508 2297 ac
531 2265 771 2296 individualiter
794 2270 1021 2305 repraesentat.
1037 2281 1061 2286 —
1076 2265 1266 2296 Secundum
1282 2266 1378 2296 etiam

302 2317 437 2354 apparet
459 2310 578 2342 falsum
594 2319 674 2340 esse.
691 2309 778 2348 Quia
792 2315 917 2346 natura,
933 2309 1009 2340 licet
1031 2310 1072 2340 sit
1086 2310 1122 2340 in
1143 2309 1325 2346 individuo,
1341 2315 1378 2340 ut

301 2357 405 2399 possit
419 2357 454 2387 in
476 2357 550 2396 ipso
565 2354 737 2385 individuo
754 2353 950 2384 considerari
964 2363 1023 2394 per
1037 2354 1238 2385 intellectum
1254 2355 1377 2394 absque

302 2401 546 2433 conditionibus
562 2398 824 2434 individualibus,
837 2407 905 2429 non
917 2403 1026 2429 tamen
1042 2403 1091 2429 est
1104 2398 1139 2429 in
1154 2399 1377 2439 phantasmate

301 2445 480 2477 formaliter
503 2442 685 2475 secundum
701 2452 798 2473 suum
813 2443 959 2473 naturale
982 2452 1062 2479 esse,
1078 2448 1116 2473 ut
1138 2444 1242 2484 possit
1254 2444 1288 2474 in
1308 2444 1379 2484 ipsa

301 2496 416 2522 natura
438 2488 670 2529 phantasmatis
693 2487 888 2518 considerari
911 2493 1026 2518 natura
1048 2488 1236 2518 universalis
1260 2489 1379 2518 abstra-

302 2536 397 2571 ctive,
422 2542 507 2574 quae
528 2533 694 2563 invenitur
715 2532 751 2562 in
773 2531 927 2572 singulari
949 2541 1008 2572 per
1036 2532 1228 2572 phantasma
1250 2542 1378 2572 reprae-

301 2585 446 2610 sentato:
470 2577 528 2608 sed
543 2583 591 2608 est
614 2582 741 2608 tantum
755 2577 802 2606 ibi
823 2578 1094 2616 repraesentativa
1117 2586 1194 2608 cum
1217 2577 1378 2607 conditio-

301 2624 398 2655 nibus
420 2622 676 2664 particularibus.
699 2621 777 2652 Non
793 2622 882 2651 enim
905 2621 939 2651 in
962 2622 1186 2661 phantasmate
1210 2621 1312 2652 Sortis
1331 2626 1379 2651 est

302 2668 486 2700 humanitas
497 2667 560 2697 nisi
571 2666 851 2707 repraesentative,
863 2666 1058 2705 inquantum
1070 2671 1288 2707 repraesentat
1303 2665 1379 2696 Sor-

301 2718 379 2750 tem,
395 2713 430 2743 in
453 2721 522 2752 quo
538 2717 586 2742 est
608 2711 802 2742 humanitas.
818 2728 841 2732 —
857 2710 892 2741 Si
906 2716 1016 2741 autem
1032 2710 1126 2741 detur
1140 2711 1282 2747 tertium,
1298 2715 1377 2740 tunc

301 2756 505 2798 impossibile
527 2761 576 2787 est
598 2755 689 2796 quod
711 2756 801 2795 prius
824 2760 939 2785 natura
960 2755 1001 2785 sit
1022 2755 1223 2795 intelligibile
1246 2756 1281 2785 in
1304 2759 1379 2785 actu

303 2811 404 2843 quam
425 2801 551 2842 species
573 2801 614 2831 sit
636 2801 671 2830 in
700 2799 867 2840 intellectu
894 2799 1051 2839 possibili.
1082 2799 1266 2830 Intellectus
1289 2799 1378 2830 enim

302 2846 383 2878 nihil
407 2845 578 2886 cognoscit
594 2845 658 2875 nisi
681 2853 740 2884 per
754 2844 897 2884 aliquam
921 2844 1064 2883 speciem
1079 2844 1329 2884 intelligibilem:
1347 2848 1379 2873 et

302 2891 349 2921 sic
372 2894 504 2931 oportet
525 2889 615 2930 prius
629 2893 745 2919 natura
765 2887 969 2918 intellectum
993 2897 1062 2919 esse
1081 2893 1247 2919 actuatum
1269 2888 1378 2928 specie

302 2934 507 2975 intelligibili,
527 2943 627 2974 quam
647 2937 826 2973 cognoscat
844 2937 993 2962 naturam
1011 2933 1134 2972 absque
1149 2933 1377 2973 singularitate.

302 2979 403 3011 Nullo
427 2988 505 3019 ergo
529 2977 631 3008 modo
658 2982 767 3018 potest
797 2977 911 3007 salvari
933 2977 1004 3007 talis
1034 2977 1204 3008 illustratio
1227 2977 1379 3017 phantas-

302 3024 397 3055 matis
421 3023 590 3059 obiecfiva,
615 3028 647 3053 et
668 3022 846 3052 relucentia
860 3026 994 3052 naturae
1009 3022 1196 3052 universalis
1219 3022 1254 3052 in
1276 3022 1378 3062 phan-

301 3073 449 3105 tasmate,
473 3077 550 3098 cum
573 3067 627 3097 illa
650 3067 815 3107 prioritate
830 3071 974 3102 naturae,
990 3071 1027 3096 ut
1041 3066 1122 3096 haec
1137 3067 1258 3106 positio
1273 3067 1378 3106 ponit.

359 3112 524 3144 Secundo.
547 3111 624 3142 Non
652 3111 769 3142 dicitur
790 3111 940 3141 illustrari
966 3110 1059 3141 color
1084 3111 1245 3141 obiective
1268 3115 1300 3141 et
1322 3120 1378 3151 ap-

303 3167 416 3198 parere
435 3163 509 3188 actu
525 3166 584 3197 per
598 3157 721 3193 lumen,
737 3156 799 3186 nisi
815 3155 892 3195 quia
907 3163 966 3195 per
986 3155 1099 3185 lumen
1114 3154 1151 3185 fit
1173 3160 1291 3195 potens
1305 3165 1378 3185 mo-

301 3211 379 3233 vere
402 3202 519 3238 visum,
537 3207 569 3232 et
591 3202 638 3232 sic
661 3200 779 3232 deinde
801 3200 965 3230 actionem
987 3199 1119 3230 videndi
1142 3200 1301 3230 obiective
1316 3205 1379 3230 ter-

301 3247 443 3278 minare:
467 3252 505 3277 ut
527 3246 663 3277 habetur
686 3255 724 3276 ex
747 3245 823 3275 loco
854 3244 991 3283 allegato
1015 3244 1164 3284 superius
1190 3245 1226 3275 in
1249 3244 1315 3282 Qu.
1339 3244 1379 3274 de

303 3291 424 3322 Anima
439 3292 466 3321 ἦ
491 3291 589 3331 Ergo,
613 3291 640 3321 si
663 3295 804 3330 ponatur
819 3290 1012 3329 phantasma
1034 3288 1184 3319 illustrari
1207 3289 1378 3324 obiective‚

305 3341 338 3366 et
360 3341 435 3366 actu
458 3344 612 3376 apparere
635 3341 784 3365 naturam
806 3335 840 3364 in
862 3334 935 3373 ipso
960 3334 1044 3363 sicut
1059 3333 1151 3363 color
1173 3333 1207 3363 in
1229 3343 1263 3363 re
1287 3333 1377 3363 colo·-

304 3385 382 3416 rata,
405 3380 471 3410 hoc
492 3380 574 3411 nihil
597 3379 685 3410 aliud
709 3380 767 3409 erit
792 3388 890 3418 quam
906 3378 1096 3420 phantasma
1114 3387 1172 3417 per
1194 3377 1306 3408 lumen
1329 3378 1378 3407 in-

304 3424 452 3455 tellectus
475 3434 572 3465 posse
596 3434 727 3455 causare
750 3424 893 3463 speciem
923 3424 957 3453 in
986 3422 1162 3458 intellectu,
1187 3430 1286 3461 quam
1309 3422 1378 3452 sine

304 3468 471 3499 intellectu
488 3474 602 3509 agente
616 3478 746 3499 causare
762 3478 829 3498 non
846 3472 963 3508 potest,
988 3472 1019 3497 et
1034 3467 1079 3496 sic
1102 3471 1260 3502 naturam,
1278 3475 1378 3506 quam

306 3512 385 3543 dicis
407 3513 442 3542 in
463 3513 537 3553 ipso
561 3523 715 3553 apparere
739 3522 845 3553 posse,
869 3518 1024 3552 tanquam
1052 3511 1218 3541 obiectum
1241 3511 1377 3541 actionis

303 3556 520 3588 intellectivae
544 3559 710 3599 cognosci.
741 3558 818 3587 Non
842 3562 951 3587 autem
980 3556 1038 3586 erit
1063 3556 1099 3585 in
1125 3555 1198 3595 ipso
1223 3563 1376 3594 apparere

304 3606 454 3632 naturam
476 3602 692 3633 universalem
715 3602 804 3642 prius
833 3607 947 3632 natura
963 3609 1062 3640 quam
1081 3599 1204 3639 species
1228 3605 1377 3630 causetur

305 3646 341 3676 in
362 3646 529 3677 intellectu
551 3647 713 3686 possibili:
739 3651 776 3676 ut
798 3645 882 3676 dicta
905 3645 1025 3686 positio
1049 3643 1151 3683 fingit.

2423 296 2495 332 491

1484 358 1533 388 Ea
1556 363 1665 388 autem
1690 359 1807 398 quibus
1822 358 1920 390 dicta
1946 360 2067 400 positio
2095 360 2316 399 confirmatur,
2339 361 2434 393 facile
2457 368 2504 394 est

1429 402 1564 433 solvere.
1588 403 1641 433 Ad
1663 404 1805 443 primum
1822 404 1956 444 quidem
1972 404 2089 435 dicitur
2109 405 2200 445 quod
2222 415 2282 446 per
2302 407 2502 439 intellectum

1430 452 1579 486 agentem
1611 448 1726 487 utique
1752 449 1843 487 prius
1870 454 1994 486 natura,
2019 454 2051 479 et
2082 450 2178 480 etiam
2208 451 2296 490 prius
2323 451 2503 489 duratione,

1429 491 1653 531 phantasmata
1683 491 1767 522 fiunt
1796 493 2009 533 intelligibilia
2036 499 2110 525 actu
2141 504 2240 534 quam
2271 496 2394 536 species
2423 498 2504 528 reci-

1429 536 1559 575 piantur
1574 535 1607 565 in
1630 536 1797 567 intellectu
1820 537 1982 576 possibili:
2006 547 2075 568 non
2099 545 2219 576 autem,
2242 546 2279 570 ut
2300 540 2360 570 ista
2382 542 2502 581 positio

1430 585 1529 615 tenet,
1553 589 1611 619 per
1632 580 1844 611 relucentiam
1867 587 1999 612 naturae
2015 583 2202 614 universalis
2225 585 2259 615 in
2282 585 2504 625 phantasmate

1431 625 1553 663 absque
1571 624 1800 664 singularitate,
1817 625 1874 656 sed
1887 626 1990 657 modo
2004 628 2060 666 qui
2072 627 2205 659 inferius
2218 630 2234 645 ³*
2251 630 2470 669 explicabitur.
2480 648 2504 653 —

1430 668 1473 699 Et
1495 668 1640 699 similiter
1663 669 1781 700 dicitur
1804 670 1844 700 ad
1868 670 2048 701 secundum
2079 678 2110 702 et
2133 673 2173 703 ad
2199 674 2340 704 tertium.
2364 674 2448 705 Nam
2472 680 2504 705 et

1430 713 1654 753 phantasmata
1676 714 1761 744 fiunt
1788 720 1862 744 actu
1885 715 2106 755 intelligibilia,
2132 723 2163 747 et
2186 718 2310 757 species
2334 719 2504 750 existentes

1431 758 1466 787 in
1480 758 1647 789 intellectu
1664 765 1739 790 sunt
1755 765 1828 789 actu
1844 759 2075 799 intelligibiles:
2094 761 2149 791 sed
2169 762 2232 792 alio
2257 768 2288 792 et
2311 762 2374 793 alio
2390 763 2503 800 modo,

1431 807 1468 832 ut
1491 803 1688 834 ostendetur.

1487 847 1556 878 V11.
1580 848 1719 878 Remota
1744 857 1822 888 ergo
1838 848 1898 878 hac
1914 857 2000 878 nova
2023 848 2222 885 inventione,
2247 850 2336 880 aliter
2359 851 2449 887 mihi,
2466 861 2505 882 ex

1432 890 1579 922 doctrina
1595 892 1704 923 Sancti
1720 892 1880 928 Thomae,
1896 892 2161 932 respondendum
2179 895 2328 924 occurrit.
2345 895 2396 924 Ad
2413 896 2505 926 cuius

1433 935 1637 973 evidentiam,
1651 936 1924 967 considerandum
1940 942 1988 967 est
2003 937 2104 977 quod,
2121 947 2198 968 cum
2214 938 2418 979 intelligibile
2430 949 2505 979 pro-

1431 981 1501 1020 prie
1516 982 1666 1012 nominet
1681 982 1848 1012 obiectum
1863 981 2056 1018 intellectus,
2073 982 2157 1012 sicut
2173 983 2323 1013 sensibile
2340 983 2506 1015 obiectum

1432 1033 1556 1062 sensus,
1588 1026 1790 1066 intelligibile
1821 1026 1928 1065 primo
1954 1031 1984 1056 et
2014 1035 2073 1066 per
2101 1036 2136 1057 se
2164 1027 2246 1057 illud
2275 1027 2393 1058 dicitur
2416 1028 2506 1067 quod

1432 1069 1539 1109 primo
1564 1075 1596 1100 et
1611 1080 1669 1110 per
1684 1080 1719 1100 se
1743 1076 1791 1101 est
1807 1070 1972 1101 obiectum
1989 1076 2021 1101 et
2036 1072 2192 1102 terminus
2208 1077 2298 1102 actus
2313 1072 2506 1104 intellectus.

1432 1113 1633 1145 Secundario
1657 1120 1767 1145 autem
1791 1114 1908 1145 dicitur
1930 1115 2131 1155 intelligibile
2154 1116 2187 1146 id
2205 1115 2296 1156 quod
2319 1116 2359 1146 ad
2381 1117 2506 1148 intelle-

1433 1158 1576 1189 ctionem
1600 1159 1809 1198 intelligibilis
1832 1164 1987 1199 tanquam
2018 1159 2141 1199 aliquid
2172 1161 2241 1191 eius
2265 1161 2441 1192 ordinatur.
2466 1162 2508 1192 Et

1433 1203 1509 1242 quia
1525 1203 1649 1243 species
1665 1204 1710 1234 rei
1725 1203 1933 1243 intelligibilis
1950 1205 2088 1235 existens
2108 1205 2142 1234 in
2165 1205 2340 1242 intellectu,
2358 1211 2390 1236 et
2403 1206 2507 1246 phan-

1432 1252 1535 1278 tasma
1558 1248 1638 1284 eius,
1662 1254 1710 1278 est
1733 1248 1856 1287 aliquid
1878 1249 1979 1288 ipsius
2001 1249 2219 1288 intelligibilis,
2242 1250 2436 1289 inquantum
2460 1257 2507 1281 est

1433 1291 1502 1322 eius
1532 1292 1723 1329 similitudo,
1753 1293 1838 1322 sicut
1865 1298 1896 1322 et
1923 1294 2033 1332 imago
2062 1293 2212 1324 Herculis
2240 1293 2357 1324 dicitur
2384 1295 2507 1335 aliquid

1431 1336 1593 1373 Herculis,
1602 1355 1624 1359 —
1636 1337 1760 1376 species
1773 1336 1906 1376 quidem
1918 1343 1955 1367 ut
1965 1338 2233 1377 repraesentativa
2240 1344 2373 1368 naturae
2385 1339 2507 1380 absque

1432 1380 1677 1412 conditionibus
1707 1381 1935 1418 materialibus,
1959 1382 2149 1421 phantasma
2179 1388 2288 1413 autem
2315 1388 2352 1413 ut
2380 1393 2507 1424 reprae-

1431 1426 1628 1456 sentativum
1653 1426 1798 1456 eiusdem
1823 1435 1899 1456 cum
1922 1426 2141 1457 materialibus
2165 1427 2409 1458 conditionibus
2430 1445 2454 1450 —
2477 1434 2509 1458 et

1432 1474 1610 1509 utrumque
1625 1469 1793 1500 ordinatur
1809 1469 1848 1500 ad
1865 1471 1934 1500 eius
1956 1470 2228 1501 intellectionem:
2245 1471 2320 1502 ideo
2337 1477 2369 1502 et
2384 1473 2509 1512 species

1432 1523 1517 1553 quae
1541 1519 1589 1544 est
1611 1514 1646 1544 in
1669 1514 1847 1550 intellectu,
1865 1520 1896 1544 et
1912 1515 2111 1554 phantasma,
2129 1515 2281 1546 dicuntur
2296 1516 2510 1556 intelligibilia

1431 1557 1639 1593 secundario;
1657 1558 1921 1598 unumquodque
1936 1565 2045 1590 tamen
2068 1569 2128 1590 suo
2153 1559 2265 1596 modo,
2290 1561 2414 1600 species
2437 1562 2509 1601 qui-

1433 1601 1508 1632 dem
1531 1602 1740 1641 intelligibilis
1764 1608 1800 1633 ut
1823 1608 1914 1632 actus
1938 1609 1969 1633 et
1992 1602 2097 1634 forma
2119 1613 2177 1643 per
2201 1613 2300 1643 quam
2326 1605 2509 1636 intellectus

1430 1646 1591 1685 intelligit,
1614 1647 1806 1685 phantasma
1830 1652 1939 1676 autem
1962 1653 1999 1678 ut
2028 1648 2281 1678 instrumentum
2309 1650 2510 1680 causativum

1431 1690 1553 1729 speciei
1575 1690 1794 1729 intelligibilis.
1819 1691 1861 1720 Et
1876 1691 1958 1721 sicut
1982 1692 2148 1722 obiectum
2172 1691 2288 1722 dicitur
2310 1693 2510 1734 intelligibile

1431 1734 1466 1764 in
1486 1734 1634 1774 potentia
1656 1741 1712 1765 aut
1727 1736 1761 1765 in
1781 1740 1865 1770 actu,
1882 1735 1926 1765 ita
1942 1736 2344 1775 proportionabiliter-ista
2360 1737 2511 1768 dicuntur

1431 1778 1646 1819 intelligibilia
1668 1779 1702 1809 in
1725 1780 1872 1819 potentia
1896 1785 1951 1810 aut
1973 1780 2008 1810 in
2031 1785 2115 1816 actu,
2140 1790 2201 1810 suo
2224 1781 2338 1811 modo.

1489 1822 1577 1854 Cum
1609 1828 1720 1854 autem
1748 1823 1815 1854 duo
1842 1824 2026 1864 pertineant
2056 1824 2096 1855 ad
2126 1826 2293 1856 obiectum
2328 1826 2512 1856 intellectus

1431 1868 1544 1904 nostri,
1568 1868 1652 1898 sicut
1668 1873 1700 1898 et
1723 1867 1763 1898 ad
1786 1868 1953 1899 obiectum
1977 1878 2100 1906 sensus,
2124 1869 2247 1900 scilicet
2268 1879 2402 1900 movere
2417 1870 2511 1901 intel-

1431 1911 1554 1942 lectum
1578 1911 1743 1942 causando
1760 1912 1792 1942 in
1809 1913 1882 1952 ipso
1902 1922 1994 1943 suam
2018 1913 2274 1950 similitudinem,
2291 1920 2323 1944 et
2337 1914 2510 1945 terminare

1431 1961 1542 1986 actum
1566 1956 1778 1996 intelligendi,
1803 1956 1975 1997 dupliciter
1992 1963 2101 1997 potest
2124 1958 2188 1988 dici
2211 1959 2319 1998 ipsum
2344 1959 2510 1989 obiectum

1431 2000 1633 2040 intelligibile
1656 2001 1689 2031 in
1713 2002 1874 2040 potentia:
1899 2007 1955 2032 aut
1977 2002 2100 2032 scilicet
2122 2003 2199 2043 quia
2221 2012 2291 2033 non
2315 2003 2412 2033 habet
2435 2009 2509 2034 actu

1420 2044 1520 2092 ‘unde
1547 2045 1651 2085 possit
1678 2046 1827 2085 proxime
1854 2055 1988 2076 movere
2014 2046 2226 2083 intellectum,
2251 2052 2307 2077 aut
2334 2048 2411 2087 quia
2440 2057 2510 2078 non

1431 2089 1528 2120 habet
1544 2095 1619 2120 actu
1635 2089 1723 2120 unde
1739 2090 1842 2130 possit
1857 2090 2030 2120 terminare
2045 2091 2312 2128 intellectionem,
2329 2091 2385 2122 sed
2399 2097 2510 2123 tamen

1430 2139 1608 2174 utrumque
1632 2139 1740 2174 potest
1763 2134 1891 2165 habere.
1917 2135 1958 2165 Et
1980 2134 2045 2165 hoc
2067 2136 2221 2166 convenit
2244 2136 2303 2166 sibi
2327 2136 2508 2167 secundum

1431 2178 1523 2217 quod
1542 2188 1612 2209 esse
1634 2179 1799 2209 materiale
1815 2185 1848 2209 et
1871 2179 2032 2219 singulare
2055 2180 2152 2210 habet
2167 2181 2200 2210 in
2217 2181 2313 2210 rebus
2330 2186 2416 2210 extra
2439 2182 2508 2211 ani-

1430 2232 1529 2253 mam.
1554 2223 1641 2254 Cum
1665 2224 1753 2254 enim
1777 2223 1960 2254 intellectus
1986 2224 2026 2254 sit
2056 2224 2285 2261 immaterialis,
2309 2234 2378 2255 non
2400 2230 2510 2264 potest

1430 2267 1596 2298 immutari
1610 2268 1672 2297 nisi
1688 2268 1728 2298 ab
1745 2277 1786 2298 eo
1803 2267 1895 2307 quod
1914 2268 2058 2307 aliquem
2077 2268 2215 2299 modum
2231 2269 2509 2300 immaterialitatis

1431 2311 1544 2348 habet3
1561 2321 1671 2352 neque
1687 2313 1784 2342 etiam
1801 2317 1910 2352 potest
1924 2312 1987 2342 nisi
2003 2312 2044 2343 ad
2058 2313 2270 2344 immateriale
2287 2323 2344 2343 sua
2361 2315 2509 2353 operatio

1432 2356 1540 2396 primo
1563 2357 1738 2387 terminari.
1753 2374 1777 2378 —
1792 2356 1985 2387 Phantasma
2000 2362 2120 2393 autem,
2137 2362 2174 2388 ut
2189 2357 2368 2388 similitudo
2392 2358 2509 2389 intelli-

1432 2401 1538 2441 gibilis
1560 2400 1810 2438 individualiter,
1824 2401 1990 2432 ordinatur
2014 2401 2054 2432 ad
2077 2402 2344 2439 intellectionem,
2360 2411 2428 2432 non
2451 2412 2510 2443 per

1432 2445 1571 2476 modum
1601 2446 1722 2476 obiecti
1753 2447 1954 2476 terminantis
1984 2452 2094 2477 actum
2122 2446 2334 2486 intelligendi,
2365 2446 2421 2477 sed
2451 2457 2510 2487 per

1431 2490 1571 2521 modum
1594 2491 1717 2530 agentis
1740 2491 1773 2520 in
1797 2491 2001 2521 intellectum
2017 2497 2048 2522 et
2064 2492 2224 2522 causantis
2240 2492 2395 2531 speciem,
2412 2492 2508 2522 simul

1433 2544 1510 2566 cum
1536 2535 1704 2566 intellectu
1727 2540 1853 2574 agente,
1878 2535 2173 2566 instrumentaliter.
2202 2535 2279 2566 Ideo
2307 2537 2415 2576 ipsum
2439 2545 2508 2567 esse

1432 2579 1633 2619 intelligibile
1656 2580 1691 2610 in
1713 2580 1870 2619 potentia,
1887 2585 1935 2610 est
1958 2580 2066 2619 ipsum
2088 2590 2158 2610 non
2181 2580 2299 2610 habere
2322 2586 2396 2612 actu
2419 2580 2507 2611 unde

1431 2624 1535 2664 possit
1557 2633 1690 2654 movere
1712 2623 1926 2660 intellectum,
1955 2624 2011 2654 sed
2038 2633 2135 2664 posse
2162 2623 2242 2654 illud
2271 2624 2400 2656 habere.
2432 2624 2507 2655 Hoc

1432 2673 1542 2698 autem
1555 2668 1708 2698 convenit
1730 2668 1791 2697 sibi
1806 2673 1843 2698 ut
1859 2674 1906 2698 est
1920 2668 2064 2708 praecise
2079 2667 2258 2699 similitudo
2273 2669 2319 2698 rei
2334 2669 2507 2700 materialis

1433 2718 1592 2752 quantum
1616 2711 1656 2743 ad
1679 2713 1749 2742 eius
1772 2713 2027 2743 materialitatem
2042 2718 2075 2743 et
2093 2713 2358 2752 singularitatem:
2379 2715 2414 2744 in
2438 2723 2505 2754 quo

1433 2766 1509 2788 cum
1525 2757 1747 2796 phantasmate
1763 2757 1848 2787 bruti
1860 2758 2122 2788 convenientiam
2133 2758 2239 2788 habet.
2251 2775 2273 2779 -
2286 2757 2416 2797 Species
2427 2768 2505 2789 vero

1433 2811 1517 2842 quae
1534 2806 1582 2831 est
1596 2802 1630 2831 in
1646 2800 1823 2838 intellectu,
1840 2801 2006 2832 ordinatur
2021 2802 2061 2832 ad
2076 2802 2332 2832 intellectionem
2351 2808 2507 2842 tanquam

1432 2846 1630 2887 principium
1654 2844 1790 2876 formale
1814 2845 1940 2877 faciens
1961 2847 2164 2878 intellectum
2190 2847 2224 2876 in
2248 2852 2322 2876 actu
2344 2852 2382 2877 ut
2404 2847 2507 2887 possit

1432 2890 1622 2930 intelligere.
1647 2890 1724 2921 Ideo
1752 2889 1870 2921 dicitur
1898 2891 2106 2931 intelligibilis
2135 2891 2170 2921 in
2196 2891 2343 2931 potentia
2373 2891 2504 2931 quando

1432 2934 1599 2965 actualiter
1613 2944 1682 2965 non
1706 2939 1814 2965 actuat
1828 2935 2040 2972 intellectum,
2057 2935 2114 2966 sed
2129 2940 2255 2966 tantum
2277 2936 2505 2975 potentialiter.

1432 2979 1509 3010 Hoc
1531 2984 1640 3010 autem
1665 2980 1820 3010 convenit
1842 2980 1902 3010 sibi
1925 2980 2004 3010 dum
2028 2979 2134 3010 adhuc
2158 2985 2205 3010 est
2227 2980 2260 3009 in
2284 2980 2506 3020 phantasmate

1434 3029 1466 3054 et
1487 3024 1522 3054 in
1552 3023 1719 3054 intellectu
1750 3030 1865 3064 agente
1894 3025 2081 3061 virtualiter,
2105 3024 2254 3055 nondum
2284 3023 2443 3064 producta
2471 3025 2505 3055 in

1431 3068 1600 3099 intellectu
1622 3068 1780 3108 possibili„

1488 3112 1641 3143 Similiter
1657 3122 1792 3153 quoque
1808 3112 1981 3152 dupliciter
1992 3112 2109 3143 dicitur
2124 3113 2290 3143 obiectum
2305 3112 2505 3152 intelligibile

1433 3166 1502 3187 esse
1525 3158 1558 3188 in
1583 3162 1672 3188 actu:
1689 3163 1745 3188 aut
1760 3157 1883 3188 scilicet
1898 3158 1975 3197 quia
1997 3157 2094 3189 habet
2116 3162 2190 3188 actu
2206 3156 2294 3187 unde
2316 3157 2419 3197 possit
2432 3166 2505 3188 mo-

1432 3211 1507 3232 vere
1530 3201 1749 3238 intellectum3
1773 3207 1829 3232 aut
1852 3202 1929 3242 quia
1950 3201 2047 3232 habet
2070 3207 2144 3232 actu
2168 3201 2255 3231 unde
2271 3202 2373 3241 possit
2396 3206 2505 3232 actum

1431 3245 1633 3286 intelligendi
1662 3247 1844 3276 terminare.
1875 3246 2020 3276 Primum
2050 3246 2110 3276 sibi
2142 3246 2295 3276 convenit
2324 3245 2504 3276 secundum

1433 3289 1524 3330 quod
1547 3296 1595 3321 est
1617 3291 1651 3320 in
1674 3291 1905 3330 imaginatione
1921 3299 1978 3330 per
1993 3299 2089 3320 suum
2105 3290 2294 3329 phantasma
2317 3290 2440 3320 lumine
2455 3291 2504 3320 in—

1432 3335 1578 3365 tellectus
1594 3336 1717 3375 agentis
1733 3335 1939 3365 illustratum:
1956 3334 2137 3364 secundum
2150 3340 2258 3364 autem
2275 3335 2336 3364 sibi
2352 3335 2506 3365 convenit

1432 3384 1531 3419 prout
1554 3385 1602 3409 est
1624 3380 1658 3410 in
1682 3379 1848 3409 intellectu
1871 3388 1929 3418 per
1959 3388 2051 3408 suam
2075 3379 2227 3418 speciem,
2252 3388 2309 3418 per
2333 3388 2431 3418 quam
2455 3389 2504 3410 re-

1432 3429 1654 3463 praesentatur
1680 3424 1803 3463 absque
1831 3422 2074 3453 conditionibus
2096 3423 2324 3453 materialibus.
2351 3423 2412 3453 Per
2435 3433 2504 3454 esse

1433 3468 1520 3497 enim
1545 3467 1636 3507 quod
1659 3468 1755 3498 habet
1777 3468 1811 3497 in
1834 3467 2075 3507 imaginatione,
2092 3467 2188 3498 habet
2203 3467 2504 3498 immaterialitatem

1432 3521 1470 3542 ac
1492 3512 1750 3552 spiritualitatem
1773 3517 1893 3541 tantam
1918 3517 2037 3551 quanta
2061 3510 2178 3542 sufficit
2193 3511 2233 3542 ad
2255 3512 2320 3542 hoc
2343 3517 2380 3542 ut
2402 3513 2504 3552 possit

1433 3565 1502 3587 esse
1525 3557 1776 3586 instrumentum
1799 3556 1980 3586 intellectus
2003 3556 2126 3595 agentis
2146 3555 2186 3586 ad
2210 3556 2408 3587 causandum
2431 3566 2503 3596 spe-

1432 3601 1516 3631 ciem
1536 3600 1770 3641 intelligibilem
1794 3600 1828 3630 in
1851 3600 2016 3630 intellectu
2040 3600 2195 3640 possibili.
2219 3600 2279 3631 Per
2303 3610 2371 3631 esse
2394 3606 2502 3632 autem

1433 3644 1524 3684 quod
1545 3645 1642 3675 habet
1665 3645 1698 3675 in
1715 3643 1892 3680 intellectu,
1909 3645 2005 3675 habet
2020 3645 2323 3675 immaterialitatem
2340 3646 2504 3676 omnimo-

2531 636 2540 645 '
2554 634 2624 656 Num.
2637 640 2685 662 seq.
