2742 4152
33 364 80 387 Th.
95 364 110 386 1.
127 370 162 391 ¹7.

29 1025 42 1037 “
57 1023 94 1047 ef.
108 1029 178 1046 miv.

38 3429 48 3439 ¹
62 3427 131 3451 Vers-
145 3435 171 3456 4.

33 339 43 349 ·
59 337 96 360 Cf.
107 343 129 359 e.
140 343 183 363 xu,
196 344 215 363 ι;
227 343 247 359 ε.

898 254 1087 291 SUMMA
1118 255 1340 294 CONTRA
1369 258 1644 308 GENTILES,
1675 261 1786 299 CAP.
1807 263 1852 300 V.

273 332 481 370 habemus.
511 331 612 370 Dicit
631 331 748 369 etiam
768 331 808 368 in
827 333 857 368 Il
876 332 979 368 Cael.
1000 338 1034 369 et
1052 334 1189 369 Mund.
1205 333 1226 355 ‘¹‘
1245 334 1354 382 quod

275 398 368 423 cum
397 386 446 424 de
475 385 705 436 corporibus
733 385 961 422 caelestibus
990 385 1237 435 quaestiones
1264 398 1353 436 pos—

275 439 350 477 sint
369 439 467 477 solvi
486 451 608 489 parva
622 446 660 476 et
677 437 807 488 topica
825 438 1031 484 solutione,
1045 438 1231 487 contingit
1245 439 1353 476 audi-

274 493 348 531 tori
375 501 419 531 ut
445 494 662 531 vehemens
690 491 738 529 sit
772 491 962 540 gaudium
991 491 1086 529 eius.
1122 492 1180 529 Ex
1209 492 1353 541 quibus

275 547 461 585 omnibus
475 553 635 596 apparet
647 545 758 595 quod
771 545 821 582 de
836 545 953 582 rebus
968 544 1216 583 nobilissimis
1230 557 1353 594 quan-
1376 558 1385 578 ς

273 608 532 649 tumcumque
551 599 774 648 imperfecta
792 598 960 647 cognitio
989 598 1204 636 maximam
1231 598 1353 648 perfe-

274 653 446 691 ctionem
482 652 636 690 animae
674 651 833 689 confert.
870 652 919 689 Et
951 651 1052 698 ideo,
1091 651 1274 702 quamvis
1306 663 1353 688 ea

1040 747 1380 781 Commentaria

348 846 480 869 nan-rm:
503 834 544 867 ad
567 835 752 867 secundum
764 837 792 872 ¹,
816 835 951 876 ponitur
975 835 1056 866 haec
1079 835 1266 866 conclusio:
1285 836 1350 866 Ne-

351 882 530 914 cessarium
547 886 596 912 est
609 880 735 911 homini
750 879 908 911 divinitus
922 879 1086 910 credenda
1102 880 1250 920 proponi
1268 890 1352 922 quae

273 928 451 959 humanam
482 926 646 957 rationem
675 925 846 956 excedunt.
878 923 943 955 Sed
972 929 1150 964 antequam
1183 925 1351 966 probetur,

273 971 439 1005 inducitur
460 972 543 1002 ratio
567 970 609 1002 ad
635 970 838 1012 oppositum,
863 977 948 1010 quae
977 969 1017 999 ab
1049 969 1211 1010 aliquibus
1241 969 1353 1001 induci

272 1022 386 1059 posset
396 1017 424 1047 “.
447 1015 566 1047 Divina
589 1016 678 1046 enim
700 1014 857 1055 sapientia
876 1013 1056 1054 unicuique
1071 1013 1222 1054 providet
1237 1024 1353 1046 secun-

273 1061 354 1095 dum
376 1060 516 1092 modum
538 1069 617 1091 suae
639 1064 783 1090 naturae.
800 1058 888 1098 Ergo
906 1067 977 1088 non
992 1058 1120 1090 videtur
1134 1061 1353 1091 necessarium

273 1107 401 1140 homini
424 1105 492 1137 dari
515 1103 639 1147 aliquid
661 1113 759 1146 supra
781 1101 970 1134 facultatem
992 1108 1135 1135 naturae.

330 1151 420 1182 Tum
443 1149 692 1181 conclusionem
707 1148 825 1190 probat
840 1152 983 1189 quatuor
1004 1148 1195 1180 rationibus.
1219 1148 1284 1180 Sed
1299 1149 1354 1180 ad-

273 1194 466 1228 vertendum
496 1204 557 1237 pro
590 1193 805 1226 conclusione
837 1190 939 1234 quod,
963 1202 1041 1224 cum
1072 1195 1292 1226 necessarium
1315 1194 1355 1226 ad

273 1239 375 1273 finem
398 1239 571 1281 dupliciter
597 1237 732 1275 dicatur,
763 1236 948 1270 secundum
978 1237 1199 1276 Aristotelem,
1226 1239 1256 1270 V
1285 1240 1354 1271 Me-

179 1295 186 1302 ·
238 1302 247 1311 ·
274 1284 548 1330 taph.*„sgilicet
569 1283 769 1325 simpliciter,
793 1289 826 1314 et
849 1286 1010 1324 quantum
1033 1283 1073 1315 ad
1096 1283 1180 1316 bene
1203 1294 1289 1322 esse;
1315 1284 1355 1316 de

271 1329 416 1372 utrfiqt‘xe
430 1329 613 1361 necessario
628 1327 820 1369 intelligitur
838 1326 1020 1359 conclusio,
1037 1328 1133 1360 Unde
1152 1330 1259 1370 prima
1273 1330 1355 1361 ratio

273 1374 315 1407 de
336 1375 520 1407 necessario
543 1373 734 1415 simpliciter
762 1373 894 1414 probat;
919 1374 1001 1406 aliae
1024 1383 1103 1405 vero
1128 1379 1290 1416 quantum
1315 1374 1356 1406 ad

273 1419 360 1452 bene
381 1428 462 1451 esse.

330 1463 355 1496 1.
371 1464 484 1495 Prima
506 1472 589 1505 ergo
611 1462 698 1494 ratio
715 1468 764 1494 est
778 1463 851 1494 ista.
868 1463 1031 1496 Homines
1045 1473 1105 1505 per
1120 1463 1264 1495 divinam
1279 1474 1356 1505 pro-

273 1507 452 1541 videntiam
474 1507 516 1539 ad
538 1508 633 1539 altius
659 1507 787 1539 bonum
819 1508 1012 1541 ordinantur
1034 1517 1134 1550 quam
1162 1510 1299 1550 experiri
1322 1510 1356 1540 in

273 1553 436 1596 praesenti
458 1553 524 1584 vita
545 1553 690 1584 humana
712 1551 866 1594 fragilitas
887 1554 1001 1595 possit.
1026 1553 1114 1595 Ergo
1131 1555 1279 1595 oportuit
1294 1563 1356 1586 nos

274 1597 406 1632 evocari
426 1598 462 1629 in
485 1596 608 1639 aliquid
631 1596 726 1628 altius
757 1606 858 1638 quam
890 1599 972 1630 ratio
1002 1603 1113 1630 nostra
1135 1598 1170 1629 in
1193 1599 1356 1640 praesenti

273 1643 340 1675 vita
361 1643 467 1685 possit
488 1642 656 1683 attingere.
670 1660 694 1665 -
709 1641 917 1674 Antecedens
939 1643 1075 1675 inferius
1097 1643 1299 1685 probabitur,
1322 1645 1356 1675 in

273 1687 370 1720 tertio
393 1687 488 1719 libro.
514 1704 539 1710 -
565 1686 812 1728 Consequentia
838 1688 1005 1729 probatur.
1029 1688 1118 1728 Quia
1139 1688 1250 1720 nullus
1273 1689 1357 1720 desi·

274 1731 376 1764 derio
389 1737 423 1763 et
444 1731 554 1763 studio
568 1732 604 1763 in
627 1731 751 1773 aliquid
767 1732 872 1764 tendit
894 1734 957 1766 nisi
979 1734 1020 1765 sit
1043 1733 1073 1765 ei
1095 1734 1356 1775 praecognitum.

275 1776 365 1811 Cum
387 1786 466 1818 ergo
489 1776 592 1808 homo
608 1776 726 1808 habeat
743 1777 852 1809 studio
877 1783 909 1809 et
931 1777 1093 1810 desiderio
1117 1778 1251 1810 tendere
1273 1779 1308 1810 in
1323 1778 1357 1810 id

275 1821 317 1854 ‘ad
339 1821 432 1864 quod
453 1830 514 1863 per
535 1820 679 1852 divinam
693 1821 934 1862 providentiam
957 1823 1136 1860 ordinatur,
1159 1833 1293 1855 necesse
1309 1829 1358 1855 est

274 1868 313 1899 tit
334 1866 417 1898 illud
438 1871 705 1908 praecognoscat.

331 1910 555 1943 Confirmatur
569 1911 678 1952 primo
699 1911 780 1942 haec
802 1911 885 1943 ratio
909 1922 948 1944 ex
970 1913 1217 1955 comparatione
1232 1913 1358 1944 Veteris

276 1961 310 1988 et
330 1955 446 1988 Novae
468 1955 575 1996 Legis.
599 1955 687 1994 Quia
709 1955 798 1987 enim
821 1956 855 1987 in
879 1956 1063 1989 Christiana
1086 1957 1245 1999 religione
1268 1959 1356 1990 bona

275 2000 452 2043 spiritualia
464 2005 498 2031 et
508 2005 638 2032 aeterna
652 2001 899 2041 promittuntur,
915 2003 949 2034 in
965 2011 1004 2034 ea
1018 2003 1158 2044 plurima
1173 2003 1356 2034 humanum

275 2048 415 2077 sensum*
439 2044 628 2076 excedentia
654 2051 901 2086 proponuntur:
930 2047 966 2078 in
989 2047 1100 2079 Veteri
1123 2053 1233 2079 autem
1257 2047 1355 2089 Lege,

276 2090 354 2132 quia
369 2089 561 2131 temporalia
575 2090 859 2131 promittebantur,
875 2100 980 2132 pauca
994 2092 1164 2134 proposita
1179 2098 1256 2124 sunt
1271 2102 1357 2135 quae

275 2133 455 2167 humanam
478 2134 671 2166 excederent
693 2135 864 2167 rationem.

333 2178 557 2211 Confirmatur
578 2179 725 2211 secundo
750 2190 789 2211 ex
811 2180 1089 2223 philosophorum
1118 2181 1256 2222 legibus.
1287 2182 1357 2213 Vo-

276 2223 381 2257 lentes
404 2224 493 2256 enim
515 2223 706 2265 philosophi
724 2225 876 2256 homines
899 2235 917 2256 a
939 2226 1143 2258 sensibilium
1167 2225 1357 2258 delectatio-

275 2269 374 2301 nibus
389 2268 435 2300 ad‘
450 2269 657 2300 honestatem
672 2268 863 2310 perducere,
879 2270 1093 2302 ostenderunt
1107 2280 1177 2303 esse
1193 2270 1254 2302 alia
1269 2271 1358 2303 bona

277 2313 483 2347 sensibilibus
505 2313 544 2344 iis
558 2314 699 2354 potiora,
716 2323 860 2356 quorum
874 2321 974 2356 gustu
989 2315 1096 2347 multo
1119 2316 1251 2347 suavius
1269 2316 1357 2348 dele-

277 2364 405 2391 ctantur
420 2359 478 2400 qui
493 2358 605 2390 activis
627 2364 684 2390 aut
707 2359 969 2402 contemplativis
991 2360 1164 2392 virtutibus
1186 2366 1311 2392 vacant.

334 2413 366 2435 2.
389 2403 454 2434 Pro
476 2403 537 2434 ista
559 2403 696 2441 ratione,
717 2404 953 2436 advertendum
973 2404 1064 2447 quod
1087 2404 1284 2437 desiderium
1300 2405 1357 2437 ali-

277 2447 411 2492 quando
435 2447 592 2489 accipitur
606 2458 668 2490 pro
684 2455 760 2480 actu
776 2450 940 2492 appetitus
963 2450 1107 2482 sensitivi
1122 2450 1175 2481 vel
1190 2450 1357 2482 rationalis

276 2492 440 2524 tendentis
462 2493 497 2523 in
519 2502 589 2524 non
618 2493 781 2531 habitum;
806 2494 984 2536 aliquando
1011 2504 1090 2526 vero
1118 2505 1180 2536 pro
1209 2496 1357 2536 appetitu

277 2542 311 2570 et
323 2537 535 2569 inclinatione
551 2547 761 2580 quacumque
776 2539 817 2571 ad
833 2539 966 2581 aliquid,
983 2540 1081 2571 etiam
1097 2540 1124 2571 si
1139 2545 1359 2582 consequatur

277 2581 419 2615 formam
440 2582 631 2614 naturalem.
648 2583 751 2623 Quod
766 2594 843 2626 ergo
860 2585 978 2616 dicitur
993 2585 1152 2616 neminem
1163 2585 1260 2627 ferri
1274 2584 1357 2616 desi-

277 2627 370 2659 derio
387 2627 452 2658 nisi
474 2627 508 2658 in
525 2629 792 2672 praecognitum,
809 2629 1059 2671 intelligendum
1075 2634 1124 2660 est
1139 2629 1179 2660 de
1195 2628 1357 2661 desiderio

278 2672 337 2714 qui
360 2677 409 2703 est
431 2677 521 2703 actus
545 2671 671 2704 elicitus
687 2674 862 2715 appetitus,
878 2684 947 2705 non
964 2679 1074 2705 autem
1091 2673 1131 2705 de
1147 2674 1357 2705 inclinatione

279 2721 503 2758 consequente
519 2716 660 2748 formam
674 2719 870 2750 naturalem:
891 2719 979 2760 quia,
999 2719 1058 2750 etsi
1074 2720 1172 2750 etiam
1195 2719 1258 2750 tale
1274 2718 1358 2750 desi-

278 2761 406 2793 derium
429 2767 650 2803 consequatur
671 2763 815 2804 aliquam
839 2764 1074 2805 cognitionem,
1095 2773 1136 2794 eo
1161 2763 1253 2804 quod
1277 2773 1359 2805 opus

244 2813 253 2855 ᾗ
279 2811 422 2838 naturae
435 2806 479 2837 sit
501 2815 583 2847 opus
598 2807 845 2850 intelligentiae,
861 2814 899 2840 ut
914 2808 1032 2840 dicitur
1047 2808 1075 2839 11
1098 2808 1227 2849 Phys-ic.
1244 2809 1272 2845 *,
1288 2817 1358 2839 non

277 2855 389 2883 tamen
417 2852 631 2893 consequitur
658 2853 883 2894 cognitionem
915 2854 1018 2894 ipsius
1050 2853 1233 2894 appetentis
1263 2858 1358 2884 natu-

278 2895 395 2929 raliter.

335 2939 400 2972 Sed
421 2938 550 2971 videtur
565 2941 645 2971 haec
660 2941 742 2971 ratio
766 2941 876 2973 Sancti
892 2942 1042 2973 Thomae
1058 2952 1128 2974 non
1144 2941 1356 2973 concludere:

278 2993 355 3015 nam
380 2985 572 3025 oppositum
595 2986 828 3026 consequentis
856 2986 985 3018 videtur
1013 2992 1095 3018 stare
1129 2996 1205 3018 cum
1229 2992 1357 3018 antece-

279 3028 387 3060 dente.
411 3029 522 3060 Potest
545 3026 634 3060 enim
665 3028 789 3071 aliquid
819 3040 888 3062 esse
918 3031 1106 3062 naturaliter
1137 3041 1154 3062 a
1177 3031 1274 3062 nobis
1301 3041 1357 3062 co-

278 3073 418 3115 gnitum,
443 3078 476 3104 et
489 3078 600 3104 tamen
614 3072 695 3107 illud
711 3076 871 3116 consequi
886 3076 1018 3116 propria
1033 3076 1151 3107 virtute
1170 3085 1239 3107 non
1262 3081 1357 3116 pote-

278 3119 398 3149 rimus:
422 3118 518 3153 sicut,
550 3117 627 3148 licet
657 3118 774 3159 aliquis
803 3120 991 3151 naturaliter
1021 3125 1199 3162 cognoscat
1228 3121 1357 3162 imperii

278 3168 438 3199 naturam,
454 3168 565 3193 tamen
579 3163 719 3204 propriis
730 3163 851 3195 viribus
863 3165 1041 3206 imperator
1056 3175 1126 3196 esse
1140 3175 1210 3196 non
1226 3166 1356 3206 poterit.

334 3206 565 3248 Respondetur
588 3206 679 3248 quod
700 3208 749 3239 vis
772 3209 906 3240 rationis
935 3219 1019 3249 non>
1034 3214 1096 3241 stat
1118 3210 1153 3241 in
1175 3210 1241 3241 hoc
1265 3209 1356 3251 quod

278 3250 355 3282 ideo
378 3252 419 3282 sit
441 3252 538 3283 nobis
561 3253 740 3283 necessaria
764 3254 910 3294 cognitio
940 3254 1192 3295 supernaturalis
1216 3255 1293 3295 quia
1316 3254 1357 3286 ad

278 3295 380 3327 finem
397 3294 505 3337 ‘quem
527 3297 659 3338 propria
681 3298 799 3329 virtute
823 3297 957 3339 adipisci
979 3308 1048 3330 non
1070 3308 1246 3340 possumus
1269 3298 1356 3330 ordi-

279 3350 410 3373 nemur:
427 3340 484 3371 sed
499 3342 577 3382 quia
592 3341 781 3373 ordinamur
796 3342 836 3374 ad
860 3342 960 3374 finem
985 3353 1085 3384 quem
1103 3353 1212 3384 neque
1228 3344 1357 3385 assequi

278 3395 388 3426 neque
411 3395 612 3426 cognoscere
630 3396 807 3427 possumus
823 3388 960 3419 naturali
977 3387 1140 3426 facultate,
1164 3389 1252 3419 iuxta
1275 3388 1357 3419 illud

280 3430 359 3461 Isai.
384 3440 456 3460 mnv
468 3432 495 3467 *,
516 3427 640 3462 Oculus
656 3441 722 3462 non
740 3432 829 3469 vidit,
846 3433 946 3468 Deus,
964 3433 1083 3473 absque
1107 3437 1146 3469 te,
1163 3443 1247 3473 quae
1258 3443 1356 3473 prae-

274 3475 407 3516 parasti
430 3476 674 3516 expectantibus
698 3482 738 3507 te.
768 3477 820 3508 Sic
849 3483 958 3508 autem
986 3487 1056 3508 non
1079 3483 1140 3508 stat
1163 3478 1356 3518 oppositum

280 3521 513 3560 consequentis
530 3530 607 3551 cum
623 3521 846 3553 antecedente.
863 3523 941 3553 Non
958 3523 1046 3553 enim
1057 3527 1142 3552 stant
1153 3522 1250 3552 simul
1266 3521 1358 3562 quod

279 3573 349 3595 non
373 3565 517 3596 elevetur
548 3565 733 3596 intellectus
762 3566 802 3597 ad
834 3566 868 3597 id
896 3566 987 3607 quod
1018 3572 1066 3597 est
1088 3576 1186 3606 supra
1207 3572 1357 3597 naturam

279 3618 383 3645 suam,
408 3615 440 3640 et
462 3615 572 3641 tamen
605 3610 773 3642 ordinetur
801 3611 905 3642 homo
937 3611 978 3642 ad
1001 3611 1034 3642 id
1057 3610 1149 3651 quod
1171 3611 1358 3642 naturaliter

280 3655 435 3694 cognosci
457 3664 526 3685 non
548 3660 667 3695 potest.
691 3655 726 3686 Si
749 3656 837 3686 enim
860 3661 980 3686 starent
1003 3655 1109 3691 simul,
1133 3660 1212 3685 tunc
1235 3655 1357 3696 aliquid

2429 268 2471 304 15

1408 348 1508 384 quae
1537 350 1654 386 supra
1688 339 1877 376 rationem
1911 348 2000 377 sunt
2032 341 2126 379 ratio
2160 342 2334 379 humana
2362 344 2475 392 plene

1408 399 1546 437 capere
1561 402 1642 427 non
1657 391 1787 439 possit,
1803 400 1933 429 tamen
1953 395 2122 431 multum
2141 394 2213 432 sibi
2231 395 2474 445 perfectionis

1408 441 1619 490 acquiritur
1633 443 1664 479 si
1683 445 1818 480 saltem
1832 457 1878 481 ea
1892 446 2223 496 qualitercumque
2238 456 2364 486 teneat
2382 448 2472 486 fide.

1462 494 1511 530 Et
1538 494 1627 531 ideo
1653 495 1790 533 dicitur
1807 498 1922 534 Eccli.
1943 511 1976 535 111
1990 502 2033 535 ²⁵:
2062 500 2230 538 Plurima
2257 514 2372 550 supra
2393 515 2474 539 sen-

1406 557 1490 583 sum
1526 548 1686 584 hominis
1723 555 1866 587 ostensa
1899 557 1984 587 sunt
2017 553 2090 588 tibi.
2120 553 2168 589 Et
2194 555 2207 589 I
2231 555 2317 591 Cor.
2347 559 2472 592 11¹⁰‘¹¹:

1414 599 1521 641 Quae
1547 606 1631 636 sunt
1649 602 1723 637 Dei
1740 614 1849 639 nemo
1873 606 1973 640 novit
1996 605 2068 640 nisi
2085 606 2238 653 Spiritus
2262 608 2352 644 Dei:
2371 610 2475 645 nobis

1407 658 1531 689 autem
1560 654 1736 690 revelavit
1763 655 1866 692 Deus
1888 668 1960 705 per
1988 658 2163 705 Spiritum
2191 670 2309 695 suum.

1410 748 1720 781 Fert-ariensis

1406 833 1565 865 desiderio
1589 840 1621 866 et
1644 835 1753 866 studio
1769 843 1955 868 moveretur
1972 838 2007 868 in
2022 838 2240 878 incognitum:
2264 849 2371 881 neque
2392 843 2477 873 enim

1405 880 1591 910 naturaliter
1612 890 1721 921 neque
1743 882 2027 922 supernaturaliter
2050 889 2261 923 cognosceret
2279 884 2389 916 finem.

1464 923 1493 954 3.
1514 924 1577 955 Pro
1593 925 1697 965 prima
1713 926 1971 963 confirmatione,
1988 927 2220 959 advertendum
2239 929 2356 969 primo,
2372 935 2409 960 ut
2422 931 2478 960 ha-

1407 968 1500 999 betur
1516 969 1543 999 1⁸
1559 969 1623 1006 11²²,
1641 979 1672 1011 q.
1690 980 1762 1008 cvn,
1779 981 1807 1002 a.
1829 979 1857 1008 ι,
1874 971 1966 1013 quod
1980 972 2049 1003 Lex
2062 972 2165 1004 Vetus
2181 978 2213 1004 et
2231 974 2325 1004 Nova
2344 984 2412 1005 non
2434 975 2479 1005 sic

1408 1012 1649 1054 distinguuntur
1665 1017 1757 1056 quasi
1780 1015 1821 1047 ad
1843 1016 1987 1047 diversos
2002 1016 2084 1048 fines
2107 1017 2307 1055 ordinentur,
2322 1019 2424 1049 Vetus
2441 1019 2480 1050 ad

1407 1059 1609 1098 temporalia,
1634 1059 1727 1090 Nova
1750 1061 1790 1091 ad
1813 1061 1991 1102 spiritualia
2012 1062 2113 1093 bona:
2138 1062 2195 1094 sed
2211 1063 2298 1104 quia,
2323 1073 2399 1094 cum
2421 1064 2478 1094 ha-

1408 1102 1506 1133 beant
1529 1103 1670 1135 eundem
1693 1104 1804 1142 finem,
1828 1106 1951 1137 scilicet
1969 1111 2006 1137 ut
2027 1106 2179 1138 homines
2194 1107 2373 1139 subdantur
2395 1107 2479 1145 Deo,

1408 1146 1503 1178 Nova
1525 1149 1743 1190 propinquius
1767 1150 1895 1182 ordinat
1925 1150 1965 1181 ad
1991 1151 2080 1182 hunc
2102 1151 2213 1189 finem,
2240 1152 2342 1183 Vetus
2370 1157 2479 1183 autem

1409 1193 1575 1230 remotius,
1593 1199 1626 1224 et
1648 1201 1877 1236 comparantur
1892 1195 1933 1227 ad
1947 1196 2088 1227 invicem
2108 1197 2192 1228 sicut
2205 1197 2433 1238 imperfectum
2449 1203 2481 1228 et

1409 1236 1601 1277 perfectum.
1614 1238 1715 1269 Vetus
1726 1241 1823 1277 enim,
1837 1241 1913 1281 quia
1925 1240 2059 1272 dabatur
2073 1241 2270 1282 imperfectis
2285 1247 2317 1273 et
2331 1241 2479 1273 nondum

1409 1282 1543 1322 gratiam
1570 1283 1765 1320 consecutis,
1789 1286 1941 1316 homines
1968 1285 2008 1316 ad
2035 1284 2272 1317 observantiam
2295 1286 2479 1318 divinorum

1410 1332 1659 1368 praeceptorum
1668 1329 1785 1360 timore
1792 1339 1973 1370 poenarum
1984 1336 2016 1361 et
2026 1331 2242 1371 promissione
2251 1332 2479 1372 temporalium

1411 1371 1576 1403 bonorum
1590 1372 1780 1405 inducebat:
1801 1374 1894 1405 Nova
1908 1384 1997 1411 vero,
2013 1384 2097 1415 quae
2112 1375 2261 1416 perfectis
2277 1381 2308 1407 et
2329 1377 2395 1406 iam
2409 1385 2479 1416 gra-

1410 1416 1489 1446 tiam
1512 1422 1544 1447 et
1566 1416 1665 1449 fidem
1697 1428 1755 1459 per
1784 1419 1981 1460 baptismum
2012 1421 2196 1450 consecutis
2228 1420 2331 1456 datur,
2354 1419 2479 1451 inducit

1410 1461 1561 1492 homines
1584 1462 1625 1493 ad
1647 1463 1799 1494 virtutem
1823 1473 1862 1494 ex
1884 1464 1958 1504 ipso
1981 1464 2071 1494 bono
2094 1464 2229 1500 virtutis,
2253 1470 2285 1495 et
2306 1465 2479 1505 praecipue

1411 1506 1558 1537 caritatis.
1583 1507 1684 1546 Quod
1706 1517 1783 1539 vero
1807 1507 1923 1539 dicitur
1948 1509 2166 1539 Christianam
2191 1509 2382 1550 religionem
2400 1519 2480 1550 pro-

1411 1550 1538 1581 mittere
1559 1552 1755 1593 spiritualia,
1778 1553 1919 1584 Veterem
1935 1558 2043 1584 autem
2059 1554 2178 1595 Legem
2195 1554 2395 1595 temporalia,
2412 1563 2480 1584 non

1411 1601 1459 1626 est
1481 1595 1730 1637 intelligendum
1754 1598 1847 1638 quasi
1861 1597 2012 1628 homines
2026 1598 2151 1628 Veteris
2174 1597 2270 1638 Legis
2291 1598 2480 1639 temporalia

1411 1639 1500 1671 bona
1522 1650 1583 1682 pro
1607 1640 1673 1672 fine
1688 1642 1854 1678 haberent,
1869 1642 2020 1673 homines
2034 1651 2112 1673 vero
2135 1642 2250 1673 Novae
2272 1642 2366 1683 Legis
2389 1643 2480 1682 spiri-

1410 1685 1524 1716 tualia:
1541 1685 1599 1717 sed
1614 1687 1691 1727 quia
1706 1695 1764 1727 per
1778 1687 1968 1727 temporalia
1983 1687 2039 1723 illi,
2055 1692 2170 1728 utpote
2185 1686 2375 1728 imperfecti,
2386 1686 2480 1718 indu-

1412 1730 1568 1761 cebantur
1590 1731 1625 1762 in
1648 1730 1710 1762 Dei
1742 1740 1888 1762 amorem
1919 1737 1951 1762 et
1979 1732 2014 1762 in
2043 1731 2238 1772 spiritualia;
2270 1741 2332 1762 nos
2361 1738 2480 1768 autem,

1411 1774 1649 1816 perfectionem
1672 1777 1791 1817 gratiae
1810 1776 1975 1812 habentes,
1992 1785 2030 1807 ex
2053 1777 2123 1817 ipsa
2144 1776 2359 1817 spiritualium
2374 1786 2481 1808 rerum

1412 1819 1673 1852 consideratione
1689 1820 1871 1852 secundum
1886 1830 1919 1852 se
1936 1820 1976 1852 ad
1991 1821 2153 1858 virtutem,
2169 1827 2201 1852 et
2215 1821 2388 1862 praecipue
2404 1822 2482 1852 cari-

1411 1870 1522 1902 tatem,
1547 1874 1730 1897 movemur.

1468 1909 1714 1942 Advertendum
1738 1910 1895 1947 secundo,
1913 1909 2003 1951 quod
2023 1910 2099 1941 licet
2114 1910 2154 1941 sit
2169 1920 2235 1941 una
2256 1909 2337 1940 fides
2353 1909 2481 1941 moder-

1411 1964 1532 1986 norum
1555 1961 1588 1986 et
1610 1956 1833 1997 antiquorum,
1857 1961 1894 1986 ut
1924 1956 2019 1996 ponit
2050 1954 2186 1986 Sanctus
2213 1955 2357 1985 Thomas
2386 1955 2480 1986 Verit.

1412 2009 1444 2041 q.
1456 2010 1520 2037 xiv,
1533 2010 1562 2031 a.
1580 2009 1591 2031 ι
1600 2009 1630 2038 2,
1646 2005 1756 2032 tamen
1768 2000 1861 2041 plura
1871 2005 2023 2032 tenentur
2037 2000 2186 2031 homines
2201 2005 2349 2040 tempore
2364 1999 2481 2040 gratiae

1412 2044 1562 2086 explicite
1574 2044 1705 2077 credere
1721 2055 1821 2087 quam
1832 2046 1865 2076 in
1875 2050 2023 2086 tempore
2038 2044 2133 2085 Legis
2149 2045 2294 2086 scriptae,
2310 2049 2347 2075 ut
2361 2043 2481 2075 ibidem

1410 2089 1518 2131 inquit
1541 2095 1598 2121 art.
1620 2098 1670 2122 ιι.
1695 2090 1796 2133 Quod
1812 2099 1888 2131 ergo
1911 2090 1965 2121 hic
1988 2088 2114 2125 dicitur,
2134 2090 2210 2130 quia
2233 2089 2325 2120 nobis
2334 2089 2480 2130 plurima

1410 2144 1513 2175 supra
1535 2135 1714 2167 humanum
1729 2145 1858 2166 sensum
1874 2139 2118 2176 proponuntur,
2130 2143 2240 2175 pauca
2256 2138 2363 2164 autem
2378 2133 2480 2164 homi-

1412 2179 1506 2210 nibus
1523 2179 1644 2211 Veteris
1660 2180 1768 2222 Legis,
1790 2178 2034 2220 intelligendum
2058 2183 2114 2215 est,
2139 2178 2305 2219 explicite:
2323 2178 2399 2218 quia
2421 2178 2480 2208 im-

1411 2224 1522 2265 plicite
1538 2225 1663 2266 antiqui
1679 2225 1790 2256 omnia
1806 2223 1978 2256 credebant
1994 2232 2078 2264 quae
2092 2232 2153 2254 nos
2177 2222 2346 2259 credimus,
2363 2228 2399 2253 ut
2414 2222 2482 2253 vult

1411 2269 1549 2300 Sanctus
1573 2269 1720 2301 Thomas
1742 2269 1819 2300 loco
1842 2268 2056 2310 praeallegato
2072 2269 2099 2298 “.

1467 2322 1499 2353 4.
1524 2313 1587 2345 Pro
1611 2314 1756 2346 secunda
1778 2313 2036 2349 confirmatione,
2056 2310 2288 2343 advertendum
2310 2312 2427 2352 primo,
2446 2316 2483 2342 ut

1411 2358 1549 2389 habetur
1572 2358 1614 2390 11·
1630 2359 1694 2396 11⁸⁸,
1716 2368 1747 2400 q.
1765 2368 1876 2389 crxxrx
1893 2363 1924 2389 et
1947 2367 2068 2393 crxxxr,
2093 2356 2184 2398 quod
2206 2357 2361 2387 virtutum
2385 2365 2482 2397 quae-

1411 2401 1486 2434 dam
1509 2408 1586 2434 sunt
1608 2403 1880 2444 contemplativae
1903 2403 1997 2439 vitae,
2022 2403 2105 2433 sicut
2127 2402 2259 2432 virtutes
2282 2401 2481 2432 intellectum

1410 2447 1650 2488 speculativum
1672 2447 1888 2490 perficientes,
1913 2446 2096 2478 cuiusmodi
2123 2451 2171 2477 est
2192 2446 2363 2486 sapientia:
2387 2445 2482 2476 habet

1410 2492 1499 2523 enim
1510 2501 1571 2533 pro
1583 2492 1650 2524 fine
1661 2493 1725 2524 vita
1740 2492 1992 2534 contemplativa
2007 2491 2146 2523 veritatis
2163 2490 2481 2530 contemplationem.

1410 2536 1582 2575 Quaedam
1597 2543 1707 2568 autem
1723 2542 1800 2569 sunt
1813 2538 1898 2568 vitae
1910 2538 2042 2573 activae,
2059 2534 2244 2567 cuiusmodi
2255 2540 2331 2565 sunt
2344 2534 2481 2565 morales

1410 2582 1555 2618 virtutes,
1572 2591 1657 2623 quae
1673 2581 1864 2613 ordinantur
1879 2582 1920 2613 ad
1935 2580 2153 2623 operandum:
2169 2589 2246 2610 nam
2261 2580 2345 2610 vitae
2360 2579 2480 2609 activae

1410 2625 1485 2657 finis
1509 2632 1557 2657 est
1580 2627 1720 2658 exterior
1742 2627 1901 2668 operatio.

1467 2670 1713 2703 Advertendum
1728 2671 1885 2708 secundo,
1902 2669 2082 2712 quodlicet
2104 2668 2320 2710 spiritualibus
2344 2666 2480 2698 delecta-

1411 2714 1555 2746 tionibus
1589 2716 1756 2747 sensibiles
1787 2717 1850 2748 sint
1881 2714 1991 2757 quoad
2019 2724 2080 2745 nos
2110 2713 2376 2748 vehementiores,
2405 2712 2479 2752 quia

1411 2761 1575 2791 sensibilia
1589 2761 1685 2792 nobis
1700 2761 1803 2802 magis
1818 2766 1895 2792 nota
1911 2765 1995 2796 sunt,
2009 2764 2040 2790 et
2056 2767 2131 2789 cum
2147 2756 2307 2797 corporali
2322 2761 2479 2786 transmu-

1411 2805 1534 2836 tatione
1557 2805 1747 2837 huiusmodi
1769 2805 1998 2837 delectationes
2021 2803 2113 2839 fiunt,
2130 2807 2161 2833 et
2184 2802 2260 2842 quia
2282 2806 2393 2832 contra
2408 2810 2479 2831 cor-

1411 2850 1539 2890 porales
1562 2850 1728 2882 molestias
1744 2855 1957 2891 appetuntur;
1974 2847 2151 2889 spirituales
2173 2851 2281 2876 tamen
2299 2844 2478 2876 secundum

1411 2903 1446 2925 se
1468 2895 1609 2926 maiores
1629 2901 1714 2932 sunt,
1731 2900 1768 2926 ut
1783 2894 1899 2926 dicitur
1914 2894 1942 2925 1³
1954 2893 2017 2930 11¹⁶,
2035 2902 2066 2934 q.
2083 2901 2165 2928 xxm,
2181 2901 2209 2922 a.
2228 2890 2257 2926 5,
2275 2895 2306 2920 et
2322 2890 2364 2920 IV
2380 2889 2476 2925 Sem„

1412 2938 1443 2970 d.
1456 2949 1539 2975 xm,
1552 2949 1584 2981 q.
1596 2950 1642 2977 111,
1656 2950 1684 2971 a.
1699 2940 1729 2976 5,
1754 2940 1830 2980 quia
1848 2938 2020 2980 spiritualis
2038 2935 2193 2978 perfectio
2211 2934 2370 2975 corporali
2385 2934 2478 2964 nobi-

1410 2983 1474 3015 lior
1497 2989 1554 3021 est,
1575 2989 1607 3015 et
1629 2990 1762 3015 naturae
1785 2983 1933 3014 rationali
1949 2982 2074 3018 melior,
2091 2987 2188 3021 atque
2212 2980 2254 3010 ob
2270 2979 2345 3009 alias
2369 2987 2478 3008 causas

1411 3038 1492 3070 quas
1516 3029 1653 3060 Sanctus
1676 3029 1823 3060 Thomas
1846 3028 1908 3059 illis
1934 3028 1968 3058 in
1991 3027 2072 3058 locis
2096 3024 2234 3056 adducit.
2258 3023 2392 3064 Propter
2414 3023 2478 3072 hoc

1411 3083 1488 3114 ergo
1511 3075 1619 3114 inquit
1648 3074 1712 3104 hoc
1735 3074 1812 3104 loco
1843 3071 2062 3114 spiritualium
2086 3079 2194 3100 rerum
2223 3072 2322 3118 gustu
2346 3076 2401 3097 eos
2423 3076 2477 3107 qut

1410 3118 1526 3150 activis
1549 3119 1600 3150 vel
1622 3118 1879 3159 contemplativis
1902 3121 2028 3152 vacant,
2050 3113 2221 3146 delectari:
2243 3121 2318 3152 qula
2341 3111 2477 3142 delecta-

1410 3163 1516 3194 tiones
1532 3173 1612 3204 quas
1629 3162 1899 3203 contemplativae
1915 3161 1998 3191 vitae
2014 3159 2236 3192 deservientes,
2251 3165 2334 3196 quae
2349 3156 2382 3185 in
2399 3164 2476 3185 con-

1409 3208 1623 3249 templatione
1652 3208 1793 3238 veritatis
1825 3206 1915 3242 sistit,
1948 3210 2004 3235 aut
2034 3204 2131 3234 etiam
2161 3202 2292 3251 activae,
2323 3209 2406 3239 quae
2436 3198 2477 3229 ad

1410 3252 1598 3284 exercitium
1610 3253 1766 3283 virtutum
1778 3250 1951 3282 moralium
1963 3249 2143 3289 deputatur,
2157 3249 2371 3286 experiuntur,
2379 3244 2476 3284 longe

1409 3297 1562 3329 meliores
1585 3297 1775 3337 simpliciter
1790 3301 1822 3326 et
1837 3293 2017 3325 secundum
2040 3293 2089 3323 sui
2111 3296 2257 3322 naturam
2280 3293 2355 3319 sunt
2378 3297 2476 3328 quam

1411 3351 1640 3384 quaecumque
1664 3349 1840 3381 corporeae
1863 3345 1894 3370 et
1916 3337 2079 3369 sensibiles
2103 3335 2292 3374 voluptates.
2342 3377 2349 3383 ι
2367 3377 2374 3383 ι

1467 3387 1505 3417 ΙΙ.
1530 3386 1679 3417 Secunda
1704 3385 1789 3416 ratio
1820 3388 1875 3414 est.
1900 3383 2066 3413 Veriorem
2096 3379 2136 3410 de
2159 3379 2231 3409 Deo
2255 3381 2476 3417 cognmonem

1410 3432 1568 3462 habemus
1595 3440 1633 3461 ex
1658 3439 1698 3460 eo
1723 3428 1813 3470 quod
1842 3425 2029 3458 huiusmodi
2051 3425 2217 3455 veritatem
2239 3422 2397 3452 habemus
2420 3430 2477 3461 per

1410 3476 1520 3507 fidem.
1546 3475 1632 3515 Ergo
1656 3475 1719 3505 hoc
1743 3474 1836 3504 nobis
1867 3472 1944 3502 utile
1968 3475 2024 3501 est.
2047 3487 2070 3491 ——
2093 3467 2250 3498 Probatur
2273 3464 2475 3496 antecedens.

1411 3521 1508 3551 Tunc
1530 3529 1605 3550 vere
1628 3518 1668 3550 de
1692 3519 1763 3549 Deo
1780 3517 1999 3557 cognitionem
2014 3513 2170 3543 habemus
2186 3520 2262 3542 cum
2284 3511 2393 3560 ipsum
2409 3519 2476 3540 esse

1411 3565 1573 3597 credimus
1596 3573 1692 3604 supra
1716 3571 1814 3593 omne
1845 3559 1934 3601 quod
1958 3558 1997 3589 de
2026 3558 2098 3597 ipso
2122 3565 2297 3596 possumus
2320 3559 2475 3594 cogitare:

1411 3620 1488 3641 curn
1510 3609 1689 3639 naturalem
1712 3606 1853 3637 hominis
1869 3603 2052 3634 facultatem
2068 3606 2180 3631 natura
2204 3599 2311 3630 divina
2334 3598 2475 3629 excedat.

1412 3654 1475 3686 Sed
1491 3663 1549 3694 per
1564 3654 1627 3683 hoc
1644 3651 1734 3692 quod
1750 3650 1875 3681 homini
1887 3648 1993 3688 aliqua
2009 3646 2116 3677 divina
2127 3645 2303 3676 humanam
2318 3644 2478 3674 rationem

2509 2269 2517 2277 ·
2534 2268 2584 2290 Art.
2598 2275 2629 2290 u.
