2768 4134
51 811 60 821 ·
74 809 112 832 et.
127 809 178 832 init.
195 809 266 832 com-

50 839 123 859 ment.

47 1128 58 1139 ·
71 1125 110 1150 Cf·
124 1125 181 1149 texr‘.

746 280 935 318 SUMMA
964 280 1186 318 CONTRA
1214 280 1488 327 GENTILES,
1517 284 1611 321 LIB.
1631 286 1672 330 ΙΙ,
1703 286 1813 323 CAP.
1834 289 2036 326 XXXVIII.

292 357 433 388 multum
464 358 586 396 utilem,
611 359 702 400 quod
725 360 788 390 hoc
813 359 890 391 dicit
913 361 998 400 quia,
1023 360 1185 390 concessis
1213 359 1365 390 omnibus

293 411 377 443 quae
393 410 625 443 supponuntur
640 405 679 434 ab
703 404 762 435 hac
778 405 912 441 ratione,
929 405 1052 436 scilicet
1073 403 1279 444 multiplicari
1298 404 1366 434 ani-

292 456 361 477 mas
385 447 425 477 ad
452 448 758 488 multiplicationem
786 449 969 486 hominum,
994 455 1034 479 et‘
1048 457 1117 480 esse
1141 449 1282 486 animam
1305 448 1366 478 im-

291 492 474 529 mortalem,
492 502 528 523 ac
545 493 641 524 etiam
657 502 726 523 non
743 492 809 523 dari
825 492 988 524 infinitum
1005 494 1038 524 in
1054 500 1138 530 actu,
1156 502 1240 533 quae
1256 493 1366 523 omnia

291 536 419 567 videtur
442 546 516 568 vera
539 538 747 578 philosophia
770 543 889 574 tenere,
914 538 1042 569 difficile
1066 543 1112 568 est
1135 538 1256 568 salvare
1283 546 1366 577 quo-

291 581 394 612 modo
410 581 552 612 mundus
568 583 670 622 possit
685 591 754 612 esse
771 588 934 613 aeternus:
952 582 1008 614 sed
1023 588 1132 613 tamen
1148 582 1269 612 inutilis
1284 582 1365 612 ratio

293 631 350 662 est,
372 626 449 667 quia
464 635 502 656 ea
517 635 602 666 quae
618 626 687 667 ipsa
702 627 783 657 ratio
803 628 969 668 supponit,
986 636 1054 658 non
1078 626 1304 658 conceduntur
1326 626 1365 656 ab

292 671 456 706 omnibus,
481 670 580 710 aliqui
604 672 692 701 enim
716 681 818 702 unum
844 678 972 712 negant,
989 672 1088 712 aliqui
1105 681 1181 702 vero
1205 670 1308 706 aliud;
1335 675 1366 700 et

291 714 366 746 ideo
390 724 507 755 parvae
531 715 691 746 efficaciae
714 716 801 756 apud
824 717 912 756 ipsos
933 717 1147 757 philosophos
1164 721 1221 746 est.
1246 714 1310 746 Sed
1326 714 1365 745 de

291 759 352 790 hac
375 759 508 790 materia
530 759 674 797 inferius,
699 770 768 801 cap.
787 771 889 798 Lxxxr,
913 761 1007 792 latior
1029 770 1136 791 sermo
1160 759 1226 791 fiet.

347 804 387 834 V.
411 804 581 842 Quantum
611 805 652 836 ad
681 805 862 837 secundum
878 807 905 842 ἦ,
929 805 1054 836 inducit
1083 806 1243 836 rationem
1266 812 1365 844 quam

290 849 360 889 ipse
384 848 599 880 efficaciorem
631 850 806 881 existimat:
832 851 918 890 quia,
942 850 1074 886 scilicet,
1098 859 1156 890 per
1182 849 1247 880 hoc
1275 847 1366 888 quod

289 902 341 924 res
355 902 425 924 non
441 903 569 935 semper
584 894 725 931 fuerunt,
749 895 917 935 potissime
939 894 1160 925 manifestatur
1183 893 1292 924 divina
1308 893 1365 923 δο-

285 939 383 975 *nitas
408 947 492 978 quae
523 945 571 970 est
601 939 675 970 finis
705 939 831 970 divinae
855 939 1040 975 voluntatis,
1065 944 1096 968 et
1118 939 1218 968 virtus
1248 937 1365 968 divina.

291 982 481 1014 ostenditur
505 984 592 1014 enim
615 983 784 1015 manifeste
807 993 866 1024 per
887 983 1133 1023 incoeptionem
1149 987 1366 1013 creaturarum

291 1027 382 1068 quod
404 1038 454 1058 res
478 1029 557 1059 aliae
580 1029 700 1060 habent
723 1038 792 1059 esse
816 1038 834 1059 a
857 1028 944 1064 Deo;
970 1033 1002 1058 et
1025 1026 1115 1068 quod
1145 1036 1213 1057 non
1237 1027 1302 1067 agit
1325 1026 1364 1056 de

290 1073 480 1104 necessitate
495 1079 645 1110 naturae;
662 1079 695 1104 et
710 1071 801 1113 quod
817 1073 886 1103 eius
897 1073 1048 1112 -potentia
1064 1078 1111 1102 est
1126 1070 1260 1102 infinita.
1275 1070 1365 1101 Con-

290 1117 570 1149 venientissimum
582 1119 679 1149 etiam
691 1118 708 1134 ⁴*
719 1117 782 1148 fuit
797 1116 923 1148 divinae
939 1117 1076 1147 bonitati
1090 1122 1127 1147 ut
1142 1116 1237 1147 rebus
1253 1116 1365 1146 creatis

289 1162 488 1203 principium
512 1162 690 1194 durationis
713 1161 811 1192 daret.
1299 1189 1302 1191 .

287 1241 290 1244 ,
347 1216 377 1238 2.
403 1207 498 1238 Circa
520 1208 614 1238 istam
630 1207 900 1247 propositionem,
922 1206 1015 1236 Finis
1035 1205 1165 1236 divinae
1189 1205 1366 1235 voluntatis

290 1251 324 1282 in
349 1261 459 1283 rerum
476 1252 697 1292 productione
712 1257 760 1282 est
774 1251 843 1282 eius
858 1251 986 1281 bonitas
1003 1250 1194 1291 inquantum
1209 1259 1272 1290 per
1287 1259 1363 1280 cau-

289 1301 363 1328 sata
393 1295 634 1342 maniflesta‘tur,
663 1294 896 1327 advertendum
923 1294 1014 1336 quod
1040 1294 1205 1335 duplicem
1232 1303 1364 1325 sensum

280 1341 547 1381 habererpotest.
570 1341 692 1377 Primo,
709 1345 746 1371 ut
768 1340 801 1382 ly
817 1341 1008 1382 inquantum
1024 1338 1190 1380 specificet
1205 1339 1364 1369 rationem

289 1384 461 1416 formalem
485 1384 612 1416 divinae
628 1385 781 1416 bonitatis
799 1394 858 1425 per
873 1394 972 1426 quam
988 1385 1028 1414 sit
1051 1383 1124 1415 finis
1140 1383 1364 1424 productionis

289 1435 519 1461 creaturarum.
543 1430 586 1461 Et
607 1435 686 1461 tunc
716 1436 764 1460 est
793 1439 906 1460 sensus
929 1428 1021 1470 quod
1050 1429 1120 1469 ipsa
1147 1427 1363 1459 manifestatio

289 1473 417 1506 divinae
441 1475 592 1506 bonitatis
623 1480 670 1506 est
699 1474 780 1505 ratio
811 1474 955 1505 formalis
978 1473 1105 1504 divinae
1128 1473 1280 1504 bonitatis
1303 1473 1363 1503 sub

289 1527 355 1560 qua
370 1519 467 1550 habet
490 1519 581 1559 quod
604 1520 644 1549 sit
667 1518 750 1549 finis.
775 1518 817 1549 Et
839 1519 892 1549 hic
908 1527 1021 1555 sensus
1037 1523 1085 1548 est
1100 1517 1214 1548 falsus:
1239 1526 1300 1547 nec
1316 1523 1364 1547 est

287 1562 432 1595 intentus
456 1573 474 1593 a
497 1563 615 1594 Sancto
632 1563 772 1593 Thoma.
797 1562 903 1593 Immo
926 1563 1005 1603 ipse,
1029 1561 1068 1592 de
1091 1562 1251 1597 Potentia,
1270 1571 1362 1602 q.111,

287 1616 318 1640 a.
335 1607 385 1644 ¹5,
402 1607 442 1638 ad
463 1614 512 1646 14,
529 1607 570 1638 de
586 1607 885 1638 communicatione
902 1606 1028 1637 divinae
1044 1606 1197 1636 bonitatis
1213 1606 1362 1646 loquens,

286 1651 395 1692 inquit
418 1651 509 1692 quod
531 1651 783 1683 communicatio
806 1651 962 1682 bonitatis
983 1650 1114 1681 divinae
1137 1660 1202 1680 non
1226 1655 1274 1681 est
1289 1651 1363 1680 ulti-

285 1704 360 1728 mus
372 1697 468 1738 finis,
483 1696 541 1728 sed
563 1696 633 1737 ipsa
655 1695 794 1732 bonitas,
810 1706 854 1727 ex
869 1696 961 1726 cuius
977 1703 1091 1726 amore
1106 1700 1154 1725 est
1167 1695 1256 1735 quod
1273 1695 1363 1725 Deus

286 1750 360 1773 eam
392 1741 635 1773 communicare
665 1741 761 1771 velit:
787 1750 860 1773 cum
891 1750 957 1770 non
982 1745 1063 1781 agat
1085 1740 1180 1780 quasi
1211 1744 1363 1780 appetens

286 1785 406 1819 habere
428 1786 517 1827 quod
539 1795 605 1816 non
635 1785 743 1821 habet,
767 1785 825 1816 sed
853 1785 948 1825 quasi
978 1784 1090 1815 volens
1121 1784 1364 1815 communicare

283 1830 376 1872 quod
390 1831 502 1872 habet.

342 1874 514 1907 Secundus
537 1883 651 1905 sensus
667 1880 714 1906 est
730 1880 766 1906 ut
782 1874 814 1916 ly
831 1874 1022 1915 inquantum
1039 1872 1124 1904 dicat
1139 1871 1363 1903 conditionem

286 1919 358 1950 eius
381 1919 473 1960 quod
496 1918 687 1960 producitur
702 1925 734 1950 et
749 1924 798 1950 est
812 1919 950 1950 volitum
967 1923 1099 1958 propter
1114 1917 1224 1948 finem.
1243 1916 1362 1948 Sensus

250 1967 256 1975 ’
288 1964 377 1995 enim
392 1965 456 1996 hoc
472 1963 574 1995 modo
590 1969 638 1994 est
654 1963 745 2004 quod
768 1964 857 1994 Deus
879 1963 949 1994 vult
972 1967 1132 1993 creaturas
1155 1967 1288 2002 propter
1303 1962 1362 1992 bo—

287 2008 422 2040 nitatem
450 2018 544 2040 suam
571 2009 768 2049 inquantum
790 2007 1012 2039 manifestatur
1035 2016 1092 2047 per
1115 2007 1199 2047 ipsas
1223 2016 1281 2038 sua
1305 2007 1362 2037 bo-

286 2053 387 2085 nitas:
411 2054 455 2084 ita
479 2052 571 2094 quod
593 2053 682 2084 nulla
705 2053 765 2084 alia
788 2053 913 2083 ratione
933 2052 1001 2083 vult
1024 2057 1183 2082 creaturas
1199 2052 1231 2082 in
1249 2050 1362 2085 ordine

289 2097 330 2129 ad
347 2107 440 2129 suam
463 2098 643 2129 bonitatem
665 2098 727 2129 nisi
743 2098 820 2138 quia
839 2102 915 2128 sunt
938 2098 1007 2128 eius
1030 2095 1298 2132 manifestativae;
1324 2105 1362 2127 ex

288 2151 400 2174 amore
416 2143 504 2175 enim
520 2142 672 2173 bonitatis
696 2152 772 2173 suae
796 2142 866 2173 vult
889 2142 958 2172 eius
982 2141 1315 2172 communicationem
1331 2146 1363 2171 et

287 2186 583 2218 manifestationem
606 2196 664 2227 per
687 2192 868 2218 creaturas..
889 2186 979 2217 Sicut
1007 2186 1034 2216 si
1065 2185 1246 2216 diceremus
1272 2185 1363 2226 quod

287 2231 436 2263 infirmus
458 2231 547 2263 nulla
570 2231 631 2262 alia
653 2232 778 2262 ratione
801 2231 870 2262 vult
899 2230 1095 2262 medicinam
1123 2236 1256 2271 propter
1278 2231 1362 2260 sani-

287 2281 388 2308 tatem
410 2277 472 2308 nisi
495 2277 572 2317 quia
598 2286 656 2317 per
684 2277 789 2316 ipsam
818 2276 936 2306 sanitas
965 2275 1088 2306 causari
1118 2280 1240 2315 potest:
1266 2284 1362 2315 posse

287 2322 377 2353 enim
400 2330 531 2352 causare
554 2322 723 2352 sanitatem
751 2326 834 2351 esset
863 2321 944 2351 ratio
969 2325 1000 2350 et
1023 2319 1168 2351 conditio
1191 2329 1225 2350 se
1249 2324 1362 2350 tenens

288 2374 328 2396 ex
350 2372 440 2407 parte
463 2366 533 2397 eius
557 2365 648 2406 quod
671 2371 805 2406 propter
831 2364 931 2396 finem
959 2365 1130 2405 appetitur,
1161 2374 1230 2395 non
1253 2370 1361 2395 autem

287 2416 371 2442 esset
393 2411 474 2441 ratio
497 2411 639 2441 sanitatis
662 2416 699 2442 ut
721 2415 770 2441 est
791 2409 875 2441 finis.
906 2410 947 2440 Et
970 2409 1022 2440 hic
1050 2418 1162 2440 sensus
1193 2414 1241 2440 est
1267 2419 1362 2440 verus

288 2459 321 2486 et
343 2455 396 2486 hic
418 2456 572 2486 intentus.
598 2454 686 2486 Cum
717 2455 805 2486 enim
835 2454 924 2486 Deus
956 2459 1037 2494 agat,
1063 2464 1129 2484 non
1153 2463 1196 2484 ex
1217 2455 1360 2494 appetitu

277 2499 373 2541 finis,
390 2499 448 2531 sed
462 2509 505 2530 ex
526 2500 596 2531 eius
619 2509 742 2535 amore,
759 2505 797 2530 ut
812 2499 928 2530 dicitur
943 2499 983 2530 de
997 2499 1158 2534 Potentia,
1178 2499 1234 2529 ubi
1255 2508 1361 2539 supra,

287 2543 397 2576 divina
414 2545 542 2575 bonitas
557 2550 663 2576 amata
677 2550 726 2576 est
739 2545 820 2575 ratio
837 2550 870 2575 et
885 2554 980 2575 causa
995 2543 1099 2574 finalis
1114 2550 1248 2584 propter
1263 2553 1362 2584 quam

245 2607 252 2612 ·
287 2589 357 2620 vult
379 2594 540 2620 creaturas
562 2589 754 2630 producere,
777 2590 972 2629 inquantum
994 2589 1029 2619 in
1052 2589 1121 2629 ipsa
1144 2594 1362 2619 creaturarum

47 3130 58 3140 ·
66 3128 111 3151 Ea.
122 3135 187 3157 ¹497,
200 3129 217 3151 f.
225 3135 236 3158 5
243 3135 261 3151 r.

46 3179 58 3188 ·
73 3179 124 3201 Art.
137 3184 150 3200 2
163 3177 216 3206 (vol.
228 3184 262 3206 ιιι,

47 3205 261 3234 ρ.5,Τιιωα.ι9021.

287 2633 506 2674 productione
537 2633 759 2665 manifestatur
791 2632 899 2664 divina
932 2634 1074 2669 bonitas,
1104 2642 1203 2673 quam
1235 2643 1362 2664 summe

287 2684 390 2709 amat:
414 2678 458 2709 ita
481 2678 573 2718 quod
595 2688 663 2710 non
687 2678 783 2710 vellet
805 2678 909 2719 ipsam
932 2683 1149 2708 creaturarum
1173 2677 1362 2717 productio-

287 2732 365 2754 nem
386 2723 450 2754 nisi
472 2722 614 2754 divinam
637 2724 817 2754 bonitatem
832 2721 1088 2767 manifestarent;
1104 2723 1197 2752 ‘sicut
1220 2727 1252 2752 et
1273 2722 1362 2752 infir-

287 2777 361 2798 mus
390 2777 460 2798 non
483 2767 553 2798 vult
581 2767 777 2798 medicinam
807 2766 877 2797 nisi‘
898 2767 1093 2806 inquantum
1124 2771 1172 2796 est
1202 2767 1362 2797 causativa

287 2811 441 2842 sanitatis.

344 2855 395 2886 Ex
417 2865 455 2886 ns
478 2865 614 2886 nunnius
645 2865 728 2896 quae
758 2854 921 2895 praedicta
951 2860 1042 2890 sunt,
1067 2854 1197 2885 deducit
1226 2855 1362 2886 Sanctus

289 2899 435 2931 Thomas
465 2899 557 2940 quod
587 2899 703 2930 diversi
733 2909 856 2930 errores
885 2899 1159 2940 philosophorum
1193 2899 1361 2937 tolluntur,

287 2945 484 2984 ponentium
507 2943 630 2985 aliquid
653 2949 820 2975 aeternum
843 2949 968 2984 praeter
991 2943 1108 2980 Deum,
1126 2943 1165 2974 de
1182 2945 1300 2984 quibus
1316 2946 1362 2976 vi-

289 2987 406 3019 delicet
429 2988 442 3019 Ι
459 2993 490 3019 et
505 2988 578 3019 VIII
594 2988 809 3029 Physicorum
833 2993 994 3024 tractatur,
1019 2993 1051 3018 et
1075 2987 1087 3018 1
1106 2988 1207 3018 Caeli.

343 3033 398 3063 VI.
421 3033 550 3064 Praeter
571 3034 711 3063 rationes
735 3042 832 3072 supra
854 3032 964 3068 dictas,
981 3033 1099 3073 quibus
1123 3033 1222 3073 aliqui
1246 3034 1362 3073 proba-

289 3083 406 3108 verunt
427 3077 590 3108 mundum
619 3087 686 3108 non
718 3086 846 3117 semper
875 3077 984 3113 fuisse,
1009 3083 1056 3108 est
1078 3078 1159 3108 ratio
1184 3077 1321 3109 adducta
1344 3088 1362 3109 a

289 3122 402 3159 Scoto‚
418 3122 582 3159 Secundo,
604 3121 634 3153 d.
651 3132 672 3158 1,
690 3132 721 3162 q.
738 3131 773 3152 ιιι
788 3122 815 3158 ⁴²,
840 3127 872 3152 et
895 3132 912 3152 a
937 3121 1110 3162 Capreolo,
1134 3122 1160 3152 II
1177 3122 1275 3158 Sent„
1292 3122 1323 3153 d.
1340 3133 1360 3159 1,

289 3177 320 3208 q.
337 3177 349 3197 1
364 3168 390 3203 *,
416 3176 499 3207 quae
523 3167 593 3198 talis
617 3172 673 3197 est.
699 3166 732 3198 Si
754 3171 884 3206 tempus
907 3175 1035 3206 semper
1058 3166 1170 3197 fuisset
1188 3173 1220 3197 et
1235 3177 1363 3207 semper
1387 3159 1389 3171 ⁴

289 3217 372 3243 esset
387 3211 543 3248 futurum,
556 3217 746 3251 sequeretur
768 3210 859 3251 quod
873 3220 956 3251 pars
972 3216 1054 3241 esset
1068 3211 1176 3241 maior
1191 3217 1270 3242 toto.
1287 3212 1361 3242 Hoc

290 3261 337 3287 est
360 3261 473 3287 contra
496 3257 638 3297 primurn
663 3262 695 3286 et
717 3256 924 3287 notissimum
951 3256 1158 3295 principium.
1189 3256 1276 3296 Ergo
1302 3262 1361 3287 etc.

343 3300 502 3332 Probatur
525 3302 768 3341 consequentia.
792 3300 834 3330 Et
857 3301 1053 3340 supponitur
1069 3300 1160 3340 quod
1176 3305 1255 3331 tunc
1270 3311 1362 3341 prae-

288 3345 419 3376 teritum
435 3351 466 3376 et
481 3345 628 3377 futurum
644 3351 738 3376 erunt
762 3345 923 3385 aequalia:
948 3345 1024 3384 quia
1047 3350 1224 3385 utrumque
1240 3346 1298 3376 erit
1313 3346 1362 3376 in-
1387 3361 1390 3365 ²

289 3388 428 3420 finitum.
452 3390 503 3421 Sit
525 3391 630 3432 igitur
658 3390 808 3421 meridies
837 3390 934 3420 huius
960 3389 1024 3419 diei
1047 3390 1085 3424 A,
1110 3390 1260 3420 meridies
1283 3400 1359 3420 vero

289 3433 355 3464 diei
369 3434 534 3466 crastinae
549 3435 592 3465 sit
605 3435 644 3465 B.
670 3435 766 3466 Tunc
782 3435 837 3464 sic.
865 3433 1076 3474 Quocumque
1100 3439 1243 3474 tempore
1263 3444 1361 3475 prae—

289 3478 419 3510 teritum
443 3479 487 3510 ad
508 3480 539 3510 B
562 3485 610 3510 est
631 3480 746 3515 maius,
765 3479 923 3520 futurum
948 3478 992 3508 ad
1013 3478 1043 3508 B
1066 3483 1114 3509 est
1135 3479 1260 3509 maius:
1282 3480 1360 3520 quia

287 3528 365 3554 sunt
387 3524 550 3565 aequalia.
582 3524 646 3555 Sed
666 3525 791 3566 futuro
823 3523 866 3554 ad
888 3525 916 3553 A
941 3523 1157 3563 praeteritum
1188 3523 1232 3553 ad
1257 3523 1287 3553 B
1314 3529 1361 3554 est

2410 292 2484 341 357

1391 384 1393 395 ,
1420 360 1534 390 maius.
1559 362 1652 403 Ergo
1668 364 1790 404 futuro
1816 366 1859 396 ad
1874 368 1900 396 Α
1916 368 2073 408 futurum
2098 369 2140 400 ad
2162 370 2192 400 B
2215 376 2262 401 est
2284 372 2398 403 maius.
2422 373 2486 404 Sed

1390 604 1393 618 l

1409 404 1568 454 futurum
1592 407 1636 436 ad
1657 407 1687 436 B
1706 414 1752 438 est
1769 419 1851 448 pars
1865 411 1981 451 futuri
1997 413 2040 443 ad
2056 415 2093 443 A.
2110 414 2196 454 Ergo
2213 421 2273 446 etc.
2290 434 2311 438 —
2328 416 2485 448 Probatur

1418 456 1526 497 minor
1549 450 1743 501 principalis.
1763 453 1995 496 Quodcumque
2018 462 2139 498 tempus
2162 464 2209 489 est
2231 461 2336 490 maius
2354 468 2484 501 praete-

1420 496 1483 522 rito
1500 493 1543 522 ad
1559 495 1596 528 A,
1614 500 1660 524 est
1676 505 1781 526 maius
1795 497 1917 537 futuro
1935 500 1977 529 ad
1993 502 2040 530 A:
2063 511 2134 532 cum
2157 504 2222 533 sint
2240 506 2402 545 aequalia.
2421 506 2483 537 Sed

1413 537 1630 587 praeteri-tum
1661 539 1704 568 ad
1730 539 1759 568 B
1789 547 1836 570 est
1865 543 1968 573 maius
1986 547 2165 583 praeterito
2193 548 2236 578 ad
2259 550 2295 579 A.
2321 549 2413 591 Ergo
2437 556 2485 581 est

1419 590 1525 611 matus
1539 587 1664 622 juturo
1689 583 1732 612 ad
1755 586 1792 613 A.

1476 634 1506 655 2.
1520 625 1582 655 Pro
1599 626 1695 656 huius
1711 628 1842 658 rationis
1858 629 2030 667 solutione,
2047 634 2314 667 considerandum
2331 644 2377 668 est
2393 639 2483 679 quod

1418 670 1564 710 aequale,
1582 670 1687 700 maius
1703 677 1734 701 et
1750 672 1856 702 minus
1871 683 1998 714 semper
2015 677 2192 708 secundum
2212 682 2365 712 terminos
2381 692 2482 722 quan-

1418 714 1547 744 titatum
1570 715 1789 755 accipiuntur:
1815 716 1930 747 dicitur
1954 720 2040 750 enim
2069 731 2132 751 una
2156 726 2312 762 quantitas
2341 728 2482 767 aequalis

1418 758 1518 795 alteri,
1543 759 1619 799 quia
1643 760 1771 789 termini
1795 760 1864 790 eius
1887 763 2041 793 terminos
2065 765 2191 796 alterius
2219 777 2286 798 non
2313 771 2480 802 excedunt.

1418 801 1512 833 Unde
1529 803 1585 833 ubi
1602 804 1794 844 quantitates
1817 812 1985 844 ponuntur
1999 817 2068 838 non
2084 809 2199 840 habere
2222 814 2384 851 terminos,
2401 817 2483 847 sicut

1418 846 1534 878 accidit
1556 848 1590 878 in
1614 848 1845 888 quantitatibus
1860 848 2002 887 infinitis,
2019 852 2063 881 ibi
2079 855 2207 893 proprie
2223 865 2289 886 non
2305 863 2351 890 est
2366 868 2482 899 aequa-

1418 892 1489 922 litas
1517 898 1572 922 aut
1602 893 1821 932 inaequalitas.
1852 893 1992 924 Possunt
2021 901 2128 926 tamen
2159 898 2267 938 aliquo
2297 901 2406 932 modo'
2421 896 2482 934 dici

1418 936 1569 976 aequales
1592 943 1647 967 aut
1670 937 1855 978 inaequales
1879 940 2072 978 quantitates
2095 941 2236 973 infinitae
2261 954 2298 973 ex
2318 955 2381 975 una
2396 954 2482 986 parte

1418 986 1554 1018 tantum,
1571 982 1596 1011 si
1613 988 1843 1022 comparentur
1858 983 2039 1014 secundum
2056 995 2126 1016 eam
2145 993 2267 1026 partem
2282 989 2315 1018 in
2333 999 2396 1029 qua
2411 998 2484 1022 sunt

1418 1024 1544 1056 finitae:
1569 1035 1636 1056 non
1661 1033 1770 1056 autem
1793 1027 1818 1057 si
1842 1034 2070 1068 comparentur
2093 1031 2273 1062 secundum
2302 1039 2423 1073 partem
2447 1045 2484 1066 ex

1418 1079 1483 1110 qua
1506 1076 1675 1110 ponuntur
1697 1069 1851 1102 infinitae.

1475 1114 1758 1146 Considerandum
1782 1115 1926 1146 secundo
1947 1117 2047 1157 quod,
2064 1118 2090 1148 si
2106 1118 2200 1149 debet
2216 1120 2401 1153 huiusmodi
2417 1123 2484 1154 fieri

1418 1160 1629 1199 comparatio,
1646 1165 1776 1200 oportet
1799 1166 1834 1190 ut
1858 1170 1896 1191 ex
1920 1161 2034 1192 eadem
2050 1168 2138 1202 parte
2161 1165 2356 1205 accipiantur
2372 1173 2402 1198 et
2418 1177 2484 1198 ma-

1416 1203 1602 1244 gnitudines
1626 1209 1657 1234 et
1679 1205 1823 1235 termIni:
1849 1205 1971 1236 scilicet
1993 1212 2048 1236 aut
2072 1216 2110 1236 ex
2133 1214 2221 1248 parte
2244 1211 2406 1251 principii,
2430 1218 2485 1243 aut

1417 1257 1455 1278 ex
1474 1254 1564 1289 parte
1588 1248 1671 1279 finis.
1696 1249 1778 1279 Nam
1796 1250 1823 1279 si
1838 1250 2037 1290 accipiantur
2052 1250 2134 1282 duae
2150 1253 2252 1284 lineae
2268 1263 2404 1294 quarum
2420 1266 2484 1287 una

1416 1293 1456 1323 sit
1479 1292 1604 1324 infinita
1627 1303 1738 1324 versus
1762 1294 1931 1331 orientem,
1955 1295 2051 1325 altera
2075 1305 2152 1326 vero
2176 1298 2214 1327 sit
2237 1298 2359 1330 infinita
2377 1310 2484 1331 versus

1417 1337 1632 1374 occidentem,
1649 1339 1927 1379 terminenturque
1951 1339 1991 1370 ad
2014 1339 2159 1370 medium
2175 1342 2298 1379 mundi,
2314 1344 2400 1383 ipsae
2417 1355 2483 1375 non

1417 1381 1565 1413 dicentur
1592 1383 1760 1422 aequales:
1786 1384 1863 1423 quia
1886 1383 1966 1414 illud
1989 1383 2134 1415 medium
2165 1395 2233 1416 non
2263 1393 2309 1417 est
2331 1390 2484 1420 terminus

1417 1427 1584 1467 utriusque
1601 1427 1719 1458 eodem
1738 1427 1851 1464 modo,
1867 1428 1924 1458 sed
1949 1429 2044 1459 unius
2069 1435 2116 1460 est
2138 1430 2342 1470 prinprium,
2359 1433 2484 1464 alterius

1417 1481 1494 1502 vero
1511 1471 1595 1502 finis.
1620 1471 1684 1502 Sed
1707 1472 1800 1508 bene,
1817 1473 1843 1502 si
1859 1473 2057 1513 accipiantur
2081 1473 2162 1504 duae
2186 1474 2326 1506 infinitae
2343 1486 2380 1507 ex
2396 1484 2484 1517 parte

1417 1516 1560 1552 orientis,
1578 1522 1610 1546 et
1625 1517 1812 1547 terminatae
1828 1517 1868 1548 ad
1883 1518 1970 1557 paria
1994 1524 2115 1558 puncta
2138 1528 2246 1549 versus
2270 1521 2481 1558 occidentem,

1417 1566 1550 1600 possent
1584 1560 1694 1601 aliquo
1727 1560 1829 1591 modo
1861 1562 2011 1602 aequales
2044 1561 2117 1593 dici.
2152 1562 2302 1595 Similiter
2335 1575 2425 1606 ergo,
2459 1567 2484 1597 si

1417 1603 1484 1635 duo
1507 1610 1656 1645 tempora
1679 1604 1804 1636 infinita
1827 1612 2001 1645 ponantur,
2017 1616 2122 1638 unum
2145 1617 2163 1637 a
2186 1614 2273 1648 parte
2291 1615 2381 1645 ante,
2399 1611 2485 1641 aliud

1416 1658 1494 1679 vero
1519 1658 1537 1679 a
1560 1655 1649 1689 parte
1667 1655 1753 1690 post,
1770 1650 1845 1680 licet
1869 1650 1909 1680 ad
1931 1650 2019 1681 idem
2041 1651 2162 1682 instans
2183 1654 2401 1690 terminentur,
2417 1665 2484 1686 non

1417 1699 1571 1733 poterunt
1586 1693 1650 1724 dici
1673 1694 1834 1734 aequalia:
1859 1694 1915 1725 sed
1931 1696 2013 1726 bene
2029 1696 2056 1726 si
2071 1697 2168 1727 ambo
2186 1696 2303 1728 fuerint
2319 1708 2356 1729 ex
2373 1699 2483 1729 eadem

1417 1743 1506 1778 parte
1529 1737 1656 1769 infinita
1678 1744 1710 1769 et
1733 1748 1772 1769 ex
1795 1738 1909 1770 eadem
1932 1739 2032 1770 finita.

1472 1781 1524 1812 Ad
1539 1783 1699 1814 rationem
1715 1792 1803 1823 ergO,
1820 1790 1955 1824 negatur
1970 1786 2212 1825 consequentia.
2236 1786 2288 1817 Ad
2304 1788 2395 1818 cuius
2410 1798 2484 1827 pro-

1416 1827 1593 1864 bationem,
1617 1833 1752 1868 negatur
1775 1828 1840 1859 hoc
1864 1829 2081 1869 suppositum,
2098 1829 2188 1870 quod
2204 1836 2250 1861 est
2266 1833 2395 1862 rationis
2412 1831 2483 1862 fun-

1416 1871 1616 1908 damentum,
1641 1872 1762 1903 scilicet
1786 1872 1876 1913 quod
1906 1879 2035 1914 tempus
2065 1875 2270 1914 praeteritum
2301 1882 2331 1907 et
2358 1882 2484 1917 tempus

1417 1915 1573 1953 futurum,
1605 1926 1747 1958 quorum
1777 1917 1946 1958 quodlibet
1975 1919 2108 1959 ponitur
2137 1918 2312 1957 infinitum,
2344 1922 2406 1951 sint
2433 1931 2484 1952 ae-

1416 1961 1541 2001 qualia;
1565 1966 1598 1992 et
1620 1968 1860 2002 consequenter
1882 1962 1973 2003 quod
1996 1964 2099 1994 maius
2123 1973 2189 1994 uno
2213 1965 2252 1994 sit
2271 1966 2366 1995 etiam
2381 1967 2483 1996 maius

1417 2005 1532 2042 alter0;
1558 2012 1589 2036 et
1612 2015 1825 2047 quocumque
1849 2017 1953 2038 unum
1973 2013 2020 2038 est
2035 2009 2148 2044 maius,
2166 2008 2299 2039 alterum
2315 2010 2354 2040 sit
2370 2011 2482 2041 maius.

1416 2049 1500 2080 Nam
1523 2051 1557 2080 in
1580 2050 1642 2081 illis
1665 2060 1734 2082 non
1758 2052 1962 2092 accipiuntur
1984 2053 2112 2083 termini
2137 2062 2174 2083 ex
2198 2053 2310 2084 eadem
2333 2060 2430 2094 parte,
2447 2060 2483 2086 ut

1415 2095 1518 2135 possit
1541 2094 1611 2126 fieri
1634 2097 1835 2136 comparatio
1859 2095 2040 2128 secundum
2068 2098 2200 2138 aequale
2228 2104 2282 2129 aut
2305 2099 2481 2140 inaequale.

1473 2139 1503 2170 3.
1529 2138 1593 2170 Sed
1616 2141 1756 2171 occurrit
1779 2140 1915 2172 dubium
1932 2142 2015 2172 circa
2031 2141 2063 2172 id
2080 2141 2168 2183 quod
2192 2142 2313 2173 dictum
2330 2149 2385 2180 est,
2402 2150 2482 2174 tem-

1416 2193 1496 2224 pora
1513 2194 1551 2214 ex
1567 2184 1681 2216 eadem
1697 2190 1786 2225 parte
1802 2185 1901 2222 finita,
1918 2187 1944 2217 si
1960 2186 2000 2217 ad
2015 2186 2102 2217 idem
2121 2187 2239 2217 instans
2263 2189 2481 2224 terminentur,

1416 2238 1486 2260 esse
1509 2229 1667 2270 aequalia.
1691 2229 1743 2261 Sic
1767 2231 1855 2261 enim
1877 2230 2004 2262 videtur
2027 2231 2117 2271 quod
2139 2232 2172 2262 in
2195 2237 2341 2272 tempore
2356 2232 2482 2263 infinito

1416 2283 1434 2304 a
1458 2279 1546 2314 parte
1570 2279 1647 2305 ante
1669 2274 1736 2305 dies
1760 2275 1823 2306 sint
1846 2276 1997 2316 aequales
2020 2277 2127 2306 annis:
2153 2286 2228 2307 cum
2247 2276 2286 2307 ad
2309 2276 2394 2308 idem
2422 2283 2482 2307 ter-

1416 2319 1590 2349 minentur.
1615 2319 1690 2350 Hoc
1714 2325 1823 2350 autem
1846 2321 1955 2351 nullus
1979 2320 2107 2351 diceret.

1471 2363 1700 2405 Respondetur
1723 2364 1813 2405 quod
1837 2364 1903 2396 dies
1927 2371 1958 2396 et
1987 2366 2062 2396 anni
2086 2365 2255 2406 dupliciter
2277 2367 2379 2406 accipi
2408 2376 2483 2407 pos-

1415 2414 1507 2439 sunt:
1529 2418 1598 2439 uno
1614 2408 1727 2446 modo,
1744 2409 1934 2450 accipiendo
1951 2416 2079 2451 tempus
2102 2420 2260 2441 annorum
2276 2421 2333 2452 per
2348 2411 2482 2441 modum

1416 2453 1512 2484 unius
1536 2454 1694 2490 continui,
1723 2460 1754 2485 et
1783 2454 1929 2485 similiter
1957 2460 2086 2495 tempus
2117 2454 2257 2492 dierum;
2282 2456 2344 2486 alio
2371 2455 2481 2491 modo,

1415 2503 1591 2539 utrumque
1607 2507 1665 2538 per
1680 2499 1817 2530 modum
1833 2499 1960 2530 discreti
1983 2499 2182 2540 accipiendo,
2199 2500 2377 2531 secundum
2393 2500 2482 2540 quod

1415 2543 1524 2583 ipsum
1547 2549 1676 2584 tempus
1705 2545 1899 2575 continuum
1928 2545 2064 2575 existens
2087 2554 2144 2584 per
2167 2544 2233 2574 dies
2257 2551 2288 2575 et
2311 2554 2412 2575 annos
2436 2544 2482 2575 di-

1415 2587 1544 2619 viditur.
1568 2588 1676 2619 PrImo
1700 2588 1812 2626 modo,
1837 2599 1904 2619 non
1929 2595 1976 2620 est
1999 2589 2228 2619 inconveniens
2252 2588 2319 2619 dies
2338 2599 2405 2619 esse
2429 2599 2480 2619 ae-

1416 2633 1528 2672 quales
1544 2633 1652 2664 annis:
1677 2633 1779 2664 immo
1797 2640 1925 2674 tempus
1943 2633 2068 2664 dierum
2091 2639 2122 2663 et
2146 2642 2305 2663 annorum
2322 2639 2368 2663 est
2383 2632 2478 2663 idem.

1415 2676 1567 2708 Secundo
1592 2676 1704 2714 modo,
1730 2677 1796 2708 dies
1821 2684 1895 2709 sunt
1918 2677 2039 2717 aliquid
2062 2678 2164 2707 maius
2188 2686 2285 2716 quam
2309 2677 2370 2707 sint
2393 2678 2478 2713 anni,

1415 2727 1447 2752 et
1470 2731 1538 2752 non
1561 2727 1637 2752 sunt
1659 2722 1721 2753 illis
1745 2723 1904 2763 aequales.
1931 2722 2019 2753 Sicut
2049 2722 2081 2752 in
2112 2731 2175 2752 una
2203 2727 2234 2751 et
2262 2721 2372 2751 eadem
2396 2721 2478 2751 linea

1415 2772 1520 2806 partes
1536 2766 1691 2797 cubitales
1714 2773 1789 2797 sunt
1812 2768 1919 2808 plures
1935 2776 2033 2807 quam
2056 2767 2118 2796 sint
2141 2765 2335 2801 bicubstales,
2352 2765 2378 2795 si
2394 2771 2477 2795 utra-

1416 2820 1480 2851 que
1503 2820 1562 2851 per
1584 2811 1721 2842 modum
1745 2811 1930 2852 quantitatis
1957 2811 2109 2841 discretae
2140 2810 2349 2850 accipiantur:
2374 2809 2428 2839 sed
2451 2809 2477 2839 si

1414 2856 1613 2896 accipiantur
1628 2865 1686 2896 per
1701 2856 1838 2887 modum
1854 2856 2010 2891 contInui,
2027 2861 2101 2886 sunt
2116 2864 2179 2885 una
2196 2860 2226 2884 et
2243 2853 2352 2884 eadem
2375 2863 2476 2893 quan-

1415 2901 1498 2931 titas.
1516 2900 1558 2932 Ut
1574 2901 1662 2931 enim
1678 2901 1784 2941 inquit
1800 2901 1934 2932 Sanctus
1951 2900 2094 2930 Thomas
2118 2899 2234 2934 Tertia,
2253 2908 2282 2938 q.
2300 2908 2328 2934 x,
2347 2897 2375 2933 3,
2393 2897 2432 2927 ad
2445 2898 2475 2933 3,

1416 2945 1491 2975 licet
1513 2945 1640 2986 infinito
1665 2945 1698 2975 in
1723 2946 1833 2986 aliquo
1859 2944 1972 2975 ordine
1996 2954 2061 2974 non
2084 2944 2126 2974 sit
2149 2943 2252 2973 maius
2279 2942 2311 2972 in
2342 2942 2398 2971 illo
2423 2951 2476 2970 or-

1415 2989 1500 3024 dine,
1519 2995 1629 3030 potest
1644 2995 1749 3020 tamen
1767 2991 1823 3020 illo
1842 2989 1944 3029 accipi
1962 2989 2067 3019 maius
2089 2993 2182 3018 extra
2206 2987 2295 3017 illum
2320 2985 2475 3016 ordinem.

1416 3034 1457 3064 Et
1472 3034 1527 3068 sic,
1545 3034 1620 3064 licet
1635 3035 1668 3064 in
1685 3034 1797 3065 ordine
1821 3035 1981 3064 mensium
1997 3043 2064 3063 non
2080 3034 2119 3062 sit
2134 3031 2252 3071 aliquid
2268 3031 2369 3060 maius
2385 3039 2476 3060 men-

1415 3079 1503 3110 sibus
1526 3078 1669 3114 infinitis,
1694 3085 1802 3110 tamen
1826 3078 1987 3109 infinitum
2014 3079 2046 3107 in
2071 3075 2182 3107 ordine
2206 3075 2329 3105 dierum
2351 3079 2397 3104 est
2420 3074 2476 3104 ali-

1415 3123 1495 3164 quid
1518 3124 1622 3154 maius
1645 3123 1777 3154 infinitis
1801 3123 1974 3158 mensibus,
1999 3127 2030 3152 et
2054 3121 2119 3152 dies
2142 3119 2256 3150 infiniti
2277 3124 2350 3148 sunt
2368 3118 2475 3158 plures

1415 3168 1581 3199 mensibus
1604 3167 1746 3199 infinitis.

1472 3212 1559 3243 Cum
1583 3218 1692 3243 autem
1716 3213 1831 3243 dicitur
1855 3210 1943 3251 quod
1966 3210 2174 3240 terminantur
2196 3207 2236 3237 ad
2259 3205 2398 3237 eundem
2414 3211 2476 3236 ter-

1416 3257 1560 3287 minum:
1586 3257 1701 3288 dicitur
1718 3255 1806 3297 quod
1822 3265 1889 3285 non
1906 3260 1952 3285 est
1973 3262 2092 3288 verum,
2117 3253 2307 3291 inquantum
2331 3256 2405 3280 sunt
2428 3250 2476 3280 di—

1416 3307 1528 3332 screta.
1545 3301 1628 3332 Nam
1645 3309 1758 3332 eoram
1774 3300 1856 3335 finis,
1873 3305 1908 3328 ut
1923 3299 1977 3333 sic,
1997 3306 2062 3327 non
2083 3302 2129 3326 est
2144 3297 2271 3330 instans,
2288 3294 2344 3325 sed
2360 3295 2474 3325 unitas.

1416 3345 1511 3377 Unde
1534 3347 1568 3376 in
1592 3345 1705 3376 ordine
1722 3345 1891 3378 mensium,
1908 3343 2011 3372 unitas
2031 3341 2114 3370 illius
2137 3340 2254 3370 mensis
2277 3340 2333 3379 qui
2357 3344 2403 3369 est
2426 3339 2475 3369 ul—

1415 3391 1523 3426 timus,
1544 3396 1591 3420 est
1606 3391 1771 3420 terminus.
1797 3388 1831 3417 In
1855 3386 1965 3417 ordine
1981 3391 2087 3415 autem
2104 3384 2237 3419 dierum,
2255 3384 2410 3413 terminus
2429 3388 2476 3414 est

1414 3435 1468 3465 ille
1493 3445 1577 3465 unus
1602 3434 1668 3464 dies
1693 3434 1749 3473 qui
1772 3437 1818 3462 est
1842 3431 1981 3465 ultimus,
2004 3429 2068 3458 sive
2092 3429 2195 3458 unitas
2219 3428 2297 3457 eius.

1471 3479 1587 3510 Cetera
1610 3488 1692 3518 quae
1716 3478 1749 3507 in
1773 3477 1830 3506 hac
1854 3474 1982 3504 materia
2007 3473 2126 3502 faciunt
2150 3471 2379 3508 difficultatem,
2403 3471 2475 3502 vide

1415 3523 1501 3563 apud
1526 3523 1732 3563 Capreolum,
1757 3521 1830 3550 loco
1855 3518 2075 3558 praeallegato.

1119 3620 1654 3661 ἥβῃ-
