2768 4134
307 261 380 298 114

300 334 348 361 est
368 329 486 358 bonum
511 326 628 366 ipsius:
650 323 741 359 idest,
767 332 835 353 esse
855 323 888 352 in
908 327 982 352 actu
999 326 1047 352 est
1061 321 1142 352 illud
1158 331 1197 352 ex
1214 331 1282 362 quo
1299 321 1373 352 fun-

299 371 518 405 damentaliter
541 374 573 399 et
595 367 773 399 radicaliter
797 366 918 407 aliquid
942 366 1059 396 dicitur
1081 366 1218 396 bonum.

356 427 384 447 2.
410 414 473 446 Sed
496 414 580 444 circa
602 413 667 443 hoc
690 412 827 443 dubium
851 411 1002 442 occurrit.
1027 410 1060 441 Si
1084 411 1172 441 enim
1195 410 1276 441 nulli
1293 420 1372 442 con-

298 461 385 492 venit
407 459 488 490 ratio
512 458 591 488 boni
609 458 670 488 nisi
693 458 888 497 inquantum
905 461 952 487 est
967 456 1001 486 in
1017 460 1102 491 actu,
1119 456 1266 496 sequitur
1281 455 1372 496 quod

297 505 329 537 id
353 503 443 546 quod
464 512 534 533 non
558 507 605 533 est
627 502 662 532 in
685 507 769 537 actu,
786 510 854 531 non
870 501 986 531 habeat
1009 500 1169 530 rationem
1191 500 1281 531 boni.
1307 500 1372 531 Sed

296 551 360 581 hoc
376 553 424 579 est
439 547 571 578 falsum:
596 547 673 587 quia
688 546 804 576 sanitas
820 554 919 586 quam
935 543 1085 575 nondum
1100 544 1198 575 habet
1212 544 1370 581 infirmus,

295 595 382 625 bona
405 597 462 629 est,
485 601 563 623 cum
586 592 626 622 ab
649 590 780 622 infirmo
804 594 983 630 appetatur,
1008 589 1090 619 ratio
1113 594 1224 620 autem
1247 590 1371 630 appeti-

295 639 367 669 bilis
381 638 541 668 rationem
564 636 644 666 boni
668 639 896 676 consequatur.
921 634 1008 674 Ergo
1025 642 1094 664 non
1109 633 1217 664 solum
1234 634 1264 665 ei
1281 634 1372 675 quod

294 689 342 714 est
365 683 398 713 in
422 687 496 712 actu
520 681 674 712 convenit
694 681 776 711 ratio
800 679 888 715 boni,
913 678 970 709 sed
993 679 1091 708 etiam
1115 679 1145 709 ei
1168 678 1260 719 quod
1286 687 1370 710 non-

294 728 373 759 dum
398 732 445 757 est
468 727 502 757 in
525 731 609 756 actu.

349 771 401 803 Ad
430 771 527 802 huius
557 769 751 800 difficultatis
781 769 980 799 solutionem
1010 767 1134 807 duplici
1163 766 1370 798 distinctione

294 826 378 858 opus
401 821 458 846 est.
483 815 590 846 Prima
605 819 662 844 est.
686 813 866 854 Dupliciter
882 811 1003 853 aliquid
1018 817 1127 852 potest
1142 810 1206 842 dici
1228 812 1368 843 bonum:

293 871 361 893 uno
384 860 497 896 modo,
521 864 676 899 tanquam
699 858 733 889 id
756 857 846 899 quod
869 857 965 888 habet
988 857 1178 893 bonitatem,
1195 857 1262 887 sive
1278 856 1369 898 quod

292 908 326 938 in
350 906 494 936 bonitate
517 904 672 940 subsistit;
697 903 760 934 alio
784 901 897 938 mod0‚
921 907 1077 942 tanquam
1100 900 1134 931 id
1158 910 1227 942 quo
1245 901 1369 942 aliquid

293 956 342 982 est
363 949 539 981 formaliter
561 949 698 978 bonurn.
713 965 738 970 —
755 946 904 978 Secunda
928 951 985 977 est.
1015 946 1082 976 Ens
1105 946 1140 976 in
1163 950 1238 976 actu
1260 951 1370 987 potest

293 995 463 1036 dupliciter
478 993 627 1033 intelligi:
645 1001 713 1023 uno
725 991 838 1028 modo,
851 989 1032 1021 secundum
1048 995 1158 1021 actum
1174 991 1367 1028 exerciturm

292 1041 356 1071 alio
371 1038 484 1075 modo,
501 1036 682 1069 secundum
698 1042 807 1067 actum
823 1037 994 1076 signatum.
1010 1035 1120 1066 Primo
1136 1035 1239 1066 modo
1252 1035 1369 1066 dicitur

292 1083 413 1125 aliquid
436 1093 494 1114 ens
517 1087 591 1114 actu
614 1080 746 1122 quando
766 1081 933 1112 actualiter
947 1080 1053 1111 existit
1067 1081 1101 1111 in
1118 1089 1227 1111 rerum
1242 1085 1367 1117 natura,

291 1131 374 1160 sicut
389 1128 499 1160 Sortes
514 1128 634 1158 vivens.
660 1125 812 1157 Secundo
827 1125 930 1156 modo
946 1124 1064 1156 dicitur
1078 1125 1201 1166 aliquid
1217 1134 1274 1156 ens
1293 1131 1368 1156 actu

291 1173 422 1215 quando
447 1181 523 1203 curn
546 1181 603 1202 sua
627 1171 809 1202 actualitate
824 1169 952 1201 essendi
974 1169 1173 1210 significatur
1194 1175 1252 1201 aut
1272 1170 1367 1201 intel-

290 1219 407 1259 ligitur,
425 1218 520 1248 etiam
544 1217 571 1247 si
594 1225 662 1247 non
686 1216 798 1246 existat
821 1215 987 1246 actualiter
1009 1215 1043 1246 in
1066 1224 1175 1246 rerum
1197 1219 1320 1246 natura.
1338 1214 1341 1216 ’

345 1263 474 1294 Dicitur
494 1270 571 1302 ergo
595 1261 701 1302 primo
726 1260 828 1300 quod,
853 1260 879 1290 si
902 1260 1078 1300 loquamur
1097 1259 1138 1291 de
1153 1260 1243 1290 bono
1259 1260 1367 1300 primo

289 1308 401 1344 mod0‚
419 1306 510 1347 quod
525 1305 647 1336 scilicet
662 1305 759 1336 habet
773 1305 807 1336 in
824 1314 859 1335 se
875 1305 1064 1341 bonitatem,
1080 1305 1161 1335 nihil
1177 1310 1225 1335 est
1240 1305 1367 1336 bonum

289 1354 349 1384 nisi
372 1353 567 1393 inquantum
591 1356 638 1381 est
661 1351 695 1381 in
719 1355 793 1381 actu
816 1349 998 1380 secundum
1015 1355 1124 1380 actum
1141 1350 1328 1380 exercitum.
1343 1367 1368 1373 -

289 1398 414 1429 Dicitur
429 1395 575 1428 secundo
588 1395 690 1436 quod,
703 1396 729 1425 si
745 1395 920 1435 loquamur
930 1394 972 1425 de
984 1395 1075 1425 bono
1094 1393 1240 1425 secundo
1252 1394 1366 1431 modo,

289 1443 328 1474 de
353 1451 393 1473 eo
416 1441 539 1472 scilicet
561 1449 630 1481 quo
647 1439 770 1480 aliquid
785 1445 834 1470 est
849 1440 986 1475 bonum,
1003 1439 1083 1470 nihil
1099 1445 1148 1470 est
1163 1440 1289 1470 bonum
1305 1439 1367 1470 nisi

288 1489 328 1518 sit
340 1497 397 1518 ens
412 1487 444 1517 in
462 1491 536 1517 actu
548 1485 661 1516 saltem
677 1484 858 1516 secundum
871 1490 980 1515 actum
996 1485 1169 1525 signatum.
1184 1484 1262 1515 Non
1279 1485 1367 1516 enim

288 1531 411 1573 aliquid
431 1531 529 1562 habet
547 1531 707 1561 rationem
726 1529 908 1570 appetibilis
923 1530 984 1560 nisi
1000 1530 1196 1570 inquantum
1212 1538 1290 1560 cum
1304 1539 1366 1560 suo

289 1587 358 1608 esse
381 1575 611 1607 consideratur.
636 1575 678 1605 Et
701 1575 746 1605 sic
765 1575 882 1605 sanitas
898 1574 995 1605 etiam
1010 1583 1079 1605 non
1096 1575 1234 1605 existens
1250 1574 1367 1605 dicitur

289 1631 346 1653 ens
362 1626 436 1652 actu
458 1621 654 1662 inquantum
676 1620 773 1650 habet
795 1620 955 1650 rationem
971 1619 1064 1650 boni:
1089 1619 1167 1660 quia
1181 1628 1250 1650 non
1266 1628 1366 1660 appe-

288 1668 366 1698 titur
387 1666 450 1696 nisi
473 1671 509 1696 ut
532 1674 590 1706 per
613 1665 715 1705 ipsam
741 1664 857 1705 aliquis
879 1665 920 1695 sit
943 1669 1017 1695 actu
1039 1673 1147 1695 sanus.

344 1711 386 1743 Et
409 1711 454 1741 sic
477 1710 698 1741 universaliter
719 1719 833 1740 verum
857 1714 905 1739 est
929 1708 1019 1749 quod
1048 1709 1129 1740 nihil
1160 1713 1207 1739 est
1239 1708 1366 1739 bonum

288 1757 349 1787 nisi
372 1756 567 1796 inquantum
599 1760 646 1785 est
676 1755 710 1784 in
741 1759 825 1790 actu,
853 1754 905 1784 vel
929 1753 1110 1784 secundum
1141 1759 1249 1784 actum
1277 1763 1366 1784 exer-

289 1802 401 1836 citum,
425 1801 476 1830 vel
500 1799 681 1830 secundum
705 1803 814 1829 actum
837 1799 1009 1839 signatum.

345 1845 381 1876 11.
407 1845 566 1875 Secundo.
592 1845 682 1875 Deus
705 1849 753 1874 est
775 1853 834 1874 sua
856 1842 1028 1884 perfectio:
1057 1844 1136 1883 quia
1163 1843 1267 1886 ipsius
1295 1852 1366 1874 esse

287 1900 355 1921 non
379 1895 426 1920 est
449 1899 508 1930 per
531 1887 653 1930 aliquid
676 1886 822 1919 additum
844 1887 1036 1928 perfectum.
1061 1887 1149 1928 Engo
1169 1886 1292 1918 estsua
1306 1888 1366 1918 bo-

286 1935 378 1965 nitas.
401 1952 425 1956 —
448 1934 538 1964 Patet
569 1934 812 1973 consequentia.
844 1933 931 1971 Quia
961 1932 1118 1974 perfectio
1151 1933 1196 1963 rei
1225 1937 1273 1962 est
1307 1933 1366 1963 bo-

286 1980 368 2010 nitas
393 1979 472 2009 eius.

346 2023 466 2053 Tertio.
492 2023 581 2054 Deus
605 2028 652 2053 est
675 2031 733 2062 per
763 2022 934 2053 essentiam
966 2031 1058 2053 suam
1089 2022 1207 2058 bonus,
1235 2027 1267 2052 et
1296 2031 1366 2053 non

286 2068 507 2109 participative
530 2077 588 2108 per
612 2066 761 2098 ordinem
784 2066 825 2098 ad
849 2066 971 2108 aliquid
996 2065 1093 2097 aliud.
1121 2066 1209 2107 Ergo
1239 2072 1286 2097 est
1309 2075 1367 2097 sua

286 2114 422 2143 bonitas.
447 2130 471 2135 —
492 2113 651 2144 Probatur
674 2111 880 2143 antecedens.
905 2111 992 2150 Quia
1016 2110 1107 2152 quod
1123 2121 1181 2152 per
1196 2111 1367 2152 participa-

285 2159 410 2188 tionem
434 2162 482 2188 est
505 2157 640 2193 bonum,
664 2161 739 2187 ante
762 2166 798 2188 se
821 2157 944 2198 aliquid
960 2157 1058 2188 habet
1079 2166 1100 2187 a
1122 2165 1190 2197 quo
1207 2156 1366 2192 sationa-

285 2203 440 2243 suscipiat
454 2202 617 2234 bonitatis.
629 2200 694 2233 Sed
710 2211 779 2232 non
795 2207 843 2232 est
854 2211 1027 2242 processus
1042 2202 1075 2232 in
1092 2200 1272 2232 infinitum:
1289 2210 1367 2233 cum

286 2248 412 2279 bonurn
435 2247 550 2278 habeat
573 2247 733 2278 rationem
760 2245 845 2284 finis,
868 2245 1034 2278 infinitum
1067 2251 1178 2278 autem
1207 2251 1367 2287 repugnet

286 2291 354 2323 fini.
378 2292 465 2332 Ergo
489 2297 620 2333 oportet
643 2290 794 2323 devenire
819 2290 859 2322 ad
883 2290 1005 2332 aliquid
1029 2300 1087 2331 per
1110 2300 1143 2321 se
1168 2296 1200 2321 et
1215 2291 1367 2322 essentia-

286 2336 358 2368 liter
373 2337 509 2368 bonum.
525 2355 549 2359 -
565 2335 810 2377 Consequentia
832 2345 911 2368 vero
927 2336 1092 2379 probatur.
1117 2334 1218 2374 Quod
1235 2344 1303 2366 non
1320 2340 1367 2366 est

286 2391 345 2412 sua
367 2381 505 2418 bonitas,
530 2381 751 2422 participative
768 2386 800 2412 et
815 2390 884 2412 non
901 2390 959 2422 per
977 2380 1150 2411 essentiam
1166 2385 1214 2411 est
1229 2380 1366 2412 bonum.

743 244 935 282 SUMMA
964 242 1187 280 CONTRA
1217 241 1493 289 GENTILES,
1524 243 1640 281 CAR·
1656 244 1862 292 XXXVIII,
1882 245 2057 282 XXXIX.

1484 322 1580 353 Circa
1594 323 1683 353 illam
1697 324 1970 364 propositionem,
1986 323 2157 364 Infinitum
2171 329 2339 365 repugnat
2348 324 2429 366 fini,
2445 324 2504 356 du-

1429 366 1559 397 bitatur:
1584 367 1662 407 quia
1678 377 1753 398 non
1775 368 1903 399 videtur
1924 369 2087 399 intentum
2114 368 2263 408 probare.
2293 368 2386 399 Licet
2417 370 2504 400 enim

1427 411 1592 442 infinitum
1615 412 1650 442 in
1673 413 1904 452 quantitatibus
1932 418 2092 453 repugnet
2119 411 2189 449 fini,
2211 418 2370 453 tanquam
2395 413 2504 454 ipsum

1427 455 1554 492 tollens,
1572 465 1611 486 ex
1626 456 1691 487 hoc
1705 462 1815 488 tamen
1829 466 1900 488 non
1915 458 2062 498 sequitur
2083 458 2118 488 in
2142 457 2247 488 causis
2268 456 2420 488 finalibus
2435 467 2504 489 non

1427 500 1495 531 dari
1518 509 1709 540 processum
1730 501 1773 531 in-
1787 500 1964 533 infinitum.

1430 566 1444 569 --
1482 544 1712 585 Respondetur
1741 545 1834 586 quod
1863 546 1899 576 in
1929 546 2043 577 ordine
2069 545 2188 577 finium
2213 545 2296 576 illud
2317 545 2506 587 simpliciter

1427 589 1524 620 habet
1545 590 1706 620 rationem
1728 588 1803 620 finis
1826 590 1918 630 quod
1933 597 1988 629 est
2010 591 2128 622 ultimo
2151 591 2326 627 intentum,
2347 595 2505 631 tanquam

1425 639 1559 675 propter
1581 643 1626 670 se,
1650 643 1720 665 non
1743 640 1853 666 autem
1874 641 2009 676 propter
2023 635 2113 667 aliud
2126 635 2275 675 volitum.
2299 635 2389 667 Finis
2404 635 2504 672 enim,

1426 684 1463 709 ut
1485 679 1542 715 sic,
1566 684 1615 709 est
1636 678 1731 709 cuius
1752 679 1867 720 gratia
1889 679 2017 720 aliquid
2033 680 2083 722 fit
2091 681 2121 718 ⁵,
2141 689 2212 711 non
2235 685 2346 711 autem
2361 679 2454 721 quod
2468 679 2506 711 fit

1425 724 1525 764 gratia
1540 723 1681 754 alterius.
1705 722 1783 754 Ideo
1797 722 1872 754 finis
1886 732 1928 754 ex
1942 725 2075 764 propria
2089 725 2214 756 ratione
2228 725 2326 756 babet
2344 725 2504 756 rationem

1425 768 1541 799 ultimi.
1567 768 1609 798 Et
1631 767 1753 799 idcirco
1775 767 1941 798 infinitum
1957 774 2118 808 :repugnat
2131 770 2248 800 rationi
2262 769 2348 806 finis,
2363 770 2504 810 inquan-

1425 818 1496 843 tum
1519 818 1667 843 removet
1688 812 1853 843 ultimum.
1876 812 1912 844 Si
1934 821 2013 853 ergo
2030 813 2225 853 procedatur
2239 814 2275 845 in
2289 813 2455 846 infinitum
2468 815 2503 846 in

1425 858 1530 888 causis
1553 856 1715 894 finalibus,
1738 857 1820 888 nihil
1842 857 1975 888 habebit
1994 858 2156 888 rationem
2169 858 2287 895 ultimi,
2303 864 2336 890 et
2350 868 2410 900 per
2423 868 2504 890 con·

1425 911 1565 943 sequens
1587 902 1668 933 nihil
1691 901 1879 943 simpliciter
1907 902 1967 933 erit
1991 901 2078 938 finis,
2101 901 2160 933 sed
2181 903 2446 944 unumquodque
2467 913 2504 935 se

1423 947 1555 978 habebit
1569 952 1607 977 ut
1629 946 1671 978 ad
1693 946 1782 977 aliud
1804 946 2003 983 ordinatum,
2017 946 2188 987 loquendo
2204 946 2380 979 definitus
2393 958 2504 980 essen-

1423 992 1539 1022 tialiter
1561 991 1726 1022 ordinatis.
1751 991 1807 1022 llla
1830 1001 1908 1032 ergo
1930 991 2115 1032 propositio
2129 1001 2200 1022 non
2215 992 2372 1032 accipitur
2389 998 2428 1024 ut
2446 993 2504 1024 ha·

1423 1037 1504 1068 bens
1517 1037 1686 1067 veritatem
1707 1041 1835 1067 mnmm
1850 1037 1886 1067 in
1900 1037 2080 1077 quantitate
2095 1036 2262 1072 continua,
2276 1035 2337 1068 sed
2355 1037 2503 1069 absolute

1423 1086 1456 1112 et
1478 1080 1665 1112 formaliter.
1689 1080 1983 1118 Infinitum>-enim,
2005 1080 2089 1112 idest
2111 1080 2203 1121 quod
2223 1080 2325 1112 finem
2345 1088 2503 1119 removet,

1423 1131 1582 1167 repugnat
1604 1125 1662 1157 fini
1685 1134 1787 1166 quem
1808 1131 1966 1157 removet.
1989 1125 2033 1157 Et
2046 1125 2123 1157 ideo
2138 1125 2315 1162 infinitum,
2330 1135 2504 1163 removens

1422 1170 1524 1202 finem
1547 1179 1719 1202 causarum
1736 1169 1896 1207 finalium,
1911 1176 2072 1211 repugnat
2089 1170 2148 1202 fini
2163 1175 2196 1201 et
2210 1171 2305 1201 statui
2322 1173 2502 1203 causammL

1423 1216 1465 1246 Et
1489 1216 1565 1256 quia
1587 1215 1669 1246 ratio
1693 1224 1810 1246 causae
1831 1215 1938 1247 finalis
1951 1216 2047 1256 ponit
2061 1221 2182 1246 statum
2197 1220 2231 1246 et
2245 1215 2410 1252 initimum,
2426 1215 2502 1248 ideo

1423 1261 1540 1291 rationi
1562 1260 1666 1301 ipsius
1686 1266 1848 1301 repugnat
1867 1259 2044 1291 infinitum.

1480 1305 1533 1336 111.
1553 1303 1701 1342 Quarto:
1723 1310 1756 1336 et
1779 1310 1828 1336 est
1849 1304 2056 1336 conffimatio
2071 1304 2292 1336 antecedentis
2314 1305 2431 1345 prioris
2451 1307 2503 1337 ra*

1422 1351 1531 1381 tionis.
1548 1350 1639 1381 Deus
1661 1355 1710 1381 est
1731 1349 1842 1390 ipsum
1856 1359 1938 1382 esse.
1954 1350 2042 1391 Ergo
2058 1355 2107 1381 est
2122 1349 2332 1381 essentialiter
2348 1350 2456 1382 bonus
2470 1356 2503 1382 et

1422 1405 1490 1426 non
1506 1395 1739 1436 participative.
1763 1395 1806 1426 Et
1828 1404 1888 1436 per
1909 1404 2116 1436 consequens
2138 1395 2209 1436 ipsa
2231 1394 2369 1426 bonitas.
2385 1413 2409 1418 —
2422 1395 2503 1427 Pno-

1422 1441 1516 1471 batur
1539 1440 1784 1481 consequentia.
1815 1439 1903 1478 Quia
1930 1440 2042 1481 ipsum
2071 1449 2142 1471 esse
2163 1439 2356 1481 participare
2379 1439 2503 1481 aliquid

1422 1495 1491 1516 non
1514 1490 1636 1525 potest:
1662 1494 1738 1516 cum
1761 1494 1831 1516 non
1853 1485 1896 1516 sit
1916 1486 2074 1526 potentia,
2094 1484 2152 1516 sed
2174 1490 2275 1516 ιιεωε.

1480 1529 1616 1567 Quinto.
1637 1529 1727 1561 Deus
1743 1535 1792 1561 est
1806 1530 1945 1561 omnino
1960 1530 2108 1571 simplex.
2124 1529 2213 1570 Ergo
2226 1534 2290 1560 etc.
2305 1546 2330 1552 -
2342 1529 2503 1562 Probatur

1421 1575 1666 1615 consequentia.
1690 1575 1778 1614 Quia
1801 1584 1901 1606 omne
1922 1584 2021 1606 suum
2045 1583 2114 1606 esse
2130 1580 2163 1605 et
2176 1573 2212 1606 id
2226 1573 2319 1615 quod
2334 1579 2382 1605 est
2396 1581 2502 1606 unum

1421 1620 1532 1650 habet:
1556 1618 1649 1656 idest,
1666 1625 1699 1651 et
1714 1629 1783 1651 esse
1803 1625 1836 1650 et
1853 1629 1912 1652 ens
1933 1620 1969 1650 in
1990 1620 2064 1660 ipso
2079 1629 2149 1651 non
2171 1619 2424 1659 distinguuntur.
2447 1619 2501 1656 Et.

1421 1673 1499 1695 cum
1522 1673 1592 1695 esse
1616 1665 1687 1695 eius
1708 1666 1750 1696 sit
1771 1665 1873 1705 ipsius
1896 1664 2034 1702 bonitas,
2057 1674 2077 1695 a
2099 1674 2158 1696 sua
2186 1664 2332 1696 bonitate
2361 1673 2431 1696 non
2453 1663 2507 1706 ffi‘.

1421 1710 1611 1749 stinguetur.

1477 1754 1526 1784 Ex
1549 1754 1643 1784 hoc*
1665 1753 1801 1785 infertur
1823 1753 1992 1785 corollarie
2016 1753 2107 1794 quod
2121 1754 2250 1785 nullum
2266 1752 2354 1785 aliud
2374 1753 2501 1785 bonum
2528 1753 2543 1801 ἱ

1421 1803 1469 1829 est
1484 1808 1542 1830 sua
1557 1799 1695 1829 bonitas.
1720 1798 1815 1830 Unde
1839 1804 1872 1830 et
1894 1798 2012 1829 Matth.
2036 1808 2089 1829 xxx
2112 1798 2243 1830 dicitur:
2267 1798 2372 1830 Nemo
2395 1798 2501 1830 bonus

1421 1843 1485 1875 nisi
1507 1844 1599 1876 solus
1621 1843 1723 1876 Deus.
1759 1879 1761 1881 ,
2015 1883 2018 1886 .

1475 1887 1617 1919 Adverte
1640 1897 1702 1928 pto
1724 1885 1791 1918 hdo
1813 1887 1998 1924 camundo,
2012 1884 2056 1919 ex'
2069 1887 2144 1926 QQ.
2167 1888 2275 1924 Ver-it„
2293 1897 2325 1928 q.
2341 1897 2405 1924 xxr,
2422 1891 2451 1919 a.
2469 1888 2500 1925 5,

1421 1932 1512 1972 quod
1535 1933 1663 1963 bonitas
1693 1932 1909 1963 substantialis
1939 1932 1974 1963 in
2005 1941 2074 1963 esse
2104 1933 2152 1964 rei
2181 1933 2376 1974 completur.
2409 1932 2503 1965 Licet

1422 1977 1510 2008 enim
1534 1977 1672 2008 essentia
1694 1977 1740 2008 rei
1762 1977 1804 2008 sit
1825 1976 2006 2008 radicaliter
2028 1982 2061 2007 et
2076 1976 2359 2009 fundamentaliter
2373 1976 2502 2009 bonin-

1419 2022 1589 2063 primasei
1613 2027 1645 2053 et
1667 2022 1796 2053 bonitas
1819 2021 2001 2053 secundum
2017 2021 2108 2062 quid,
2124 2032 2193 2054 non
2214 2028 2263 2054 est
2281 2028 2392 2054 tamen
2408 2031 2502 2055 com-

1419 2066 1539 2107 pletive
1569 2064 1697 2097 bonitas
1728 2067 1954 2103 substantialis,
1978 2066 2035 2098 sed
2058 2076 2128 2098 esse
2151 2067 2284 2099 actualis
2314 2067 2502 2100 existentiae

1420 2112 1482 2142 rei:
1507 2121 1575 2142 non
1599 2117 1647 2142 est
1671 2112 1759 2143 enim
1782 2112 1947 2153 complete
1971 2117 2003 2142 et
2025 2112 2214 2153 simpliciter
2236 2111 2359 2154 aliquid
2374 2112 2502 2144 bonum

1419 2157 1670 2188 substantialiter
1691 2157 1753 2188 nisi
1775 2157 1818 2188 sit
1839 2157 1874 2188 in
1896 2162 1982 2189 actu.
2005 2157 2048 2189 Et
2067 2157 2148 2198 ,quia
2170 2157 2292 2190 nullius
2313 2157 2362 2189 nei
2406 2196 2409 2198 ,

1421 2210 1490 2232 esse
1515 2206 1562 2232 est
1585 2201 1732 2237 essentia,
1748 2200 1823 2232 ideo
1839 2201 1929 2233 nulla
1944 2211 1995 2234 res
2010 2207 2116 2233 creata
2130 2207 2180 2244 est
2202 2210 2261 2237 sua
2282 2201 2417 2237 bonini.

1421 2246 1576 2278 stantialis
1591 2246 1739 2278 absolute
1755 2251 1787 2277 et
1802 2246 2000 2288 simpliciter.
2019 2246 2117 2279 Nulla
2133 2247 2230 2281 etiam
2247 2253 2296 2279 est
2309 2255 2369 2280 suo
2400 2283 2416 2289 ⁷,

1420 2290 1558 2327 bonitas,
1583 2300 1602 2321 a
1625 2300 1691 2332 qua
1713 2290 1902 2332 simpliciter
1925 2296 1958 2323 et
1979 2290 2128 2323 absolute
2150 2289 2268 2323 dicitur
2290 2288 2422 2328 bonuz(

1420 2335 1475 2366 illa
1497 2335 1594 2366 rebus
1617 2335 1773 2366 convenit
1795 2345 1834 2366 ex
1857 2335 2078 2367 accidentibus
2106 2331 2329 2378 superadditis,
2350 2341 2392 2368 ut

1421 2380 1528 2411 Prima
1550 2379 1644 2411 Parte
1658 2381 1676 2398 ⁸*
1699 2385 1732 2411 et
1754 2380 1795 2411 de
1814 2380 1956 2412 Ver-itate
1970 2381 2016 2418 “”,
2040 2386 2102 2412 etc.
2123 2407 2126 2415 ,
2327 2401 2329 2403 ·

1368 2486 1451 2524 ,m

707 2636 1194 2695 CAPITULUM
1231 2635 1758 2724 TRIGESIMUM
1793 2635 2084 2692 NONUM

1157 2747 1188 2777 A
1222 2755 1277 2785 4v
1316 2754 1391 2786 a17
1431 2746 1500 2777 sine
1522 2745 1630 2778 titulo.
1671 2770 1675 2774 .

603 2831 807 2884 QUOD
857 2830 927 2872 IN
976 2829 1121 2872 DEO
1171 2828 1319 2871 NON
1368 2828 1650 2871 POTEST
1696 2827 1876 2871 ESSE
1924 2826 2188 2872 MALUM

366 2984 397 3005 ·...·
425 2989 430 2998 ,
498 2966 522 2991 x
554 2954 632 2991 hoc
663 2960 796 2990 autem
831 2952 1031 2990 manifeste
1067 2960 1226 3002 apparet
1259 2952 1366 3002 quod

382 3004 410 3029 '⁴²
437 3005 484 3054 ζ..)
512 3006 552 3045 in
580 3007 667 3045 Deo
696 3018 777 3044 non
805 3014 932 3056 potest
959 3018 1043 3043 esse
1072 3007 1233 3044 malum.

450 3056 467 3069 “’
566 3062 658 3098 Esse
676 3060 782 3098 enim
802 3068 839 3097 et
863 3061 1021 3107 bonitas,
1041 3068 1078 3097 et
1106 3059 1241 3098 omnia
1266 3071 1367 3110 quae

416 3103 430 3111 ³
454 3115 459 3120 “
511 3126 583 3164 per
600 3113 806 3152 essentiam
825 3113 1019 3160 dicuntur,
1040 3113 1134 3152 nihil
1152 3120 1305 3163 praeter
1327 3126 1368 3152 se

289 3167 432 3205 habent
464 3167 700 3206 admixtum:
735 3167 821 3206 licet
854 3168 893 3205 id
920 3168 1020 3218 quod
1052 3173 1103 3205 est
1135 3169 1197 3205 vel
1227 3169 1399 3206 honums

291 3221 412 3270 possit
439 3221 584 3272 aliquid
613 3229 766 3272 praeter
793 3233 876 3259 esse
906 3229 943 3258 et
970 3221 1184 3259 bonitatem
1210 3221 1367 3259 habere.

291 3274 396 3312 Nihil
417 3275 522 3312 enim
544 3274 726 3327 prohibet
745 3276 821 3313 hoc
841 3275 947 3325 quod
973 3282 1028 3312 est
1052 3274 1119 3312 uni
1144 3274 1367 3325 perfectioni

2479 2908 2490 2944 J

1422 2959 1555 2990 autem
1574 2959 1632 2989 est
1650 2950 1815 2998 bonitas,
1828 2951 2060 2993 maselum
2080 2950 2222 2998 bonus,
2237 2957 2281 2989 ut
2299 2930 2502 3009 ostensum

1423 3012 1480 3044 est
1496 3005 1529 3043 ⁴¹.
1560 3005 1654 3044 Non
1682 3012 1809 3055 potest
1835 3003 1950 3054 igitur
1975 3003 2017 3042 in
2045 3015 2094 3042 eo
2122 3015 2224 3064 esse·
2241 3002 2391 3054 aliquid
2417 3014 2502 3051 aaa
2528 3005 2539 3015 '

1422 3059 1588 3098 bonitas.
1618 3059 1667 3102 Et
1693 3059 1746 3098 ita
1778 3059 1928 3098 malum
1962 3057 2002 3097 in
2034 3070 2084 3096 eo
2115 3068 2281 3098 omnmo
2307 3068 2394 3097 esse
2404 3059 2501 3102 ΓΜ

1534 3120 1560 3150 t.
1617 3147 1622 3152 .
2483 3123 2488 3127 “

1422 3121 1668 3217 Ροῗιῖιρὶὶυε.
1698 3165 1740 3204 ld
1768 3165 1877 3216 quod
1901 3173 1958 3203 est
1982 3164 2209 3215 oppositum
2229 3162 2415 3202 essentiae
2434 3163 2500 3203 ali-

1423 3220 1536 3259 cuius
1555 3220 1622 3267 rei,
1642 3219 1715 3258 sibi
1735 3219 1900 3259 omnino
1927 3218 2139 3260 convenire
2157 3229 2239 3257 non
2257 3224 2385 3269 potest
2401 3218 2500 3256 dum

1422 3282 1571 3312 manet:
1602 3273 1700 3311 sicut
1727 3273 1880 3311 homini
1907 3284 1989 3310 non
2016 3278 2144 3322 potest
2169 3270 2381 3309 convenire
2395 3270 2500 3309 ‘irra-

288 3328 548 3377 suppositum,
580 3329 694 3367 etiam
732 3328 795 3367 alii
831 3328 1013 3379 supponi,
1045 3328 1141 3367 sicut
1169 3328 1277 3378 quod
1313 3336 1368 3366 est
1419 3328 1614 3372 ‚tionalitas
1628 3329 1690 3372 vel
1709 3325 1978 3367 insensibilitas
1997 3325 2070 3364 nisi
2089 3326 2212 3363 homo
2232 3336 2316 3362 esse
2332 3323 2498 3363 desistat.

291 3393 432 3431 corpus
461 3391 586 3434 potest
606 3395 688 3421 esse
714 3383 849 3422 album
879 3391 916 3420 et
943 3383 1075 3420 dulce:
1106 3394 1367 3432 unaquaeque

291 3442 420 3472 autern
450 3444 587 3490 natura
615 3449 709 3475 suae
740 3435 900 3476 rationis
918 3435 1086 3475 termino
1110 3435 1366 3482 concluditur,
1384 3454 1392 3469 ι

291 3495 334 3524 ut
361 3488 454 3526 nihil
483 3498 710 3528 extraneum
739 3490 903 3528 intrase
930 3501 1069 3540 capere
1098 3489 1229 3539 possit.
1261 3490 1367 3528 Deus

346 3610 359 3627 n
374 3602 387 3627 5
406 3604 446 3628 vel
468 3604 488 3628 Α
508 3605 592 3636 solun
613 3613 654 3630 om
675 3606 778 3635 nwi’c,
796 3605 874 3632 etiam
896 3606 919 3636 b,
940 3610 966 3631 et
985 3605 1075 3631 ceteri.

1167 3602 1184 3630 6
1203 3605 1296 3639 possit]
1318 3605 1420 3639 possint
1439 3604 1512 3630 sev.
1601 3612 1620 3639 9
1638 3609 1799 3638 unaquaequ

292 3637 362 3663 ditur
376 3639 403 3663 >A
421 3639 492 3663 solus
511 3639 586 3673 (suae
604 3648 642 3666 ex
661 3643 726 3675 sui);
744 3642 955 3675 unumquodque
974 3646 1061 3667 nutem
1081 3640 1146 3666 infr·
1164 3640 1242 3674 (intra
1258 3641 1293 3675 P)
1310 3640 1469 3675 sune'(suos
1487 3640 1554 3675 apt)
1571 3640 1679 3666 rationi·
1693 3638 1824 3665 minino·
1842 3637 2013 3665 conciuditur.

1425 3382 1502 3420 Sed
1527 3381 1658 3421 divina
1682 3380 1846 3419 essentia
1868 3387 1924 3418 est
1947 3379 2031 3431 ipsa
2053 3377 2217 3427 bonitas,
2237 3385 2280 3416 ut
2298 3385 2499 3416 ostensum

1423 3443 1479 3474 est
1498 3435 1529 3474 ¹⁸⁸.
1558 3435 1662 3485 Ergo
1698 3435 1861 3481 malum,
1890 3432 2003 3484 quod
2027 3438 2083 3471 est
2117 3431 2225 3470 bono
2259 3431 2498 3483 oppositum,

1416 3489 1464 3529 in
1493 3501 1540 3528 eo
1569 3491 1702 3534 locum
1730 3487 1875 3531 habere
1906 3498 1989 3529 non
2023 3493 2150 3536 potest
2184 3484 2256 3524 nisi
2288 3498 2372 3524 esse
2399 3484 2498 3533 desi-

1800 3609 1815 3628 s
1833 3607 1921 3629 autem
1939 3607 2031 3628 nanim
2048 3608 2112 3627 mae
2130 3601 2237 3628 rationi·
2260 3584 2374 3628 mmino
2391 3602 2499 3628 conclu-

2106 3644 2135 3664 n
2156 3638 2223 3664 intra
2242 3637 2273 3674 1²5
2292 3637 2366 3665 infra.

2531 679 2662 736 ἑξῐῆζεὶῐῐᾶ,
2675 686 2711 707 ιιι,
2719 686 2744 710 3:

2510 2336 2514 2345 ²
2528 2354 2676 2405 awa
