2768 4134
66 745 74 755 ·
91 741 161 764 Num.
172 747 224 766 xm,
234 746 255 762 2.

64 920 75 929 ⁴
89 918 159 940 Num.
170 923 217 938 xiv.

65 1145 74 1154 ·
90 1142 127 1166 Cf.
137 1148 200 1164 num.
212 1149 233 1164 v.

66 1189 76 1198 ·
91 1187 127 1209 Cf.
142 1186 171 1208 ad
187 1186 204 1213 1,
221 1192 236 1212 ι,
252 1192 266 1214 9

67 1214 95 1236 ad
103 1214 142 1240 111,
150 1220 172 1239 v,
183 1219 204 1238 κ
216 1219 257 1236 vu.
266 1218 279 1241 3

68 1240 99 1269 (p.
116 1246 166 1266 iia,
189 1245 278 1266 iozva,

68 1273 107 1295 ¹05
116 1273 131 1288 v
140 1267 168 1293 b,
197 1266 278 1287 Venet.

66 1292 131 1342 ³⁵22·
145 1318 222 1341 Tract.
238 1318 278 1345 ιιι,

66 1352 116 1374 cap.
127 1352 158 1373 vi,
169 1352 200 1367 xi.

66 2971 75 2980 ⁶
83 2969 119 2993 Cf.
130 2976 197 2998 supra
206 2970 228 2992 in
235 2970 279 2992 hoc

69 3002 147 3025 parag.

66 3055 75 3064 ·
89 3053 140 3076 Fol.
158 3060 197 3076 uo
213 3054 279 3082 (Ven.

70 3080 143 3109 ¹497)-

68 3136 279 3165 ·S.Th.1.17;uid.

67 3163 107 3185 lib.
118 3163 158 3191 Vl,
167 3170 224 3191 xvu,
236 3164 258 3187 6.

69 3320 280 3379 1.⁹2¹2¹’·¹‹‘ef².‘2{‚{'r¹.·

97 3378 120 3400 p.
147 3379 185 3400 xv,
213 3374 280 3396 Lom-

68 3402 217 3427 mennnmn,
224 3400 279 3429 iim).

312 307 385 342 512

363 381 415 412 Ad
431 385 580 420 quartum
596 378 721 414 dicitur,
734 377 817 407 sicut
828 375 868 406 ad
884 375 1036 415 primum,
1053 372 1144 414 quod
1159 371 1377 403 indifferenter

308 426 408 456 utitur
430 423 618 454 Aristoteles
634 421 726 452 nobis
742 426 773 451 et
789 420 900 450 anima
915 423 1087 460 separata:
1103 417 1179 458 quia
1194 415 1377 447 secundum

309 477 518 500 communem
533 466 670 498 modum
687 463 854 505 loquendi,
870 462 961 505 quod
977 463 1102 494 animae
1118 466 1282 502 separatae
1297 470 1377 491 con·

307 513 404 549 venit,
429 512 544 542 dicitur
562 510 736 541 convenire
758 509 854 539 nobis
877 514 952 549 post
974 513 1125 538 mortem.
1142 506 1184 537 Et
1207 505 1281 536 ideo
1305 505 1377 536 Ari-

307 557 447 593 stoteles,
470 561 507 586 ut
529 557 612 586 hanc
635 553 883 585 indifferentiam
906 553 1081 583 locutionis
1105 550 1263 587 ostendat,
1287 549 1377 590 quod

306 602 384 632 dixit
399 601 433 631 in
456 601 573 641 primo,
590 599 745 640 quoniam
761 598 873 628 anima
896 607 962 628 non
981 596 1202 627 reminiscitur
1219 599 1376 635 corrupto

308 645 495 686 composito,
513 644 654 685 idipsum
670 643 829 684 replicans
845 642 923 673 dicit
937 641 1029 682 quod
1045 650 1111 672 non
1136 639 1378 671 reminiscimur

306 696 380 731 post
402 695 552 720 mortem.

361 735 430 765 XV.
443 734 496 764 Ad
507 733 688 764 secundum
701 732 837 763 dubium
850 732 866 748 ³*
881 730 1095 771 respondetur
1105 728 1196 770 quod
1207 728 1376 769 responsio

306 778 369 816 illa,
394 780 490 810 etiam
514 777 695 809 secundum
717 782 861 808 mentem
891 775 1082 811 Aristotelis,
1110 772 1262 804 satisfacit
1285 782 1377 812 argu-

305 828 428 854 mento.
454 822 559 860 Unde,
583 832 658 853 cum
689 821 806 853 dicitur
833 819 924 860 quod
950 819 1138 850 Aristoteles
1169 827 1237 848 non
1268 817 1377 858 posuit

307 868 405 898 alium
431 867 570 898 modum
597 866 797 907 intelligendi
825 864 971 895 absolute
999 864 1101 904 ipsius
1128 863 1255 893 animae
1278 870 1378 902 quam

307 921 383 943 cum
406 913 637 953 phantasmate,
661 916 750 952 patet
772 920 811 941 ex
835 909 927 940 dictis
943 909 960 925 ⁴*
982 909 1046 938 hoc
1063 917 1133 938 esse
1149 906 1276 937 falsum.
1292 906 1378 936 Nam

306 956 486 988 secundum
502 956 739 997 expositionem
755 954 863 986 Sancti
880 953 1039 988 Thomae‚
1062 951 1252 983 Aristoteles
1267 951 1378 991 posuit

307 1001 407 1032 alium
434 1011 503 1032 esse
533 1000 670 1031 modum
701 997 899 1038 intelligendi
930 998 1057 1028 animae
1084 1001 1247 1036 separatae
1277 1005 1377 1036 quam

308 1047 511 1082 coniunctae,
534 1045 616 1075 idest
638 1045 707 1074 sine
730 1044 951 1083 phantasmate
967 1047 999 1072 et
1022 1041 1091 1071 sine
1115 1040 1314 1071 adminiculo
1330 1041 1376 1071 vi—

307 1091 391 1122 rium
415 1091 652 1120 sensitivarum:
685 1088 761 1118 licet
792 1087 884 1118 illum
914 1085 1054 1117 modum
1078 1084 1280 1125 intelligendi
1307 1094 1377 1116 non

308 1135 511 1176 explicaverit
525 1135 559 1164 in
575 1133 663 1163 libris
675 1133 733 1172 qui
748 1131 789 1162 ad
804 1141 865 1162 nos
881 1135 1098 1172 pervenerunt
1110 1131 1136 1160 *.
1150 1147 1173 1152 —
1187 1129 1378 1161 Secundum

272 1192 279 1212 ;
306 1185 415 1209 autem
438 1179 675 1218 expositionem
698 1176 884 1217 Philoponi‚
900 1177 935 1207 in
951 1175 964 1206 l
981 1181 1013 1206 et
1028 1175 1071 1206 111
1091 1174 1130 1206 de
1145 1175 1264 1206 Anima
1277 1176 1304 1211 ⁵³,
1327 1184 1378 1206 se—

307 1223 451 1254 cundum
474 1222 680 1253 Aristotelem
699 1222 811 1262 prima
827 1220 1047 1262 intelligibilia
1064 1225 1095 1251 et
1106 1220 1237 1261 primae
1253 1220 1378 1251 intelle-

305 1268 428 1299 ctiones
442 1276 550 1308 neque
567 1276 644 1298 cum
660 1266 826 1306 phantasia
841 1271 927 1303 sunt,
939 1274 1048 1305 neque
1060 1265 1236 1305 phantasia.
1248 1283 1271 1287 —
1283 1264 1378 1295 Simi-

305 1313 374 1343 liter
390 1312 550 1348 Albertus,
563 1312 596 1342 in
613 1311 654 1342 111
670 1310 710 1342 de
725 1311 845 1341 Anima
854 1311 881 1347 *,
894 1310 1000 1341 tenuit
1011 1309 1218 1340 Aristotelem
1237 1309 1377 1340 voluisse

306 1356 397 1398 quod
418 1357 525 1387 anima
541 1357 715 1386 coniuncta
731 1360 840 1396 potest
854 1355 1032 1395 intelligere
1048 1353 1171 1395 aliquid
1194 1360 1378 1395 separatum

306 1412 324 1432 a
335 1401 467 1432 materia
483 1402 604 1441 absque
620 1400 852 1441 phantasmate,
868 1399 944 1430 licet
959 1398 1131 1436 sensibilia,
1143 1404 1200 1430 aut
1211 1409 1229 1430 a
1245 1399 1379 1430 sensibi-

304 1446 388 1477 libus
411 1446 576 1482 abstracta,
591 1455 660 1476 non
683 1445 785 1486 possit
801 1445 923 1485 absque
943 1445 1165 1485 phantasmate
1188 1443 1376 1484 intelligere.

362 1500 391 1521 2.
415 1490 468 1521 Ad
491 1489 774 1521 confirmationem
797 1489 914 1520 dicitur
936 1489 1054 1530 primo,
1082 1488 1173 1529 quod
1195 1489 1378 1529 propositio

303 1535 484 1566 Aristotelis
503 1535 536 1565 in
553 1535 566 1565 l
581 1534 621 1565 de
643 1535 762 1565 Anima
777 1534 965 1574 intelligitur
980 1533 1021 1564 de
1042 1534 1172 1574 propria
1188 1534 1379 1574 operatione

305 1580 430 1611 animae
458 1588 542 1620 quae
573 1579 714 1610 excludit
745 1588 905 1619 organum
933 1587 1141 1618 corporeum,
1171 1587 1241 1609 non
1269 1583 1379 1609 autem

306 1634 390 1665 quae
412 1623 554 1655 excludit
578 1633 775 1664 corporeum
798 1624 975 1655 obiectum.
1004 1623 1045 1653 Et
1069 1628 1117 1653 est
1139 1632 1253 1654 sensus
1276 1622 1378 1664 quod,

306 1670 332 1699 si
355 1669 463 1710 aliqua
478 1669 625 1709 operatio
642 1669 815 1699 conveniat
829 1668 891 1699 soli
907 1668 1033 1698 animae
1048 1667 1093 1698 ita
1109 1667 1199 1707 quod
1214 1677 1283 1699 non
1300 1677 1379 1699 con-

307 1719 413 1744 currat
427 1712 467 1743 ad
481 1714 585 1754 ipsam
600 1713 851 1743 instrumentum
872 1721 1079 1753 corporeum,
1095 1712 1203 1742 anima
1218 1718 1266 1743 est
1288 1721 1380 1753 sepa-

307 1758 414 1789 rabilis
437 1767 456 1788 a
479 1767 630 1798 corpore:
648 1758 674 1788 si
690 1763 799 1788 autem
822 1757 911 1788 nulla
926 1755 982 1787 fiat
1005 1757 1128 1796 absque
1153 1766 1314 1797 corporeo
1330 1757 1379 1787 in-

308 1808 499 1839 strumento,
522 1811 591 1832 non
614 1807 661 1832 est
684 1802 879 1842 separabilis.
904 1800 1005 1839 Quod
1032 1806 1141 1832 autem
1164 1801 1207 1832 ita
1231 1807 1381 1842 oporteat

308 1847 495 1888 intelligere,
511 1852 609 1887 patet,
633 1847 710 1886 quia
725 1846 867 1877 animam
883 1855 952 1876 esse
968 1845 1179 1886 separabilem
1195 1855 1214 1876 a
1231 1855 1379 1887 corpore,

309 1897 340 1922 et
362 1892 465 1932 ipsam
489 1901 558 1922 esse
585 1900 642 1931 per
673 1900 706 1921 se
736 1891 975 1927 subsistentem,
1006 1900 1076 1921 sese
1099 1890 1378 1921 concomitantur:

308 1936 333 1966 si
358 1936 445 1966 enim
469 1941 516 1966 est
531 1935 717 1971 subsistens,
734 1944 802 1965 non
826 1934 988 1975 dependet
1008 1944 1027 1965 a
1043 1943 1181 1975 corpore
1197 1934 1379 1966 secundum

307 1989 391 2017 esse;
416 1985 448 2011 et
470 1980 497 2010 si
513 1989 581 2010 non
605 1978 767 2019 dependet
783 1988 802 2009 a
816 1988 954 2019 corpore
971 1978 1151 2009 secundum
1175 1988 1255 2015 esse,
1272 1984 1380 2019 potest

306 2025 346 2055 ab
362 2025 434 2065 ipso
450 2024 598 2064 separari.
619 2022 672 2054 Ad
687 2023 751 2053 hoc
767 2028 877 2053 autem
893 2022 984 2063 quod
999 2022 1122 2063 aliquid
1138 2023 1178 2053 sit
1193 2023 1378 2061 subsistens,

305 2079 373 2100 non
394 2068 567 2109 requiritur
590 2072 626 2097 ut
649 2077 717 2098 non
742 2067 883 2108 indigeat
906 2076 1044 2108 corpore
1059 2073 1096 2098 ut
1118 2067 1266 2098 obiecto:
1291 2068 1378 2108 quia,

311 2120 347 2144 ut
373 2114 476 2154 arguit
492 2112 627 2144 Sanctus
643 2112 788 2143 Thomas
803 2112 909 2142 Prima
924 2112 1026 2149 Parte,
1043 2121 1075 2152 q.
1088 2122 1180 2148 uxv,
1196 2122 1224 2142 a.
1244 2121 1274 2149 2,
1290 2112 1330 2143 ad
1347 2112 1378 2149 3,

305 2159 332 2190 si
356 2158 505 2199 indigere
520 2166 660 2197 corpore
679 2162 715 2187 ut
730 2156 853 2188 obiecto
875 2161 1058 2187 removeret
1071 2156 1199 2198 aliquid
1221 2166 1290 2188 esse
1303 2157 1378 2188 sub-

305 2203 430 2240 sistens,
447 2202 573 2233 animal
589 2210 654 2232 non
671 2206 753 2232 esset
775 2201 902 2242 aliquid
924 2201 1109 2238 subsistens,
1133 2211 1207 2232 cum
1232 2201 1381 2244 indigeat

306 2247 523 2279 exterioribus
545 2246 748 2278 sensibilibus
771 2246 815 2277 ad
836 2246 1049 2277 sentiendum.
1070 2246 1122 2277 Sic
1139 2256 1228 2286 ergo,
1251 2246 1292 2277 ad
1315 2247 1379 2278 hoc

306 2298 342 2323 ut
365 2293 472 2323 anima
494 2292 534 2322 sit
557 2291 740 2331 separabilis
764 2300 782 2321 a
805 2300 952 2332 corpore,
975 2301 1043 2322 non
1067 2292 1241 2332 requiritur
1263 2297 1300 2322 ut
1323 2292 1379 2323 ha-

306 2338 379 2368 beat
407 2337 631 2378 operationem
660 2336 781 2376 absque
812 2345 973 2376 corporeo
997 2336 1138 2366 obiecto.
1167 2336 1208 2366 Et
1234 2336 1379 2368 similiter

307 2381 347 2412 ad
362 2382 427 2412 hoc
442 2380 533 2422 quod
555 2390 624 2411 non
647 2381 687 2410 sit
702 2380 895 2420 separabilis,
918 2390 987 2411 non
1010 2380 1128 2412 sufficit
1144 2380 1235 2421 quod
1255 2382 1378 2422 absque

307 2435 465 2466 corporeo
493 2425 623 2456 obiecto
647 2434 716 2455 non
739 2425 855 2456 habeat
877 2426 1112 2466 operationem.
1136 2425 1200 2457 Sed
1223 2425 1264 2457 ad
1286 2435 1379 2467 sepa·—

306 2470 495 2502 rabilitatem
518 2469 635 2500 sufficit
654 2474 690 2500 ut
707 2469 823 2500 habeat
839 2470 1063 2510 operationem
1078 2471 1201 2511 absque
1217 2480 1379 2512 corporeo

306 2517 535 2551 instrumento;
562 2513 603 2545 ad
625 2514 927 2554 inseparabilitatem
951 2520 1059 2546 autem
1087 2515 1261 2556 requiritur
1287 2515 1379 2556 quod

306 2560 428 2591 nullam
451 2560 567 2590 habeat
589 2558 814 2599 operationem
838 2560 892 2590 cui
915 2569 983 2590 non
1007 2560 1229 2591 communicet
1260 2570 1378 2601 corpo-

305 2614 397 2635 reum
419 2604 681 2635 instrumentum.

361 2649 486 2679 Dicitur
501 2647 657 2685 secunde,
673 2647 714 2678 ad
729 2648 901 2686 minorem,
918 2648 1009 2689 quod
1025 2654 1073 2679 est
1089 2648 1166 2680 falsa
1182 2649 1223 2680 ad
1245 2659 1378 2681 sensum

304 2694 445 2724 maioris.
462 2693 504 2724 Et
526 2692 566 2724 ad
583 2693 652 2724 eius
668 2693 895 2733 probationem
916 2693 1032 2724 dicitur
1056 2693 1147 2734 quod
1171 2703 1239 2726 non
1263 2695 1378 2736 probat

305 2739 408 2779 ipsam
431 2737 574 2778 indigere
605 2747 742 2778 corpore
775 2743 812 2768 ut
841 2738 1069 2775 instrumento,
1097 2738 1155 2770 sed
1181 2744 1309 2771 tantum
1342 2745 1378 2770 ut

306 2783 445 2814 obiecto.
462 2781 563 2821 Quod
579 2792 647 2813 non
664 2788 711 2813 est
728 2782 767 2813 ad
783 2784 1000 2823 propositum.
1019 2801 1041 2805 -
1057 2783 1216 2822 Quamvis
1233 2785 1329 2815 etiarn
1347 2790 1379 2816 et

305 2827 384 2858 illud
407 2826 524 2858 falsum
539 2828 579 2858 sit
595 2827 752 2864 absolute,
769 2827 949 2859 secundum
966 2827 1087 2859 Divum
1111 2828 1286 2865 Thomam,
1303 2829 1379 2860 licet

306 2873 345 2902 sit
368 2881 478 2902 verum
502 2871 683 2902 secundum
707 2871 798 2912 quod
821 2878 869 2903 est
891 2873 1067 2904 coniuncta
1089 2874 1236 2914 corpori:
1261 2883 1378 2906 secun-

306 2916 385 2947 dum
408 2922 517 2947 autem
532 2916 753 2957 Philoponum
777 2922 808 2947 et
823 2917 1004 2954 Albertum‚
1028 2927 1096 2949 non
1120 2919 1161 2949 sit
1184 2919 1281 2950 etiam
1306 2919 1378 2950 uni-

307 2961 467 2992 versaliter
489 2970 602 2992 verum
625 2960 666 2992 de
689 2962 795 2992 anima
819 2963 995 2993 coniuncta
1010 2963 1037 2993 *.

361 3005 446 3036 XVI.
470 3006 597 3036 Praeter
619 3005 676 3036 has
698 3007 848 3044 rationes,
873 3006 940 3038 duo
956 3013 1032 3038 sunt
1047 3006 1120 3038 loca
1143 3006 1230 3048 apud
1253 3007 1377 3039 Aristo-

307 3050 403 3080 telem
426 3060 464 3081 ex
488 3051 606 3091 quibus
625 3051 728 3090 arguit
752 3050 878 3088 Scotus‚
902 3053 935 3082 in
960 3051 1096 3090 Quarto,
1116 3051 1147 3082 d.
1163 3062 1248 3088 xun,
1266 3061 1297 3092 q.
1314 3062 1337 3083 11
1349 3053 1376 3089 ⁹,

307 3094 512 3126 Aristotelem
535 3095 616 3126 velle
641 3096 782 3127 animam
805 3096 1048 3137 corruptibilem
1073 3105 1152 3127 esse.
1180 3097 1307 3128 Primus
1330 3102 1378 3128 est

308 3139 364 3169 V11
382 3140 536 3180 Metapli„
552 3145 627 3170 text.
646 3139 689 3171 60
701 3141 729 3171 ⁴.
753 3140 800 3171 Ibi
824 3141 912 3171 enim
930 3141 1028 3182 ponit
1043 3150 1154 3172 omnes
1164 3146 1279 3181 partes
1294 3150 1379 3183 quae

302 3189 441 3223 possunt
452 3193 584 3215 manere
598 3190 770 3225 separatae
781 3195 802 3216 a
819 3190 897 3221 toto,
910 3195 979 3217 esse
990 3186 1159 3222 elementa,
1173 3186 1254 3217 idest
1264 3191 1378 3227 partes

307 3229 501 3259 materiales.
525 3228 611 3269 Ergo
635 3229 722 3269 apud
745 3230 853 3270 ipsum
869 3228 974 3261 forma
996 3239 1065 3261 non
1089 3235 1196 3270 potest
1211 3240 1376 3263 remanere

307 3282 324 3302 a
347 3278 417 3303 toto
441 3278 592 3313 separata.

362 3316 530 3348 Secundus
554 3317 628 3348 estl
648 3318 749 3354 Caeli,
766 3324 841 3350 text.
865 3327 924 3350 102
939 3321 966 3356 *,
990 3318 1047 3350 ubi
1071 3324 1183 3350 contra
1206 3319 1376 3351 Platonem

307 3365 394 3392 tenet
416 3362 494 3392 nihil
519 3362 610 3402 quod
641 3362 785 3403 incoepit
813 3373 892 3400 esse,
924 3363 1170 3404 incorruptibile
1202 3374 1281 3396 esse.
1313 3364 1377 3396 Sed

308 3405 412 3436 anima
435 3406 627 3437 intellectiva
651 3407 795 3447 incoepit
819 3417 897 3440 esse.
923 3408 1010 3449 Ergo
1034 3413 1095 3439 etc.

362 3450 459 3481 XVII.
484 3450 535 3481 Ad
558 3451 699 3491 primum
723 3452 841 3483 horum
865 3452 982 3484 dicitur
1004 3453 1121 3493 primo,
1138 3453 1376 3493 expositionem

309 3492 415 3524 Sancti
439 3494 587 3526 Thomae
611 3495 788 3536 sequendo,
805 3497 895 3537 quod
911 3497 993 3529 illud
1008 3496 1099 3538 quod
1123 3496 1292 3528 adducitur
1307 3507 1376 3529 non

310 3535 384 3567 dicit
407 3539 604 3570 Aristoteles.
630 3539 720 3570 Licet
744 3541 831 3571 enim
859 3542 934 3573 velit
957 3542 1002 3572 ibi
1029 3541 1218 3573 Aristoteles
1243 3551 1375 3582 arguere

311 3581 398 3619 quod
422 3588 545 3622 praeter
568 3589 672 3623 partes
697 3591 932 3625 componentes
960 3585 1094 3627 aliquod
1122 3595 1226 3618 unum
1249 3595 1308 3627 per
1330 3596 1375 3623 se,
1402 3623 1403 3626 Ἴ

310 3631 436 3673 oportet
460 3636 527 3657 esse
551 3628 671 3668 aliquid
701 3629 798 3665 aliud,
823 3630 941 3661 scilicet
966 3631 1198 3671 compositum,
1223 3629 1313 3671 quod
1337 3641 1374 3662 ex

310 3669 384 3707 ipsis
408 3670 535 3700 resultat
559 3677 589 3701 et
613 3673 651 3702 ab
676 3673 751 3712 ipsis
773 3673 986 3714 distinguitur,
1003 3675 1090 3716 quia,
1107 3681 1260 3716 corrupto
1285 3684 1375 3706 com-

687 298 874 336 SUMMA
903 296 1125 334 CONTRA
1154 293 1430 338 GENTILES,
1458 293 1552 329 LIB.
1574 293 1616 338 11,
1647 291 1758 328 CAP.
1778 291 1936 338 LXXX,
1955 291 2129 328 Lxxxl.

1431 368 1550 409 posito,
1575 373 1744 399 remanent
1760 369 1921 399 elementa
1937 378 1975 399 ex
1994 370 2114 409 quibus
2129 371 2327 411 compositio
2351 371 2434 404 facta
2450 378 2508 410 est,

1431 413 1524 449 sicut,
1549 418 1701 453 corrupta
1724 412 1784 443 hac
1808 412 1929 454 syllaba
1951 413 2002 450 ba,
2019 420 2188 445 remanent
2201 415 2336 453 litterae,
2353 417 2475 448 scilicet
2489 417 2508 449 b

1432 464 1464 488 et
1486 466 1518 493 a,
1543 462 1585 493 et,
1610 462 1763 498 corrupta
1787 467 1893 494 carne,
1921 464 2067 489 remanet
2089 458 2173 499 ignis
2201 464 2233 490 et
2260 465 2354 497 terra,
2377 467 2433 493 aut
2457 471 2508 493 ca-

1430 501 1534 532 lidum
1558 506 1590 531 et
1612 500 1780 542 frigidum:
1805 511 1874 532 non
1897 507 2006 533 tamen
2021 503 2128 543 inquit
2151 503 2243 544 quod
2266 514 2378 536 omnes
2394 511 2511 547 partes

1431 556 1515 587 quae
1531 551 1674 586 possunt
1704 555 1875 577 remanere
1901 552 2075 588 separatae
2097 558 2118 578 a
2148 553 2232 585 toto,
2256 549 2323 580 sint
2340 550 2509 587 elementa,

1433 591 1514 621 idest
1530 595 1646 631 partes
1670 591 1868 622 materiales.

1488 635 1613 666 Dicitur
1636 635 1783 666 secundo
1807 635 1908 676 quod,
1932 636 2115 668 secundum
2142 638 2381 679 expositionem
2405 638 2510 671 Com-

1432 679 1632 716 mentatoris,
1656 680 1713 720 qui
1737 681 1848 721 posuit
1871 680 1975 711 solam
1997 680 2138 713 formam
2161 692 2232 714 esse
2258 683 2299 714 de
2330 683 2510 724 quidditate

1432 725 1478 755 rei
1501 724 1683 761 materialis,
1708 730 1740 755 et
1762 734 1820 766 per
1844 734 2050 766 consequens
2074 727 2175 767 quod,
2192 733 2348 769 corrupto
2372 738 2510 770 compo-

1432 769 1505 806 sito,
1529 769 1749 809 corrumpitur
1776 768 1896 806 forma;
1919 769 2063 801 fortassis
2093 773 2259 812 oportebit
2288 772 2395 804 dicere
2419 773 2510 814 quod

1433 823 1548 844 omnes
1571 819 1678 854 partes
1700 814 1870 854 possibiles
1898 824 2066 846 remanere
2095 822 2260 857 separatae
2283 827 2302 848 a
2331 823 2403 849 toto
2434 824 2511 850 sunt

1431 863 1537 899 partes
1560 858 1757 896 materiales;
1782 859 1859 900 quia
1888 859 2071 891 secundum
2093 861 2203 901 ipsum
2225 862 2333 893 anima
2355 863 2509 900 hominis,

1432 902 1472 934 de
1496 912 1562 944 qua
1584 903 1654 934 sola
1669 902 1808 935 dicimus
1824 903 1915 945 quod
1930 910 1978 935 est
1999 905 2262 946 incorruptibilis,
2283 913 2332 938 est
2353 907 2509 939 mortalis.

1431 947 1509 978 Non
1532 948 1621 979 enim
1643 947 1733 988 apud
1754 949 1864 989 ipsum
1878 949 2063 980 intellectus
2079 955 2127 981 est
2149 950 2183 981 in
2199 951 2308 982 anima
2322 950 2509 990 formaliter,

1431 991 1489 1023 sed
1507 998 1556 1024 est
1577 1001 1636 1033 per
1659 1002 1693 1023 se
1717 993 1894 1024 substantia
1917 999 2077 1034 separata:
2103 1000 2135 1025 et
2157 995 2203 1026 sic
2226 995 2420 1036 relinquitur
2441 997 2510 1028 ani-

1432 1046 1520 1068 mam
1534 1037 1677 1069 hominis
1692 1038 1854 1078 pertinere
1869 1038 1910 1069 ad
1924 1048 2029 1079 genus
2044 1039 2172 1070 animae
2187 1040 2357 1071 sensitivae
2372 1046 2510 1079 tantum,

1432 1087 1464 1112 et
1486 1091 1544 1123 per
1568 1091 1774 1123 consequens
1798 1083 2043 1124 corruptibilem
2070 1093 2151 1116 esse.
2183 1084 2247 1116 Sed
2270 1085 2347 1126 quia
2369 1095 2439 1117 non
2463 1091 2511 1118 est

1431 1136 1546 1158 verum
1557 1126 1758 1158 intellectum
1770 1137 1840 1158 esse
1851 1128 2063 1159 substantiam
2074 1134 2270 1170 separatam;
2280 1139 2390 1171 neque
2402 1130 2510 1168 etiam,

1432 1171 1614 1203 secundum
1630 1171 1812 1203 doctrinam
1828 1171 1938 1204 Sancti
1953 1173 2115 1210 Thomae‚
2130 1183 2246 1205 verum
2261 1180 2310 1206 est
2324 1174 2428 1207 solam
2444 1173 2511 1206 for-

1431 1226 1520 1248 mam
1536 1226 1606 1247 esse
1621 1215 1662 1247 de
1677 1216 1857 1257 quidditate
1867 1218 1915 1249 rei
1930 1218 2118 1250 materialis:
2135 1218 2211 1250 ideo
2233 1219 2387 1251 Averrois
2410 1228 2516 1262 expo-.

1431 1263 1584 1293 sitionem
1607 1262 1642 1292 in
1664 1261 1724 1292 hac
1748 1267 1838 1302 parte
1861 1272 1931 1294 non
1953 1269 2115 1301 tenemus,
2139 1264 2166 1294 si
2181 1273 2314 1296 sensum
2337 1273 2439 1306 quem
2461 1274 2511 1297 ar-

1432 1316 1535 1348 guens
1558 1305 1700 1344 adducit,
1723 1305 1879 1338 intendat.

1487 1351 1602 1382 XVIII.
1619 1350 1672 1382 Ad
1686 1350 1869 1383 secundum
1881 1352 1898 1368 ⁴*
1913 1351 2131 1392 respondetur
2141 1353 2188 1390 ”‚
2205 1362 2244 1384 ex
2260 1352 2407 1385 doctrina
2430 1353 2512 1388 San-
2537 1357 2547 1394 ζ

1433 1396 1476 1427 cti
1499 1395 1650 1427 Thomae
1673 1396 1707 1426 in
1730 1395 1797 1427 fine
1824 1396 1923 1428 Primi
1950 1397 1991 1428 cle
2023 1397 2124 1428 Caelo
2140 1398 2168 1435 *,
2199 1397 2292 1438 quod
2321 1398 2512 1431 Aristoteles
2538 1412 2547 1421 ·

1432 1441 1579 1481 loquitur
1601 1440 1642 1472 de
1663 1449 1704 1472 eo
1720 1440 1812 1482 quod
1834 1441 1981 1482 incoepit
1996 1451 2067 1473 esse
2077 1451 2141 1483 per
2155 1443 2465 1475 transmutationem
2479 1448 2514 1476 et-

1431 1485 1691 1528 generationem.
1716 1485 1831 1523 Modo,
1855 1485 1995 1517 dicimus
2018 1487 2160 1518 animam
2184 1487 2415 1520 intellectivam
2442 1497 2511 1521 non

1432 1531 1576 1571 incipere
1603 1540 1662 1571 per
1692 1530 1996 1562 transmutationem
2027 1537 2059 1562 et
2087 1531 2343 1572 generationem,
2365 1531 2424 1564 sed
2453 1542 2513 1574 per

1434 1575 1643 1612 creationem,
1667 1574 1734 1606 sive
1757 1584 1815 1616 per
1845 1575 2028 1616 simplicem
2058 1577 2315 1609 emanationem:
2339 1578 2438 1609 etiam
2460 1587 2514 1611 se-

1433 1619 1580 1651 cundum
1595 1620 1705 1661 ipsum
1724 1620 1944 1657 Aristotelem,
1961 1621 2019 1661 qui
2034 1622 2146 1662 posuit
2159 1621 2363 1654 intellectum
2385 1621 2513 1665 deforis

1433 1664 1590 1696 advenire
1601 1665 1628 1695 ὓ.
1653 1663 1731 1695 ldeo
1755 1665 1929 1696 auctoritas
1951 1665 2004 1696 illa
2027 1675 2096 1697 non
2119 1671 2167 1697 est
2185 1665 2226 1697 ad
2248 1667 2467 1708 propositum.

1489 1708 1574 1740 XIX.
1608 1708 1672 1741 Sed
1702 1708 1829 1740 videtur
1862 1708 1954 1750 quod
1984 1710 2064 1741 haec
2096 1710 2266 1751 responsio
2295 1710 2337 1742 ad
2366 1717 2513 1744 mentem

1432 1753 1614 1785 Aristotelis
1637 1762 1707 1784 non
1730 1753 1781 1784 sit.
1806 1753 1901 1791 Nam,
1929 1754 2043 1785 volens
2068 1754 2239 1787 ostendere
2267 1755 2440 1796 quomodo
2462 1757 2513 1788 in-

1432 1799 1580 1839 genitum
1604 1804 1636 1829 et
1662 1798 1908 1839 incorruptibile
1935 1808 2012 1830 cum
2043 1800 2242 1840 sempiterno
2270 1806 2511 1839 convertantur,

1433 1843 1599 1874 declarans
1614 1843 1647 1874 in
1664 1852 1730 1883 qua
1741 1842 1979 1883 significatione
1995 1844 2132 1885 accipiat
2148 1844 2331 1887 ingenitum
2351 1851 2385 1877 et
2403 1846 2512 1878 incor-

1434 1887 1597 1929 ruptibile,
1613 1887 1732 1928 inquit,
1747 1892 1823 1918 text.
1846 1897 1857 1918 ι
1867 1889 1906 1918 25
1921 1889 1948 1925 *,
1966 1887 2149 1930 ingenitum
2165 1889 2231 1920 dici
2244 1890 2334 1931 quod
2347 1899 2437 1922 nunc
2451 1896 2510 1928 est,
2539 1901 2549 1910 ·

1433 1937 1464 1963 et
1480 1932 1578 1973 prius
1602 1941 1669 1962 non
1693 1936 1766 1962 erat
1789 1941 1902 1963 verum
1925 1932 2035 1963 dicere
2061 1942 2128 1964 non
2155 1941 2242 1965 esse:
2265 1934 2514 1976 incorruptibile

1433 1986 1510 2007 vero
1535 1976 1623 2017 quod
1650 1985 1738 2007 nunc
1760 1980 1818 2012 est,
1842 1981 1875 2008 et
1889 1977 2058 2018 posterius
2085 1987 2152 2009 non
2175 1978 2240 2010 erit
2262 1988 2375 2010 verum
2403 1979 2515 2013 dicere

1433 2031 1499 2052 non
1525 2030 1602 2052 esse.
1626 2020 1845 2052 Postmodum
1860 2021 1894 2052 in
1913 2022 2125 2062 sequentibus
2145 2022 2286 2055 ostendit
2308 2023 2401 2065 quod
2422 2024 2514 2066 inge—

1432 2066 1539 2097 nitum
1563 2071 1595 2096 et
1617 2065 1876 2106 incorruptibile,
1892 2066 1957 2097 hoc
1979 2065 2082 2098 modo
2106 2073 2247 2109 sumpta,
2265 2074 2513 2103 convertuntur-

1433 2110 1573 2151 Oportet
1603 2119 1692 2151 ergo,
1717 2109 1900 2142 secundum
1922 2111 2144 2149 Aristotelem,
2171 2111 2263 2154 quod
2287 2119 2335 2145 est
2364 2113 2513 2148 incorru—

1433 2155 1545 2196 ptibile
1569 2164 1638 2186 non
1661 2154 1770 2186 solum
1791 2164 1862 2186 non
1884 2156 2028 2197 incipere
2051 2165 2110 2197 per
2124 2158 2439 2196 transmutationem,
2454 2157 2513 2192 sed

1433 2209 1541 2241 neque
1565 2200 1663 2230 etiarn
1686 2199 1755 2231 ullo
1778 2199 1880 2231 modo
1904 2200 2023 2231 habere
2045 2210 2115 2233 non
2138 2211 2209 2234 esse
2231 2207 2306 2234 ante
2330 2213 2411 2235 esse.

1490 2254 1521 2276 2.
1544 2244 1598 2276 Ad
1620 2245 1717 2276 huius
1741 2243 1947 2282 evidentiam,
1977 2245 2158 2278 notandum
2187 2247 2306 2288 primo,
2329 2246 2511 2280 secundum

1433 2289 1638 2331 Simplicium
1661 2294 1694 2320 et
1716 2288 1872 2321 Sanctum
1896 2289 2062 2322 Thomam
2084 2291 2119 2322 in
2135 2290 2148 2322 l
2167 2291 2260 2323 Caeli
2272 2293 2300 2329 “,
2324 2292 2416 2333 quod
2439 2293 2512 2326 Ari-

1433 2334 1565 2366 stoteles
1576 2333 1697 2365 ibidem
1710 2340 1824 2365 contra
1836 2335 1934 2366 verba
1947 2334 2092 2367 Platonis
2106 2336 2227 2378 quibus
2243 2336 2413 2369 videbatur
2427 2337 2511 2373 velle

1432 2379 1596 2411 mundum
1620 2388 1689 2410 esse
1711 2379 1860 2419 genitum
1883 2379 1918 2410 in
1941 2385 2090 2421 tempore
2114 2386 2146 2413 et
2169 2386 2280 2413 tamen
2309 2391 2380 2413 esse
2402 2382 2511 2414 incor-

1433 2423 1631 2466 ruptibilem,
1655 2432 1790 2464 arguere
1813 2423 1963 2462 intendit,
1981 2430 2013 2456 et
2035 2424 2208 2457 ostendere
2230 2435 2301 2457 non
2323 2435 2426 2468 posse*
2440 2436 2512 2460 esse

1433 2475 1469 2501 ut
1492 2468 1616 2510 aliquid
1638 2469 1679 2499 sit
1701 2469 1850 2509 genitum
1874 2474 1906 2500 et
1929 2474 2037 2501 tamen
2068 2471 2109 2501 sit
2136 2470 2393 2512 incorruptibile,
2417 2472 2511 2513 quasi

1432 2514 1555 2546 scilicet
1577 2513 1737 2554 incipiens
1753 2523 1823 2544 esse
1846 2523 1904 2554 per
1918 2514 2165 2554 generationem
2181 2520 2214 2546 et
2227 2524 2296 2547 non
2319 2521 2438 2557 potens
2452 2525 2512 2558 per

1432 2558 1678 2600 corruptionem
1703 2557 1852 2589 desinere
1880 2567 1961 2590 esse.
1985 2559 2076 2591 Patet
2105 2565 2215 2592 autem
2238 2561 2303 2592 hoc
2327 2569 2366 2592 ex
2396 2559 2511 2593 ultima

1432 2604 1558 2635 ratione
1581 2601 1721 2634 adducta
1736 2603 1763 2639 ἡ
1788 2612 1873 2644 quae
1896 2603 2050 2635 naturalis
2072 2610 2130 2642 est,
2154 2605 2212 2636 ubi
2235 2605 2299 2636 hoc
2323 2605 2450 2646 probat,
2474 2610 2511 2638 ut
2538 2611 2547 2621 ·

1433 2649 1531 2680 etiam
1554 2657 1612 2689 per
1635 2648 1825 2684 Averroem‚
1856 2654 2035 2680 comment.
2065 2649 2135 2687 ult„
2166 2655 2265 2690 patet,
2293 2650 2371 2691 quia
2398 2649 2511 2682 omnia

1431 2693 1637 2736 generabilia
1661 2697 1693 2724 et
1715 2692 1944 2734 corruptibilia
1971 2698 2049 2725 sunt
2075 2694 2274 2731 alterabilia,
2299 2700 2332 2726 et
2354 2694 2447 2736 quod
2467 2694 2510 2727 ab

1433 2738 1500 2770 illis
1523 2738 1600 2779 ipsis
1623 2737 1802 2769 contrariis
1825 2743 2086 2779 corrumpuntur
2108 2749 2151 2770 ex
2172 2739 2288 2780 quibus
2299 2739 2403 2782 fiunt.
2436 2759 2438 2761 -
2491 2750 2494 2753 ⁴

1488 2781 1679 2814 Notandum
1703 2781 1848 2814 secundo
1872 2782 1974 2823 quod,
1999 2793 2076 2814 curn
2099 2793 2200 2815 omne
2224 2783 2316 2824 quod
2338 2789 2510 2825 generatur

1433 2833 1464 2859 et
1487 2828 1707 2869 corrumpitur
1729 2826 1913 2859 secundum
1942 2828 2085 2869 aliquam
2115 2829 2296 2870 potentiam
2319 2828 2422 2870 ipsius
2443 2828 2509 2865 hoc

1432 2873 1558 2909 habeat,
1583 2873 1616 2903 in
1641 2872 1733 2903 omni
1755 2871 1993 2913 significatione
2017 2873 2137 2904 horum
2160 2873 2388 2911 terminorum,
2402 2873 2509 2916 geniti

1431 2917 1553 2949 scilicet
1572 2922 1604 2948 et
1628 2917 1778 2959 ingeniti,
1803 2917 2027 2958 corruptibilis
2043 2923 2075 2949 et
2098 2917 2367 2959 incorruptibilis,
2389 2917 2510 2951 intelli-

1431 2961 1537 3003 genda
1553 2968 1601 2993 est
1623 2961 1812 2993 huiusmodi
1833 2962 1995 3003 potentia:
2019 2968 2056 2994 ut
2073 2962 2170 2994 etiam
2186 2968 2275 3004 patet
2297 2972 2336 2994 ex
2352 2971 2509 3004 processu

1432 3006 1625 3043 Aristotelis,
1649 3012 1726 3037 text.
1749 3006 1810 3038 130
1822 3007 1840 3024 ⁴*
1855 3015 1962 3048 usque
1977 3006 2017 3038 ad
2040 3006 2142 3039 finem
2156 3007 2256 3039 Primi
2272 3007 2372 3044 Libri,
2387 3006 2446 3039 ubi
2468 3017 2508 3040 ex

1432 3052 1577 3092 potentia
1600 3050 1641 3082 ad
1665 3061 1734 3082 esse
1757 3056 1813 3082 aut
1835 3061 1906 3083 non
1928 3061 1998 3084 esse
2021 3051 2170 3092 procedit
2192 3057 2305 3084 contra
2327 3051 2507 3085 Platonem.

1432 3096 1527 3128 Unde
1549 3096 1709 3138 genitum,
1725 3095 1909 3128 secundum
1931 3097 2150 3134 Aristotelem,
2170 3103 2218 3128 est
2241 3096 2333 3138 quod
2355 3101 2508 3135 nunc-‚est

1432 3147 1464 3172 et
1487 3142 1576 3182 prius
1599 3149 1713 3172 verum
1737 3139 1799 3172 fuit
1823 3140 1930 3172 dicere
1958 3150 2028 3172 non
2059 3151 2139 3179 esse,
2163 3141 2285 3174 liabens
2313 3146 2506 3183 tamenflo-

1432 3186 1566 3217 tentiam
1582 3185 1626 3216 ad
1641 3195 1711 3217 esse
1726 3195 1792 3227 per
1805 3185 1942 3227 aliquod
1955 3186 2134 3218 subiectum
2159 3186 2192 3218 in
2215 3195 2280 3228 quo
2303 3190 2378 3218 erat
2398 3185 2432 3217 in
2441 3195 2506 3227 po—

1431 3231 1543 3262 tentia.
1567 3230 1756 3272 Ingenitum
1773 3240 1865 3262 vero:
1890 3230 1983 3271 quod
2004 3240 2094 3262 nunc
2117 3237 2166 3263 est
2188 3237 2220 3262 et
2241 3230 2331 3272 prius
2353 3239 2422 3261 non
2445 3228 2507 3262 fuit

1431 3285 1544 3307 verum
1569 3274 1675 3307 dicere
1699 3285 1768 3306 non
1791 3285 1860 3306 esse
1883 3281 1970 3312 actu,
1992 3275 2114 3307 liabens
2137 3280 2244 3307 tamen
2257 3274 2440 3316 potentiam
2462 3274 2507 3306 ad

1431 3329 1509 3352 esse.
1534 3319 1687 3352 Similiter
1709 3319 1923 3361 corruptibile
1945 3319 2062 3352 dicitur
2089 3319 2181 3361 quod
2208 3328 2296 3350 nunc
2320 3324 2367 3350 est
2391 3325 2423 3350 et
2446 3328 2506 3360 po-

1430 3365 1545 3396 sterius
1568 3365 1628 3396 erit
1649 3374 1763 3396 verum
1786 3364 1894 3396 dicere
1921 3377 1934 3392 ι
1954 3374 2023 3396 non
2046 3370 2095 3396 est
2113 3377 2141 3401 ι.
2157 3369 2346 3395 remanente
2363 3363 2506 3396 subiecto

1429 3409 1606 3441 secundum
1617 3409 1705 3450 quod
1714 3414 1849 3450 poterat
1864 3418 1930 3440 non
1946 3418 2024 3441 esse.
2041 3408 2294 3449 Incorruptibile
2305 3418 2397 3440 vero:
2415 3408 2507 3450 quod

1431 3460 1478 3485 est
1502 3460 1534 3485 et
1556 3455 1718 3495 posterius
1733 3463 1803 3486 non
1818 3455 1878 3485 erit
1892 3463 2006 3485 verum
2029 3452 2136 3485 dicere
2159 3466 2174 3480 α
2190 3462 2257 3484 non
2283 3458 2331 3484 est
2348 3467 2376 3490 ι,
2400 3462 2506 3485 rema-

1431 3503 1526 3530 nente
1547 3498 1690 3530 subiecto
1708 3508 1772 3540 per
1793 3497 1883 3540 quod
1904 3502 1978 3529 erat
2000 3497 2033 3528 in
2052 3497 2203 3538 potentia
2227 3498 2270 3529 ad
2293 3507 2359 3529 non
2382 3507 2460 3530 esse.

1487 3543 1517 3574 3.
1534 3543 1587 3574 Ad
1602 3542 1740 3575 dubium
1756 3552 1834 3583 ergo
1851 3541 1967 3574 dicitur
1983 3541 2074 3583 quod
2088 3541 2143 3574 illa
2158 3543 2331 3574 nominum
2347 3541 2506 3583 significa·

1430 3588 1486 3624 tio,
1503 3587 1666 3619 intellecta
1689 3593 1726 3619 ut
1747 3587 1970 3628 exposuimus,
1986 3595 2055 3617 non
2079 3586 2163 3618 tollit
2178 3587 2427 3629 responsionem
2449 3585 2505 3618 da-

1429 3638 1505 3663 tam.
1522 3632 1612 3663 Patet
1635 3632 1723 3663 enim
1739 3630 1830 3672 quod
1846 3631 2028 3673 ingenitum
2044 3630 2135 3672 quod
2150 3632 2347 3664 convertitur
2363 3640 2439 3663 cum
2456 3631 2505 3663 in—

1429 3676 1644 3717 corruptibili,
1657 3676 1774 3708 dicitur
1786 3675 1876 3716 quod
1891 3685 1958 3707 non
1975 3676 2062 3716 prius
2079 3682 2127 3707 est
2142 3676 2175 3708 in
2196 3677 2342 3718 potentia
2352 3676 2505 3708 materiae

2539 2295 2548 2306 ⁶
2562 2294 2613 2318 Sin
2631 2294 2647 2317 Ι.
2665 2294 2695 2316 aa
2710 2299 2756 2322 ιιι,

2541 2327 2576 2351 ι3ε
2591 2327 2611 2344 ι.
2660 2337 2667 2344 .
2682 2321 2744 2350 ¹·29·

2534 3011 2750 3068 ;.“ι“.1··ι;·,3;ᾱ·<“·ἴ
