2742 4152
0 2633 10 2731 ὲ

7 2789 14 2800 ·’
30 2789 254 2818 fenennae-p.

41 2822 128 2845 praee„
137 2816 190 2839 init.

0 3083 8 3222 *vn—.—

40 2887 52 2898 '
65 2886 103 2909 Cf.
113 2892 138 2909 n.
147 2893 185 2910 ιιι.

835 250 1024 288 ΞΗΜΜΑ
1053 251 1276 291 CONTRA
1304 254 1579 306 GENTILES,
1610 259 1818 310 CAP..V11,
1838 262 1931 299 Vm.
2433 279 2477 306 21

289 328 412 359 mutari
427 337 493 358 non
509 333 661 368 possunt,
685 327 894 368 intelligenda
917 334 964 359 est
988 328 1028 360 de
1044 331 1242 361 naturalibus
1257 333 1363 372 primo

288 372 406 403 modo:
432 378 463 403 et
487 378 533 404 est
548 382 623 403 vera
645 378 711 403 tam
734 373 768 403 in
792 373 887 403 rebus
905 373 1081 405 mobilibus
1105 384 1204 415 quam
1220 376 1254 406 in
1269 377 1364 407 rebus

288 417 521 448 immobilibus.
541 417 591 448 De
606 416 743 449 naturali
759 422 869 448 autem
891 418 1037 449 secundo
1053 418 1154 450 modo
1178 429 1252 450 vera
1268 425 1316 451 est
1330 422 1363 451 in

288 462 510 493 immobilibus
525 467 662 498 tantum,
678 471 748 493 non
768 467 878 493 autem
893 462 927 493 in
942 463 1131 494 mobilibus:
1157 465 1234 503 quia
1249 473 1364 495 secun-

288 506 368 538 dum
390 512 524 538 naturae
538 507 756 538 mutationem
777 512 916 547 possunt
932 512 964 538 et
978 507 1053 538 talia
1075 508 1231 540 naturalia
1246 510 1365 539 mutari

289 557 321 582 et
335 550 496 593 impediri,
507 556 660 582 manente
674 551 851 582 substantia
861 551 896 582 in
907 561 966 582 sua
981 552 1181 592 perfectione
1194 553 1363 584 essentiali.

287 596 384 627 Unde
406 605 476 627 non
498 595 690 627 contradicit
708 595 846 627 Sanctus
861 596 1008 627 Thomas
1023 597 1083 628 sibi
1106 598 1184 638 ipsi:
1206 597 1260 628 hic
1276 598 1364 628 enim

288 640 329 672 de
351 641 488 672 naturali
510 641 618 681 primo
633 639 735 671 modo
758 640 919 681 loquitur3
943 642 977 672 in
993 642 1069 673 loco
1093 648 1203 673 autem
1226 642 1363 683 allegato

288 685 329 716 de
351 685 488 716 naturali
511 684 657 716 secundo
680 683 794 716 modo.

343 729 470 761 Dicitur
492 729 648 766 secundo,
673 729 764 770 quod
787 729 932 761 naturale
955 735 1003 761 est
1023 739 1127 771 aquae
1143 731 1260 761 habere
1275 729 1364 770 frigi-

287 773 430 811 ditatem,
447 783 524 805 cum
539 773 648 815 aliqua
663 779 772 806 tamen
788 774 971 805 latitudine:
991 775 1068 815 quia
1083 774 1206 806 scilicet
1221 784 1260 806 ex
1275 775 1363 815 prin-

287 819 379 859 cipiis
402 819 624 850 essentialibus
640 828 743 859 aquae
759 819 905 859 sequitur
920 818 1036 860 aliquis
1050 819 1168 859 gradus
1184 819 1362 860 frigiditatis

1417 340 1504 365 retur
1530 335 1682 376 frigiditas
1709 337 1749 369 ad
1771 339 1905 378 gradum
1930 340 2011 372 infra
2034 346 2136 373 totam
2158 343 2247 374 illam
2269 343 2482 383 latitudinem,

1417 384 1496 418 puta
1511 379 1592 410 infra
1615 381 1816 413 latitudinem
1839 393 1923 424 quae
1947 390 1994 416 est
2016 385 2157 418 duorum
2180 387 2220 418 ad
2243 397 2307 426 sex,
2325 390 2484 422 desineret

1417 428 1530 454 natura
1553 433 1666 464 aquae.
1682 426 1774 457 Licet
1789 436 1865 467 ergo
1881 438 1965 469 aqua
1988 430 2047 460 sibi
2070 431 2220 463 derelicta
2242 438 2274 464 et
2288 443 2364 466 cnon
2379 436 2482 476 impe-

1418 465 1483 496 dita
1498 467 1538 497 ad
1561 477 1726 500 summum
1749 470 1883 510 gradum
1898 473 1983 503 illius
1998 474 2172 506 latitudinis
2187 475 2365 517 frigiditatis
2380 478 2482 510 dedu-

1418 515 1508 561 catur
1530 517 1644 542 natura
1667 514 1712 544 sic
1735 514 1920 552 inclinante,
1939 522 2046 557 potest
2068 524 2176 550 tamen
2199 530 2218 550 a
2240 524 2401 554 contrario
2424 533 2482 564 per

1417 555 1606 587 violentiam
1628 557 1777 597 impediri
1795 567 1837 589 ne
1856 569 2022 592 summum
2039 562 2131 594 illurn
2150 564 2326 604 frigiditatis
2346 567 2482 608 gradum

1417 598 1547 630 habeat:
1564 610 1733 641 nunquam
1745 607 1853 633 tamen
1865 614 1883 634 a
1898 614 2109 646 quocumque
2125 608 2329 642 calefaciente
2345 613 2481 644 omnino

1419 643 1458 673 ab
1481 644 1551 684 ipsa
1574 646 1680 675 omnis
1703 645 1881 686 frigiditatis
1907 649 2023 689 gradus
2045 652 2203 683 removeri
2225 660 2342 692 potest,
2368 662 2482 688 natura

1418 694 1580 719 manente.
1609 689 1704 720 Unde
1726 699 1900 730 possumus
1923 693 2029 724 dicere
2055 695 2145 734 quod
2168 696 2282 736 aliquis
2305 699 2481 740 frigiditatis

1417 731 1534 772 gradus
1557 738 1605 764 est
1627 743 1730 774 aquae
1762 736 1912 767 naturalis
1939 743 2094 778 tanquam
2120 749 2140 771 a
2161 747 2292 772 naturae
2318 745 2481 785 principiis

1418 782 1566 807 causatus
1589 778 1746 814 absolute,
1770 785 1802 810 et
1827 780 1880 811 hic
1904 781 1943 811 ab
1975 792 2059 823 aqua
2081 786 2240 816 removeri
2266 795 2334 820 non
2361 794 2480 827 potest:

1416 821 1516 862 aliqui
1528 831 1606 852 vero
1623 822 1800 863 frigiditatis
1815 824 1932 865 gradus
1948 832 2023 857 sunt
2038 836 2141 867 aquae
2156 829 2314 860 naturales
2329 836 2482 872 tanquam

286 864 368 894 intra
395 863 484 895 illam
514 863 728 900 latitudinem,
752 873 861 904 neque
892 869 1000 904 potest
1030 872 1116 904 aqua
1145 873 1215 894 non
1244 864 1362 895 habere
1416 864 1456 896 ad
1480 874 1564 906 quos
1587 873 1700 898 natura
1723 878 1825 908 aquae
1842 868 1987 901 deductis
2010 871 2248 912 impedimentis
2266 874 2427 914 perducit;
2452 882 2483 907 et

285 908 429 949 aliquem
451 908 587 950 gradum
618 908 703 940 illius
730 907 922 949 frigiditatis;
947 908 1143 949 quinimmo,
1167 909 1194 939 si
1220 909 1361 939 remitte-

1415 910 1467 940 isti
1483 910 1522 941 ab
1539 920 1622 951 aqua
1638 921 1695 952 per
1710 913 1897 945 violentiam
1913 920 1945 945 et
1965 914 2005 946 ad
2020 921 2148 957 tempus
2164 919 2322 949 removeri
2337 926 2482 959 possunt.

1121 1022 1658 1065 *W

871 1169 1423 1236 CAPITULUM
1473 1181 1909 1239 ocTAVUM

360 1492 363 1494 ,
452 1458 776 1495 ‹ousmmunum
814 1446 930 1484 etiam
963 1446 1118 1485 videtur
1152 1448 1263 1498 quod
1302 1460 1363 1486 res

292 1555 294 1557 ·
336 1516 479 1589 suec-'1³
508 1500 676 1592 33²3?ae
699 1500 1159 1593 ⁵³3⁸31¹31³ss³⁵'.51'{1‘¹1¹¹{¹1³1⁰⁸
1186 1502 1363 1593 h¹²¹3¹³a¹¹11³

337 1566 480 1595 χιε
1047 1568 1074 1593 u
1146 1568 1249 1593 sumi
1344 1577 1362 1584 ·

346 1588 353 1600 ¹
364 1586 479 1638 ''⁴⁸⁴‘st
509 1609 624 1658 quale
638 1565 842 1657 vegs-›Ifilgium
858 1567 907 1646 511¹>
913 1620 954 1646 se
969 1567 1125 1647 diginae
1138 1585 1361 1647 imitationis

284 1659 536 1708 retinentsita
563 1669 696 1699 tamen
724 1662 994 1712 imperfectum
1020 1662 1129 1713 quod
1157 1663 1206 1700 ad
1235 1663 1361 1701 decla-

284 1714 449 1753 randam
476 1713 598 1766 ipsius
625 1714 699 1753 Dei
731 1715 987 1754 substantiam
1019 1716 1184 1755 omnino
1212 1716 1360 1754 insuffi-

284 1767 390 1807 ciens
422 1768 629 1807 invenitur.
666 1769 823 1808 Habent
857 1769 964 1808 enim
999 1770 1160 1808 effectus
1197 1782 1360 1808 suarum

283 1833 493 1861 causarum
520 1835 594 1861 suo
623 1823 746 1861 modo
781 1822 1086 1870 similitudinem,
1115 1834 1209 1861 cum
1243 1835 1361 1872 agens

252 1888 254 1890 ’
283 1883 370 1925 agat
388 1875 461 1914 sibi
489 1875 630 1914 simile:
651 1889 733 1914 non
751 1883 884 1915 tamen
902 1877 1064 1915 effectus
1082 1877 1133 1915 ad
1151 1877 1361 1927 perfectam

283 1929 430 1979 agentis
445 1928 750 1969 similitudinem
774 1942 930 1981 semper
956 1930 1145 1980 pertingit.
1176 1931 1362 1969 Humana

283 1981 398 2032 igitur
411 1982 508 2021 ratio
523 1984 573 2022 ad
587 1983 908 2032 cognoscendum
921 1983 1015 2022 fidei
1028 1983 1242 2030 veritatem,
1259 1995 1360 2034 quae

284 2037 414 2075 solum
427 2036 649 2075 videntibus
664 2036 839 2075 divinam
859 2036 1113 2075 substantiam
1131 2044 1258 2087 potest
1276 2049 1360 2076 esse

283 2089 497 2135 notissima,
525 2090 577 2129 ita
605 2103 646 2129 se
674 2091 791 2129 habet
818 2091 927 2141 quod
956 2090 1005 2129 ad
1033 2102 1123 2128 eam
1150 2098 1276 2141 potest
1295 2090 1360 2128 ali-

283 2155 382 2194 quas
409 2143 760 2183 verisimilitudines
779 2144 968 2194 colligere,
993 2156 1095 2194 quae
1123 2151 1255 2182 tamen
1281 2156 1361 2182 non

267 1351 278 1352 i
405 1301 726 1360 QUMXTER
760 1306 835 1348 SE
870 1307 1126 1349 HABEAT
1159 1308 1431 1350 HUMANA
1465 1309 1654 1350 RATIO
1690 1310 1775 1351 AD
1810 1311 2170 1354 VERITATEM
2204 1314 2372 1372 FIDEI

1417 1448 1502 1496 bus,
1522 1457 1886 1500 quantumcumque
1904 1450 2107 1499 debilibus,
2123 1464 2163 1489 se
2183 1464 2294 1490 mens
2311 1454 2484 1493 humana

1417 1510 1607 1550 exerceat,
1645 1503 1865 1542 dummodo
1902 1504 2000 1542 desit
2035 1506 2390 1555 comprehendendi
2423 1510 2485 1546 vel

1417 1555 1709 1594 demonstrandi
1736 1557 2019 1607 praesumptio:
2049 1558 2142 1607 quia
2169 1559 2218 1596 de
2246 1560 2361 1597 rebus
2389 1561 2484 1598 altis-

1416 1609 1523 1647 simis
1542 1609 1657 1648 etiam
1678 1622 1799 1660 parva
1818 1619 1854 1648 et
1881 1610 1997 1648 debili
2015 1611 2322 1650 consideratione
2341 1614 2484 1663 aliquid

1383 1678 1392 1698 ς
1414 1675 1530 1713 posse
1558 1663 1746 1714 inspicere
1766 1663 2092 1702 iucundissimum
2115 1673 2181 1713 est,
2201 1673 2244 1703 ut
2271 1678 2318 1703 ex
2345 1666 2452 1705 dictis
2465 1667 2486 1689 *
2511 1670 2520 1678 “

1415 1727 1438 1754 a
1494 1729 1585 1754 are.

1439 1729 1545 1808 9123OE
1561 1725 1732 1821 tquidem
1762 1771 1970 1809 sententiae
2003 1772 2207 1810 auctoritas
2235 1772 2368 1811 Hilarii
2395 1785 2485 1811 con-

1414 1823 1560 1870 cordat,
1589 1823 1658 1874 qui
1685 1824 1740 1863 sic
1768 1825 1858 1863 dicit
1885 1824 1925 1863 in
1952 1825 2050 1863 libro
2079 1826 2125 1864 de
2151 1828 2187 1864 T
2184 1827 2255 1863 rin.
2270 1826 2302 1873 ²¹²,
2322 1829 2486 1876 loquens

1415 1877 1464 1916 de
1483 1877 1712 1916 huiusmodi
1729 1878 1906 1917 veritate:
1922 1880 2034 1917 Haec
2052 1880 2237 1917 credendo
2256 1882 2387 1930 incipe,
2398 1893 2485 1930 pro-

1376 1949 1402 1964 ιο
1415 1943 1538 1977 curre,
1562 1933 1737 1982 persiste.-
1760 1934 1827 1970 etsi
1853 1945 1927 1970 non
1951 1940 2221 1983 perventurum
2248 1936 2376 1980 sciam,
2396 1946 2486 1984 gra-

1414 1985 1563 2022 tulabor
1580 1991 1704 2023 tamen
1728 1986 2002 2038 profecturum.
2031 1987 2108 2029 Qui
2128 1988 2228 2024 enim
2250 1989 2315 2037 pie
2342 1988 2486 2035 infinita

1382 2068 1385 2070 >
1409 2040 1659 2088 prosequitur,
1690 2041 1757 2076 etsi
1783 2051 1857 2076 non
1886 2041 2080 2090 contingat
2099 2041 2313 2090 aliquando,
2342 2053 2487 2090 semper

1414 2097 1539 2129 tamen
1563 2093 1735 2142 proficiet
1757 2093 1992 2142 prodeundo.
2031 2093 2106 2131 Sed
2138 2106 2185 2131 ne
2211 2100 2246 2130 te
2278 2095 2420 2143 inferas
2448 2096 2484 2131 in

1415 2145 1508 2182 illud
1532 2151 1726 2192 secretum,
1747 2152 1781 2183 et
1808 2158 1951 2184 arcano
1980 2148 2262 2185 interminabilis
2290 2149 2486 2185 nativitatis

283 2197 482 2237 sufficiunt
515 2198 567 2236 ad
601 2198 678 2236 hoc
712 2198 821 2248 quod
856 2197 1051 2249 praedicta
1078 2197 1219 2235 veritas
1247 2197 1360 2247 quasi
1376 2216 1399 2236 ις
1416 2210 1491 2235 non
1519 2204 1554 2235 te
1572 2200 1790 2249 immergas,
1819 2212 2006 2237 summam
2035 2201 2300 2250 intelligentiae
2317 2213 2485 2251 compre-

282 2251 586 2291 demonstrative
614 2253 677 2289 vel
705 2263 776 2302 per
807 2264 848 2290 se
882 2251 1070 2290 intellecta
1102 2252 1360 2301 comprehen-

283 2304 408 2343 datur.
437 2304 538 2344 Utile
565 2312 698 2343 tamen
726 2313 782 2343 est
809 2313 852 2343 ut
880 2305 920 2343 in
948 2304 1177 2343 huiusmodi
1205 2304 1359 2343 rationi-

339 2417 353 2444 5
373 2417 493 2453 retinent]
512 2419 658 2444 secundum
678 2419 808 2452 (videlicet
826 2419 878 2454 Pd)
896 2420 969 2454 quod
987 2425 1050 2446 sunt
1073 2425 1100 2445 et
1124 2420 1208 2445 bonae
1233 2425 1295 2445 suat
1319 2420 1426 2445 addunt
1451 2419 1522 2446 ZPd.

283 2454 379 2489 aliquis
397 2461 474 2480 veru
492 2455 675 2480 similitudines
693 2455 742 2480 Pd.

337 2497 354 2524 9
372 2490 445 2516 Haec
459 2490 503 2516 Ita
515 2490 553 2516 Pe
563 2494 592 2516 et

282 2533 388 2552 currere
405 2527 544 2558 peremere
561 2526 616 2558 cd).
709 2526 742 2552 13
761 2526 926 2561 prodeundo]
946 2527 1113 2560 procedendo
1131 2527 1201 2552 ZPd.

283 2560 385 2596 nabilis]
404 2561 431 2598 in
449 2567 490 2587 ter
508 2559 562 2595 (vel
578 2560 674 2595 inicia)
693 2562 819 2588 mirabilis
832 2562 863 2594 E,
882 2562 1046 2596 inopinabilis
1066 2562 1201 2587 Hilarius.

602 2490 681 2525 sorte
698 2491 759 2522 NX;
778 2491 835 2516 Hoc
850 2491 932 2524 plene
950 2490 999 2522 ῦὸ,
1019 2491 1067 2516 Hic
1081 2491 1162 2523 plene
1175 2490 1265 2516 cr-'Hz
1283 2491 1442 2523 compendio
1460 2490 1596 2516 BDEWY.

1293 2533 1327 2558 ¹4
1345 2531 1372 2551 et
1389 2525 1494 2561 mano]
1514 2526 1541 2552 in
1558 2534 1683 2552 “canum
1702 2527 1753 2556 ΕΖ,
1772 2532 1798 2553 et
1816 2534 1940 2552 “eanum
1958 2527 2008 2556 Nd,
2028 2532 2054 2552 et
2068 2527 2094 2552 in
2112 2534 2233 2552 arcanum
2252 2526 2280 2552 P.

1292 2561 1440 2597 nativitatis]
1460 2562 1621 2588 necessitati·
1640 2562 1692 2594 EZ,
1710 2563 1826 2588 veritatis
1846 2562 1907 2588 ch.

1414 2252 1577 2342 Ζιῗῖιᾱενε
1598 2265 1865 2302 praesumens:
1890 2253 1957 2290 sed
1982 2254 2147 2304 intellige
2173 2256 2485 2302 incomprehensi-

1439 2318 1503 2342 ιια
1531 2317 1618 2343 esse.

1612 2428 1629 2454 9
1648 2419 1766 2454 effectus]
1785 2420 1930 2454 perfectum
1948 2428 1974 2446 α.
2066 2420 2098 2445 13
2118 2421 2218 2454 aliquas
2240 2420 2484 2454 verisimilitudines]

1682 2498 1806 2524 procurre
1825 2491 1964 2520 Hilarius,·
1977 2498 2099 2524 percurre
2111 2498 2202 2516 omnes
2220 2489 2343 2524 (incipere
2362 2491 2411 2532 bfd
2428 2498 2485 2532 per-

2371 2532 2485 2551 intermi-

1045 2650 1384 2683 Commentaria
1415 2650 1728 2683 Ferrariensis

285 2756 461 2821 saeuum,
489 2753 656 2788 comparat
686 2747 822 2778 Sanctus
850 2747 996 2778 Thomas
1022 2749 1190 2779 veritatem
1221 2749 1359 2788 primam

325 2791 366 2823 ad
388 2792 549 2823 rationem
571 2792 751 2823 naturalem
763 2793 790 2822 *.
820 2791 915 2823 Circa
937 2793 1003 2824 hoc
1033 2798 1142 2824 autem
1170 2792 1237 2824 duo
1269 2793 1358 2824 facit:

282 2837 400 2878 primo,
429 2836 571 2868 ostendit
598 2836 678 2877 quid
700 2837 843 2867 humana
869 2838 951 2868 ratio
974 2838 1077 2878 possit
1104 2838 1188 2868 circa
1210 2847 1250 2868 ea
1276 2847 1360 2878 quae

282 2886 359 2912 sunt
380 2880 475 2918 fidei;
499 2881 655 2917 secund0‚
679 2880 760 2921 quid
781 2880 861 2912 utile
883 2882 924 2912 sit
938 2882 965 2911 ⁵.

328 2925 352 2956 1.
368 2925 478 2956 Primo
494 2935 571 2966 ergo
587 2926 631 2956 ait
646 2925 738 2966 quod
753 2924 794 2956 ad
809 2925 1071 2966 cognoscendam
1090 2925 1166 2957 fidei
1181 2926 1358 2963 veritatem,

284 2979 368 3010 quae
391 2970 500 3000 solum
515 2969 697 3001 videntibus
720 2969 863 3000 divinam
878 2971 1089 3001 substantiam
1104 2971 1272 3001 notissima
1290 2981 1359 3002 esse

282 3019 401 3055 potest,
417 3014 560 3045 humana
574 3015 655 3045 ratio
671 3014 869 3050 verisimiles,
885 3024 953 3045 non
970 3020 1079 3045 autem
1095 3014 1359 3046 demonstrativas

283 3059 423 3089 rationes
455 3058 606 3099 colligere
633 3063 750 3099 potest.
778 3077 802 3081 —
827 3059 994 3090 Probatur.
1025 3059 1089 3090 Res
1116 3060 1292 3097 sensibiles,
1320 3070 1359 3091 ex

285 3103 403 3144 quibus
430 3103 572 3134 humana
598 3104 679 3134 ratio
711 3103 907 3143 cognitionis
937 3104 1135 3144 principium
1166 3105 1274 3141 sumit,
1302 3105 1359 3135 ali-

284 3147 380 3188 quale
402 3148 574 3188 vestigium
596 3148 631 3178 in
654 3157 689 3178 se
712 3147 839 3178 divinae
865 3148 1054 3179 imitationis
1076 3154 1198 3186 tenent,
1214 3149 1271 3180 sed
1289 3147 1359 3180 non

284 3191 366 3223 adeo
397 3192 578 3233 perfectum
608 3197 646 3223 ut
674 3192 737 3223 Dei
763 3193 975 3223 substantiam
1005 3192 1178 3224 declarent.
1208 3194 1296 3234 Ergo
1319 3193 1360 3225 ad

285 3236 552 3277 cognoscendum
575 3246 613 3268 ea
637 3246 721 3277 quae
743 3236 785 3268 de
808 3237 880 3268 Deo
904 3236 1076 3274 credimus,
1093 3243 1126 3269 et
1145 3247 1228 3279 quae
1251 3238 1360 3269 solum

284 3282 495 3312 substantiam
521 3281 664 3313 divinam
690 3280 873 3312 videntibus
899 3287 975 3313 sunt
997 3282 1176 3319 notissima,
1203 3283 1359 3314 verisimi-

284 3325 437 3357 litudines
460 3326 594 3367 quidem
616 3326 734 3357 habere
757 3327 838 3357 ratio
861 3331 979 3367 potest,
996 3336 1066 3357 non
1089 3332 1199 3358 autem
1222 3327 1360 3358 demon-

285 3371 465 3401 strationem

341 3414 547 3446 Antecedens
569 3424 630 3456 pro
653 3415 758 3456 prima
783 3420 874 3455 parte
897 3420 1000 3455 patet:
1029 3415 1106 3455 quia
1128 3421 1204 3446 sunt
1227 3415 1360 3447 effectus

286 3459 363 3495 Dei;
387 3458 520 3490 effectus
535 3465 646 3490 autem
664 3460 807 3500 aliquam
821 3459 1066 3490 similitudinem
1084 3469 1200 3491 causae
1214 3460 1321 3491 habet.
1337 3477 1361 3484 -

287 3502 437 3534 Secunda
467 3505 565 3535 etiam
590 3514 664 3545 pars
692 3509 740 3535 est
768 3504 938 3535 manifesta
965 3513 1004 3535 ex
1030 3514 1128 3544 supra
1142 3505 1159 3521 *
1187 3503 1294 3535 dictis:
1318 3513 1359 3535 eo

287 3547 380 3587 quod
401 3548 465 3579 sint
487 3548 620 3580 effectus
642 3548 763 3580 debiles
786 3554 819 3580 et
840 3549 1054 3590 inadaequati.
1070 3566 1093 3571 -
1108 3548 1260 3580 Similiter
1281 3554 1361 3579 nota

288 3597 336 3623 est
365 3594 618 3633 consequentia:
654 3594 731 3633 quia
761 3593 893 3624 effectus
927 3592 1107 3624 secundum
1137 3592 1360 3624 conditionem

288 3645 381 3667 suam
402 3637 444 3667 in.
461 3638 682 3678 cognitionem
706 3647 821 3669 causae
844 3637 942 3669 ducit.

1471 2748 1509 2779 11.
1533 2747 1777 2779 Advertendum
1805 2756 1866 2788 pro
1901 2746 2117 2777 conclusionis
2144 2744 2356 2775 declaratione
2380 2743 2480 2784 quod,

1414 2792 1490 2823 licet
1515 2791 1596 2824 fides
1618 2793 1653 2823 in
1676 2802 1710 2824 se
1734 2791 1958 2823 certitudinem
1985 2791 2108 2826 habeat,
2133 2799 2170 2820 ea
2192 2795 2299 2819 tamen
2323 2788 2479 2819 certitudo

1415 2847 1492 2868 cum
1506 2836 1702 2869 inevidentia
1725 2842 1788 2868 est:
1813 2846 1853 2867 eo
1870 2835 1960 2877 quod
1976 2845 2013 2866 ea
2029 2844 2111 2875 quae
2134 2833 2210 2865 fidei
2223 2839 2298 2864 sunt
2319 2842 2426 2873 neque
2442 2842 2480 2862 ex

1413 2882 1592 2913 rationibus
1603 2882 1817 2913 terminorum
1829 2890 1904 2912 vera
1915 2890 1983 2911 esse
1999 2884 2181 2920 appareant,
2193 2887 2300 2918 neque
2317 2886 2354 2908 ex
2367 2886 2479 2907 eorum

1414 2927 1614 2959 resolutione
1637 2926 1677 2957 ad
1699 2927 1803 2967 prima
1817 2926 1975 2966 principia
1990 2923 2173 2955 naturaliter
2194 2928 2272 2952 nota
2294 2922 2356 2952 sint
2378 2921 2479 2951 mani-

1414 2970 1504 3008 festa,
1522 2981 1598 3003 cum
1614 2981 1710 3012 supra
1725 2971 1902 3001 humanam
1916 2970 2073 3000 rationem
2095 2968 2173 3004 sint;
2198 2966 2254 2997 sed
2273 2971 2397 2996 tantum
2413 2974 2478 2996 cre-

1415 3015 1521 3046 dimus
1544 3017 1598 3048 illa
1621 3025 1690 3046 esse
1705 3024 1779 3046 vera
1803 3015 1879 3055 quia
1894 3024 1912 3044 a
1927 3014 1999 3044 Deo
2023 3012 2159 3043 revelata
2182 3016 2265 3046 sunt,
2282 3010 2338 3050 qui
2361 3014 2408 3040 est
2430 3010 2477 3040 in-

1413 3059 1552 3091 fallibilis
1568 3061 1692 3092 veritas.
1717 3060 1852 3100 Propter
1866 3059 1930 3089 hoc
1953 3058 2058 3098 inquit
2073 3056 2207 3087 Sanctus
2224 3055 2366 3085 Thomas
2390 3052 2479 3093 quod

1413 3105 1519 3135 solum
1536 3105 1715 3136 videntibus
1727 3104 1870 3134 divinam
1886 3102 2055 3133 essentiam
2072 3100 2238 3131 notissima
2255 3108 2321 3129 esse
2330 3102 2476 3138 possunt.

1415 3149 1570 3180 Videntes
1593 3150 1681 3181 enim
1699 3149 1908 3179 substantiam
1925 3146 2065 3177 divinam
2087 3144 2197 3175 vident
2219 3142 2337 3173 credita
2352 3152 2370 3171 a
2384 3142 2478 3172 nobis

1414 3193 1454 3224 de
1477 3193 1641 3225 divinitate
1665 3193 1843 3224 necessaria
1867 3201 1945 3227 esse,
1971 3200 2010 3221 eo
2032 3188 2122 3229 quod
2144 3197 2182 3218 ex
2205 3186 2415 3217 terminorum
2429 3195 2478 3215 ra-

1412 3238 1557 3269 tionibus
1572 3242 1771 3279 cognoscant
1786 3235 2004 3277 praedicatum
2020 3233 2164 3264 subiecto
2180 3230 2357 3261 necessario
2369 3229 2478 3260 inhae-

1413 3292 1496 3319 rere;
1522 3292 1622 3323 quam
1636 3280 1858 3313 habitudinem
1873 3289 1961 3310 nunc
1975 3277 2082 3308 videre
2105 3285 2173 3306 non
2195 3283 2378 3315 possumus.

1470 3326 1553 3358 Illud
1580 3335 1714 3367 quoque
1742 3324 1833 3366 quod
1864 3323 1949 3354 ratio
1977 3323 2118 3352 humana
2147 3318 2334 3350 verisimiles
2361 3317 2479 3347 habere

1414 3371 1559 3402 rationes
1577 3375 1693 3411 potest,
1710 3368 1954 3409 intelligendum
1969 3372 2049 3407 puto
2072 3369 2146 3405 post
2160 3363 2388 3393 revelationem
2402 3361 2479 3392 fidei

1414 3415 1540 3451 factam,
1565 3424 1632 3446 non
1657 3419 1765 3445 autem
1789 3418 1875 3443 ante:
1901 3420 1975 3442 cum
1995 3418 2086 3440 mens
2109 3409 2249 3438 humana
2271 3405 2312 3436 ad
2335 3415 2372 3436 ea
2395 3415 2478 3446 quae

1413 3465 1490 3490 sunt
1503 3459 1580 3490 fidei
1602 3468 1659 3499 per
1682 3467 1716 3488 se
1739 3457 1855 3488 elevari
1877 3465 1944 3486 non
1965 3454 2075 3495 possit.
2099 3451 2194 3483 Unde
2215 3450 2321 3490 inquit
2343 3450 2478 3500 Sanctus

1414 3504 1559 3534 Thomas
1583 3503 1620 3539 1²,
1637 3512 1692 3543 qu.
1709 3511 1803 3537 xxm,
1821 3511 1848 3531 a.
1869 3508 1896 3535 ι,
1913 3498 1953 3529 ad
1970 3508 1999 3534 2,
2016 3496 2106 3537 quod
2125 3495 2165 3526 ad
2187 3493 2479 3545 manifestationem

1414 3547 1578 3578 Trinitatis
1605 3546 1716 3577 induci
1743 3546 1823 3575 ratio
1851 3548 1957 3584 potest
1983 3550 2066 3581 quae
2094 3539 2241 3570 Trinitati
2263 3539 2328 3589 iarn
2354 3543 2478 3578 positae

1414 3597 1580 3632 congruat,
1608 3600 1676 3621 non
1699 3595 1807 3620 autem
1833 3597 1890 3628 per
1913 3595 2010 3627 quarn
2037 3583 2230 3615 sufficienter
2255 3588 2377 3613 trinitas
2402 3590 2479 3622 pro-

1413 3637 1507 3667 betur
1529 3636 1751 3666 Personarum.

2513 1826 2522 1835 ‘
2537 1825 2587 1847 Lib.
2596 1825 2651 1851 ll,c.
2659 1831 2681 1850 x,
2691 1831 2723 1846 xi.
