2742 4152
63 1246 76 1259 ⁴·
95 1244 150 1268 Vm
172 1244 279 1274 Pirria,

61 1271 260 1328 'Effigffquf''

62 1690 75 1703 -
89 1689 241 1720 mmmm.

902 273 1091 311 SUMMA
1120 273 1342 313 CONTRA
1371 277 1646 328 GENTILES,
1677 280 1787 317 CAP.
1809 282 1902 318 XIII.

308 351 419 382 existit
438 361 500 391 per
522 361 565 387 se,
583 350 674 388 idest,
690 361 830 393 quorum
854 356 1005 382 neutrum
1026 353 1245 383 necessarium
1269 359 1316 384 est
1338 355 1381 385 ad

307 405 380 427 me
401 396 549 427 alterius.
572 396 658 428 Nam
680 397 708 427 si
729 405 834 427 unum
848 395 990 436 indigeat
1013 396 1113 428 altero
1132 396 1173 427 ad
1188 406 1257 428 esse
1273 407 1380 434 suum,

309 439 390 471 illud
405 440 497 481 quod
519 441 623 472 altem
635 440 766 481 indiget-
777 450 848 471 nnn
862 446 971 481 potest
993 441 1033 472 ab
1048 451 1090 473 eo
1111 442 1263 482 separari:
1287 443 1380 478 sicut,

308 485 385 515 licet
410 485 533 526 absque
555 486 688 516 materia
710 484 815 516 forma
837 485 946 526 aliqua
967 486 1153 526 reperiatur,
1180 496 1250 517 non
1272 492 1381 517 tamen

308 529 446 560 inveniri
457 535 564 570 potest
581 530 712 560 materia
727 530 796 560 sine
812 528 931 567 forma;
949 536 981 561 et
995 530 1071 562 licet
1082 531 1258 562 substantia
1273 531 1382 571 aliqua

309 574 378 605 sine
394 573 560 605 accidente
581 574 631 610 sit,
646 583 717 604 non
731 579 841 605 tamen
864 574 1013 606 accidens
1029 576 1098 606 sine
1121 576 1296 606 substantia
1313 585 1381 606 esse

308 623 433 659 potest;
462 619 540 659 quia
561 624 595 649 et
615 619 749 649 materia
775 618 898 659 indiget
925 619 1030 650 forma
1057 619 1098 651 ad
1126 630 1194 651 esse
1218 629 1325 656 suum,
1350 625 1382 650 et

308 662 459 694 accidens
485 663 671 693 substantia.
700 663 736 693 In
758 663 820 694 illis
847 664 943 704 igitur
971 664 1078 695 solum
1109 665 1268 705 contingit
1290 664 1381 705 quod

309 707 446 738 alterum
468 716 526 747 per
548 716 583 738 se
605 707 782 747 reperiatur
805 708 831 738 si
854 708 991 739 alterum
1007 710 1076 740 sine
1099 710 1199 740 altero
1223 710 1273 745 sit,
1297 718 1381 749 quae

308 751 445 782 omnino
461 760 520 792 per
534 750 684 782 accidens
703 752 956 793 coniunguntur,
973 763 1117 794 quorum
1132 753 1281 784 videlicet
1301 763 1381 784 neu-

308 801 395 826 trum
418 795 518 826 altero
542 795 583 827 ad
605 805 703 827 suum
727 806 796 828 esse
819 797 950 838 indiget.

364 840 446 871 Item
466 839 699 872 advertendum
722 841 813 882 quod
835 843 895 873 ista
910 842 1104 882 possibilitas
1126 841 1167 873 de
1183 851 1248 882 qua
1263 842 1316 873 hic
1332 842 1381 872 lo-

308 885 450 926 quimur,
467 890 515 916 est
529 885 646 926 logica,
663 891 695 916 et
709 895 778 917 non
801 887 963 917 naturalis.
986 887 1037 917 Ab
1058 886 1278 917 accidentibus
1294 887 1382 917 enim

307 929 572 970 inseparabilibus
594 929 740 961 fortassis
759 940 829 961 non
848 936 956 971 potest
979 930 1087 971 aliqua
1109 931 1233 971 species
1252 940 1310 971 per
1325 941 1381 961 na-

307 974 445 1005 turalem
459 975 641 1015 potentiam
656 975 805 1016 separari,
821 975 906 1006 sicut
928 984 1052 1016 cygnus
1068 975 1108 1006 ab
1124 975 1287 1006 albedine:
1311 985 1380 1006 non

307 1023 425 1058 tamen,
447 1025 606 1060 repugnat
639 1029 782 1061 cygnum
812 1029 882 1050 non
913 1029 982 1050 esse
1012 1020 1134 1051 album.
1166 1019 1260 1051 Unde
1291 1019 1382 1060 quod

307 1063 414 1104 inquit
430 1062 688 1100 Commentator‚
704 1064 863 1105 quoniam
878 1073 1007 1095 necesse
1029 1069 1076 1095 est
1099 1065 1134 1095 in
1156 1064 1273 1095 talibus
1291 1064 1382 1105 quod

308 1107 445 1139 alterum
467 1109 598 1140 sitvsine
621 1108 733 1145 altero,
756 1108 1003 1149 intelligendum
1026 1115 1074 1140 est
1096 1108 1188 1150 quod
1210 1110 1381 1140 necessitas

307 1151 463 1184 referatur
485 1151 526 1184 ad
540 1153 682 1194 logicam
703 1153 959 1193 possibilitatem,
976 1158 1013 1184 ut
1033 1154 1073 1185 sit
1087 1163 1216 1185 sensus:
1241 1154 1381 1185 Necesse

308 1202 356 1228 est
382 1202 420 1228 ut
446 1202 478 1228 et
505 1197 642 1229 alterum
670 1202 855 1238 separatum
885 1198 935 1235 sit,
959 1197 1055 1234 idest,
1086 1207 1155 1229 esse
1182 1199 1284 1239 possit
1313 1208 1382 1229 non

307 1247 534 1283 repugnanter.
557 1242 643 1273 Nam
657 1241 809 1273 Albertus
820 1243 838 1260 *
860 1248 893 1273 et
908 1242 1044 1274 Sanctus
1056 1243 1202 1274 Thomas
1213 1244 1248 1260 ⁵*
1270 1243 1382 1274 dicunt

306 1285 388 1318 illud
399 1286 569 1328 probabile
584 1296 664 1323 esse,
676 1296 745 1318 non
761 1292 870 1318 autem
886 1288 1114 1319 necessarium.
1131 1287 1167 1319 Id
1179 1287 1270 1329 quod
1285 1289 1382 1319 etiam

254 1370 261 1371 ἶ
307 1330 552 1365 mersum
582 1331 732 1363 Thomae
762 1332 869 1363 habet.
900 1332 1036 1373 Propter
1066 1332 1157 1373 quod
1188 1338 1220 1364 et
1245 1333 1383 1373 ipsemet

308 1375 568 1414 Commentator,
590 1376 649 1407 XII
669 1377 824 1417 Metaph„
849 1386 970 1408 comm.
996 1377 1048 1414 35,
1073 1377 1210 1408 eandem
1232 1378 1383 1418 proposi-

306 1421 434 1452 tionem
447 1430 592 1462 ponens,
606 1421 714 1462 inquit
735 1421 827 1462 quod
846 1431 942 1453 omne
955 1422 1169 1463 compositum
1192 1432 1235 1453 ex
1257 1422 1383 1453 duobus

307 1475 448 1507 quorum
477 1466 618 1497 alterum
643 1470 754 1506 potest
775 1476 844 1498 esse
866 1476 930 1507 per
951 1476 995 1502 se,
1018 1467 1173 1508 possibile
1200 1467 1264 1498 erit
1285 1467 1382 1498 etiam

307 1511 448 1542 alterum
463 1519 533 1542 esse
549 1520 614 1552 per
627 1520 671 1547 se,
689 1511 753 1541 nisi
772 1511 963 1552 compositio
978 1512 1022 1542 sit
1035 1512 1236 1543 substantiae
1251 1517 1283 1542 et
1297 1512 1382 1542 acci-

307 1555 422 1587 dentis.

358 1599 395 1631 3.
419 1598 522 1638 Quod
537 1599 634 1630 etiam
648 1600 756 1640 inquit
770 1599 907 1631 Sanctus
923 1600 1079 1637 Thomas,
1096 1600 1187 1641 quod
1201 1601 1382 1631 substantia

307 1649 341 1676 et
365 1643 516 1681 accidens
534 1653 609 1675 non
637 1644 887 1686 coniunguntur
907 1654 971 1685 per
996 1645 1156 1681 accidens,
1184 1645 1241 1676 sed
1262 1655 1326 1686 per
1349 1655 1383 1676 se

307 1687 397 1732 (licet
409 1689 620 1729 inaliquibus
628 1689 717 1720 libris
728 1689 845 1720 vitiatis
860 1689 1016 1721 habeatur
1031 1699 1049 1721 e
1065 1690 1227 1721 contrario
1235 1690 1277 1730 “),
1289 1690 1383 1721 intel-

307 1733 476 1774 ligendum
498 1738 556 1770 est,
572 1743 687 1765 eorum
705 1734 929 1765 communibus
944 1734 1128 1766 rationibus
1150 1734 1384 1766 consideratis:

307 1787 377 1810 non
402 1783 514 1810 autem
535 1777 576 1810 de
599 1779 660 1810 hac
682 1784 739 1809 aut
761 1779 815 1810 illa
841 1779 1019 1810 substantia
1041 1785 1074 1810 et
1096 1779 1136 1810 de
1163 1779 1228 1810 hoc
1250 1779 1302 1810 vel
1325 1779 1383 1810 illo

308 1822 476 1855 accidente
497 1823 680 1855 secundum
695 1833 811 1855 eorum
829 1824 976 1864 proprias
999 1824 1149 1855 rationes.
1172 1824 1280 1855 Paries
1295 1825 1383 1855 enim

308 1873 343 1899 et
355 1867 484 1904 albedo,
499 1868 527 1899 si
541 1868 774 1909 particulariter
793 1867 1048 1904 considerentur,
1063 1877 1122 1909 per
1139 1868 1288 1900 accidens
1303 1878 1383 1900 con-

307 1913 503 1954 iunguntur:
539 1911 596 1944 sed
623 1913 650 1944 si
677 1913 781 1953 paries
809 1912 1031 1944 consideretur
1058 1918 1095 1944 ut
1121 1913 1297 1944 substantia
1324 1919 1382 1949 est,

309 1961 342 1988 et
367 1956 484 1988 albedo
507 1962 545 1987 ut
572 1962 620 1987 est
642 1956 802 1993 accidens,
830 1958 876 1988 sic
905 1962 980 1988 sunt
1007 1966 1066 1998 per
1092 1966 1126 1988 se
1153 1958 1328 1988 coniuncta
1351 1963 1383 1989 et

307 2011 378 2033 non
400 2001 538 2032 omnino
561 2010 620 2041 per
642 2001 801 2038 accidens,
823 2011 863 2032 eo
887 2001 979 2042 quod
1005 2002 1181 2032 substantia
1201 2003 1236 2032 in
1258 2003 1382 2033 ratione

308 2045 484 2077 accidentis
508 2044 702 2082 includatur,
726 2051 758 2076 et
781 2045 868 2086 apud
894 2046 1109 2087 philosophos
1131 2052 1291 2087 repugnet
1314 2055 1382 2078 esse

307 2091 342 2122 in
364 2099 474 2122 rerum
496 2095 611 2121 natura
633 2089 782 2122 accidens
804 2091 874 2122 sine
897 2091 1054 2122 subiecto.

363 2135 433 2166 XII.
457 2134 628 2173 Quantum
644 2134 685 2166 ad
699 2135 882 2167 secundum
893 2137 921 2172 ⁹,
938 2135 1015 2176 quia
1030 2134 1219 2166 huiusmodi
1241 2136 1381 2166 rationes

308 2188 378 2211 non
401 2179 527 2210 ducunt
549 2179 590 2210 ad
612 2180 722 2220 ipsum
737 2189 807 2211 esse
822 2180 894 2216 Dei,
918 2179 976 2211 sed
998 2185 1125 2211 tantum
1148 2179 1189 2210 ad
1210 2180 1275 2210 hoc
1291 2179 1382 2220 quod

309 2224 350 2255 sit
371 2222 507 2264 aliquod
528 2224 672 2264 primum
703 2233 839 2255 movens
863 2224 955 2265 quod
977 2225 1017 2254 ab
1041 2224 1104 2255 alio
1128 2234 1198 2255 non
1219 2229 1381 2260 movetur,

309 2268 451 2300 ostendit
466 2267 603 2299 Sanctus
615 2268 761 2300 Thomas
776 2269 868 2309 quod
883 2278 922 2300 ex
934 2269 998 2300 hoc
1013 2274 1148 2300 venatur
1162 2268 1296 2299 ulterius
1310 2269 1383 2299 Ari-

308 2313 440 2345 stoteles
463 2313 572 2344 Deum
596 2322 676 2345 esse.
692 2314 808 2354 Arguit
824 2314 912 2344 enirn
935 2314 991 2345 sic.
1015 2313 1073 2344 Est
1095 2313 1246 2344 devenire
1262 2312 1302 2344 ad
1317 2314 1382 2353 pri-

307 2366 402 2390 mum
417 2366 554 2389 movens
567 2367 638 2389 non
653 2363 784 2390 motum
799 2359 840 2389 ab
863 2358 928 2389 alio
945 2358 1105 2390 exteriori.
1122 2358 1208 2398 Ergo
1231 2363 1288 2388 aut
1302 2357 1383 2388 illud

309 2407 358 2434 est
380 2402 517 2434 omnino
532 2403 719 2434 immobile:
744 2408 800 2433 aut
814 2408 966 2434 movetur
989 2412 1008 2433 a
1031 2412 1075 2434 se.
1100 2402 1134 2434 Si
1156 2403 1310 2442 primum,
1326 2402 1383 2433 ha-

309 2447 403 2479 betur
424 2448 642 2488 propositum.
659 2447 693 2479 Si
708 2447 891 2478 secundum
905 2465 928 2470 —
943 2446 1035 2488 quod
1051 2451 1099 2478 est
1114 2447 1290 2487 probabile,
1307 2456 1384 2478 curn

309 2491 401 2532 quod
424 2497 472 2522 est
494 2500 552 2532 per
567 2501 602 2523 se
625 2492 665 2522 sit
686 2493 777 2532 prius
799 2502 840 2523 eo
856 2491 948 2532 quod
970 2501 1030 2532 per
1051 2491 1140 2522 aliud
1153 2510 1177 2514 -
1192 2501 1261 2522 non
1276 2497 1384 2532 potest

309 2536 374 2568 dici
397 2535 488 2577 quod
510 2541 618 2568 totum
633 2542 804 2568 moveatur
818 2546 837 2567 a
851 2542 940 2568 toto:
965 2537 1042 2577 quia
1065 2541 1278 2577 sequerentur
1291 2545 1384 2577 prae-

309 2580 396 2612 dicta
417 2581 689 2613 inconvenientia.
713 2581 801 2622 Ergo
825 2591 892 2612 una
905 2591 979 2621 pars
1002 2582 1072 2612 eius
1095 2586 1143 2612 est
1162 2590 1299 2612 movens
1315 2586 1384 2612 tan-

308 2631 392 2662 tum,
411 2625 509 2657 altera
527 2635 605 2657 vero
629 2631 729 2657 mota.
754 2626 796 2657 Et
818 2627 864 2657 sie
887 2627 985 2657 etiam
999 2625 1136 2657 habetur
1159 2625 1251 2666 quod
1272 2626 1313 2656 sit
1328 2625 1385 2656 ali-

310 2670 391 2711 quid
405 2679 542 2702 movens
557 2671 736 2702 immobile.
761 2671 831 2702 Nec
846 2675 955 2711 potest
970 2670 1034 2701 dici
1049 2670 1141 2710 quod
1156 2676 1293 2711 utraque
1312 2680 1385 2711 pars

309 2720 490 2751 moveatur,
500 2715 544 2746 ita
561 2714 652 2755 quod
667 2725 734 2746 una
748 2716 788 2746 ab
804 2715 879 2751 alia;
896 2715 947 2745 vel
962 2724 1028 2745 una
1043 2716 1182 2755 seipsam
1198 2720 1230 2746 et
1241 2715 1384 2751 alteram,

309 2760 362 2791 vel
384 2765 492 2791 tomm
518 2765 654 2800 partem,
682 2765 738 2790 aut
759 2769 833 2800 pars
855 2765 964 2790 totum
990 2765 1138 2791 moveat:
1167 2760 1245 2800 quia
1271 2759 1385 2790 eadem

309 2804 573 2836 inconvenientia
595 2810 818 2845 sequerentur.
842 2804 929 2844 Ergo
954 2809 1014 2835 etc.

369 2858 400 2881 2.
423 2848 457 2880 Si
480 2847 640 2880 diceretur
655 2848 748 2889 quod
762 2849 859 2889 primi
873 2849 1035 2879 moventis
1058 2849 1202 2889 seipsum
1225 2858 1298 2889 pars
1313 2858 1386 2879 mo-

310 2902 390 2924 vens
411 2898 564 2924 movetur
585 2902 644 2933 per
674 2893 832 2928 accidens,
863 2893 947 2924 sicut
975 2893 1011 2924 in
1041 2893 1248 2924 animalibus:
1274 2899 1386 2924 contra

311 2938 464 2978 arguitur.
502 2937 623 2974 Primo,
655 2938 732 2978 quia
766 2937 916 2968 animalia
950 2946 1027 2968 cum
1056 2938 1120 2968 sint
1154 2938 1385 2978 corruptibilia,

310 2991 384 3022 pars
406 2991 544 3013 movens
566 2982 602 3012 in
624 2982 670 3013 eis
696 2987 848 3013 movetur
877 2991 935 3022 per
964 2981 1124 3012 accidens.
1155 2982 1387 3022 Corruptibilia

311 3031 422 3058 autem
443 3027 610 3058 moventia
632 3031 763 3066 oportet
788 3025 898 3057 reduci
923 3025 964 3057 ad
986 3026 1121 3066 aliquod
1143 3036 1280 3058 movens
1302 3036 1387 3058 sem·

311 3071 492 3111 pitemum:
525 3071 612 3110 quia,
639 3080 716 3102 cum
742 3076 853 3101 motus
879 3071 920 3101 sit
949 3071 1174 3111 sempiternus,
1201 3070 1289 3112 apud
1315 3072 1387 3102 Ari-

311 3115 472 3152 stotelem,
497 3120 628 3155 oportet
649 3116 892 3155 generationem
914 3116 1119 3146 moventium
1145 3117 1250 3156 seipsa
1277 3125 1387 3147 corru-

311 3160 476 3200 ptibilium
507 3159 736 3200 sempiternam
769 3169 848 3190 esse.
884 3159 992 3190 Huius
1023 3165 1133 3190 autem
1166 3161 1388 3201 perpetuitatis

312 3214 382 3236 non
405 3209 514 3244 potest
537 3213 606 3236 esse
630 3213 726 3235 causa
749 3203 884 3244 aliquod
906 3204 1064 3243 ipsorum,
1081 3205 1158 3244 quia
1171 3215 1241 3236 non
1260 3214 1388 3246 semper

313 3253 377 3285 est3
406 3258 468 3280 nec
492 3249 604 3280 omnia
632 3249 740 3285 simul,
765 3249 843 3289 quia
871 3247 997 3279 infinita
1027 3254 1112 3285 sunt,
1137 3254 1169 3279 et
1192 3250 1288 3280 etiam
1318 3259 1387 3280 non

313 3298 390 3324 sunt
411 3293 518 3324 simul.
551 3292 629 3324 Ideo
653 3298 784 3334 oportet
805 3298 842 3324 ut
864 3293 905 3323 sit
928 3292 1051 3333 aliquid
1077 3302 1214 3324 movens
1244 3294 1388 3334 seipsum

314 3343 521 3378 perpetuum.

370 3381 534 3419 Secundo,
550 3382 627 3422 quia
641 3381 770 3413 nullum
784 3391 921 3412 movens
937 3381 1080 3421 seipsum
1095 3387 1247 3413 movetur
1261 3391 1388 3423 semper

314 3426 408 3457 cuius
430 3431 540 3457 motor
567 3431 718 3457 movetur
748 3436 806 3467 per
835 3435 869 3457 se
901 3431 957 3457 aut
979 3435 1038 3466 per
1060 3425 1219 3459 accidens.
1242 3426 1388 3459 Primum

314 3475 424 3501 autem
446 3480 583 3502 movens
597 3471 740 3512 seipsum
755 3475 906 3502 movetur
928 3479 1071 3510 semper:
1096 3470 1172 3501 alias
1194 3476 1304 3502 motus
1319 3481 1388 3502 non

314 3520 426 3555 posset
448 3525 518 3546 esse
540 3516 765 3556 sempiternus.
789 3533 812 3538 —
834 3515 904 3546 Nec
920 3515 1026 3545 obstat
1041 3514 1132 3555 quod
1146 3520 1290 3546 motores
1305 3515 1404 3552 infe-,

314 3559 439 3590 riorum
451 3560 580 3592 orbium
591 3565 766 3592 moventur
777 3570 835 3601 per
846 3559 1009 3590 accidens:
1027 3559 1104 3599 quia
1118 3560 1183 3590 hoc
1199 3565 1246 3590 est
1260 3565 1388 3591 tantum

314 3604 440 3678 ratgone
463 3612 599 3636 suorum
628 3604 802 3636 mobilium
831 3604 1039 3645 sequentium
1062 3609 1191 3634 motum
1214 3604 1387 3644 superioris

316 3657 354 3678 or
375 3657 412 3680 is.

1491 357 1521 387 3.
1545 356 1644 388 Addit
1666 364 1775 389 autem
1791 359 1925 391 Sanctus
1945 361 2089 392 Thomas
2112 362 2212 403 quod,
2229 364 2306 404 quia
2329 365 2417 396 Deus
2433 375 2500 396 non

1435 405 1482 430 est
1504 410 1576 440 pars
1600 402 1734 432 alicuius
1758 405 1917 434 moventis
1939 406 2092 445 seipsum,
2108 407 2240 438 ulterius
2264 418 2303 439 ex
2325 409 2389 440 hoc
2412 411 2501 441 inve-

1435 444 1528 484 su'gat
1551 444 1650 475 alium
1673 452 1836 477 motorem
1866 449 2001 479 omnino
2033 457 2224 490 separatum,
2249 453 2306 493 qui
2330 460 2377 484 est
2400 455 2499 490 Deus,

1435 496 1475 537 ει,
1498 497 1538 518 eo
1563 488 1662 528 quod.
1675 498 1814 521 movens
1834 492 1977 531 seipsum
1999 499 2148 525 movetur
2170 503 2301 537 propter
2320 500 2500 539 appetitum

1435 531 1570 562 alicuius
1593 534 1783 572 appetibilis,
1809 535 1898 574 quod
1922 542 1969 566 est
1991 546 2031 567 eo
2055 540 2200 578 superius
2223 541 2257 571 in
2279 542 2454 575 movendo.

1471 605 1475 610 ,
1489 575 1571 606 ΧΙΙΙ.
1597 576 1778 627 Sidicatur,
1795 579 1912 618 primo,
1930 580 2019 620 quod
2042 583 2222 620 procedunt
2239 585 2314 615 dicti
2330 596 2498 626 processus

1436 628 1475 649 ex
1507 626 1733 660 suppositione
1756 624 1947 654 aeternitatis
1976 630 2095 661 motus,
2129 628 2219 667 quod
2248 635 2294 659 est
2322 630 2453 662 falsum:
2477 649 2498 653 —

1435 664 1649 704 respondetur
1672 665 1763 705 quod
1786 667 1837 696 via
1861 667 2078 699 efficacissima
2103 670 2144 700 ad
2166 672 2368 711 probandum
2391 676 2498 706 Deum

1436 717 1505 739 esse
1529 714 1576 739 est
1599 718 1638 739 ex
1661 711 1885 750 suppositione
1908 713 2058 744 novitatis
2081 715 2210 751 mundi;
2233 726 2301 747 non
2324 719 2369 748 sic
2392 725 2499 750 autem

1437 761 1475 783 ex
1505 754 1730 793 suppositione
1753 756 1945 786 aeternitatis
1960 757 1987 786 ἦ
2018 756 2113 795 Quia,
2141 759 2167 788 si
2189 760 2329 791 mundus
2353 762 2392 792 de
2411 773 2499 794 novo

1435 797 1589 837 incoepit,
1613 797 1747 838 planum
1771 805 1818 829 est
1842 800 1932 840 quod
1956 807 2084 840 oportet
2105 803 2185 842 poni
2208 804 2348 844 aliquam
2371 816 2500 838 causam

1436 841 1544 881 ipsum
1559 841 1600 872 de
1614 852 1703 873 novo
1720 843 1965 883 producentem.
1982 845 2030 875 Ex
2042 848 2266 886 suppositione
2279 855 2386 880 autem
2401 856 2500 882 aeter.

1435 886 1541 916 nitatis
1564 886 1679 917 mundi
1701 887 1782 919 illud
1805 888 1930 919 videtur
1953 889 2060 920 minus
2084 891 2298 923 manifestum.

1494 939 1523 960 2.
1548 930 1582 961 Si
1605 930 1738 968 dicatur,
1762 932 1918 969 secundo,
1943 933 2033 973 quod
2063 934 2188 966 videtur
2210 938 2350 977 supponi
2377 938 2502 969 caelum

1437 983 1505 1005 esse
1529 975 1718 1012 animatum,
1737 986 1814 1008 cum
1837 982 1978 1017 ponatur
1993 987 2031 1008 ex
2047 988 2081 1009 se
2103 981 2244 1017 moveri;
2269 982 2332 1012 hoc
2355 987 2463 1013 autem
2484 993 2501 1013 a

1435 1019 1545 1049 multis
1561 1029 1629 1050 non
1645 1021 1848 1052 conceditur:
1865 1040 1888 1044 -
1903 1022 2115 1062 respondetur
2131 1024 2230 1064 quod,
2246 1026 2273 1055 si
2288 1035 2356 1056 non
2371 1027 2503 1066 ponitur

1435 1063 1579 1104 primum
1610 1074 1746 1096 movens
1770 1075 1809 1096 ex
1839 1075 1872 1097 se
1895 1072 2034 1104 motum,
2059 1074 2188 1108 oportet
2219 1070 2310 1109 quod
2335 1077 2503 1102 moveatur

1436 1108 1621 1140 immediate
1645 1119 1663 1140 a
1685 1110 1815 1150 penitus
1838 1111 2008 1143 immobili.
2039 1111 2174 1153 Propter
2201 1114 2291 1154 quod
2316 1115 2502 1147 Aristoteles

1436 1153 1572 1184 alterum
1595 1153 1726 1185 illorum
1749 1155 1808 1185 sub
1833 1154 2048 1186 disiunctione
2071 1157 2188 1188 intulit.
2480 1196 2485 1199 μ

1491 1198 1576 1228 XIV.
1599 1198 1739 1230 Adverte
1755 1200 1840 1230 circa
1857 1200 1945 1230 illam
1960 1202 2228 1241 propositionem,
2245 1204 2416 1234 Animalia.
2431 1214 2502 1243 cum

1435 1242 1502 1273 sint
1523 1243 1760 1284 corruptibilia,
1782 1254 1864 1284 pars
1886 1254 2017 1276 movens
2040 1246 2073 1276 in
2101 1247 2147 1277 eis
2169 1252 2316 1278 movetur
2334 1258 2399 1288 per
2419 1250 2504 1280 acci·

1436 1286 1524 1323 dens,
1549 1287 1641 1328 quod
1662 1288 1695 1330 ly
1719 1298 1791 1319 cum
1814 1289 1881 1319 sint
1903 1291 2128 1331 corruptibilia
2151 1301 2219 1322 non
2251 1293 2406 1333 accipitur
2434 1299 2503 1325 tan-

1437 1341 1536 1372 quam
1560 1341 1655 1363 causa
1671 1333 1768 1364 huius
1791 1333 1882 1374 quod
1901 1335 1935 1365 in
1950 1335 1995 1365 eis
2018 1344 2090 1375 pars
2105 1345 2240 1367 movens
2263 1343 2432 1369 moveatur
2445 1348 2503 1379 per

1436 1376 1595 1414 accidens,
1619 1376 1676 1408 sed
1699 1377 1740 1408 ad
1763 1378 2008 1418 exprimendum
2024 1380 2245 1411 conditionem
2268 1382 2455 1413 animalium
2469 1383 2503 1414 in

1437 1420 1550 1452 ordine
1567 1431 1682 1453 eorum
1705 1431 1790 1463 quae
1808 1423 1912 1464 seipsa
1927 1429 2071 1455 movent.
2096 1424 2156 1455 Ista
2179 1426 2266 1456 enim
2289 1435 2364 1456 cum
2387 1427 2450 1457 sint
2469 1428 2503 1458 in

1437 1465 1560 1506 duplici
1583 1465 1770 1504 differentia,
1788 1467 1864 1507 quia
1879 1468 2000 1499 scilicet
2015 1469 2174 1509 quaedam
2196 1471 2359 1501 moventia
2381 1480 2414 1501 se
2429 1477 2505 1502 sunt

1436 1511 1667 1551 corruptibilia,
1691 1511 1851 1552 quaedam
1874 1518 1983 1544 autem
2005 1513 2273 1555 incorruptibilia;
2297 1515 2331 1545 in
2347 1516 2504 1556 corrupti-

1437 1555 1554 1586 bilibus
1570 1565 1642 1596 pars
1657 1565 1794 1587 movens
1809 1566 1867 1597 per
1882 1557 2030 1588 accidens
2049 1564 2208 1595 movetur,
2232 1568 2272 1590 eo
2296 1559 2396 1599 quod,
2411 1565 2503 1590 moto

1438 1609 1575 1640 corpore
1600 1600 1639 1631 de
1663 1600 1738 1631 loco
1763 1600 1802 1632 ad
1825 1601 1946 1638 locum,
1962 1608 2132 1633 moveatur
2154 1613 2253 1634 omne
2277 1603 2367 1644 quod
2384 1604 2418 1634 in
2434 1614 2504 1635 cor·
2542 1620 2559 1624 >-

1437 1653 1518 1685 pore
1533 1650 1595 1681 est;
1611 1645 1646 1676 in
1661 1645 1958 1686 incorruptibilibus
1974 1652 2094 1684 autem,
2107 1657 2191 1688 quae
2203 1653 2296 1679 motu
2308 1649 2504 1688 sempiterno

1437 1694 1620 1726 moventur,
1637 1699 1710 1730 pars
1725 1699 1861 1721 movens
1876 1700 1944 1722 non
1960 1697 2120 1723 movetur.
2136 1692 2296 1723 Animalia
2310 1693 2406 1733 igitur
2422 1694 2504 1733 quae

1437 1739 1512 1764 sunt
1535 1734 1623 1774 apud
1645 1744 1707 1765 nos
1736 1740 1812 1766 sunt
1842 1735 1882 1766 de
1911 1745 2029 1776 genere
2060 1738 2263 1768 moventium
2292 1738 2396 1777 seipsa
2422 1747 2504 1778 quae

1437 1778 1658 1819 corruptibilia
1680 1785 1764 1810 sunt.
1790 1779 1884 1811 Unde
1907 1786 2058 1812 movetur
2079 1791 2138 1822 per
2160 1781 2308 1812 accidens
2323 1782 2357 1812 in
2373 1782 2418 1812 eis
2433 1791 2505 1822 pars

1437 1832 1583 1854 movens.
1894 1852 1895 1855 ,

1493 1867 1557 1899 Sed
1578 1867 1654 1898 licet
1676 1868 1924 1908 corruptibilitas
1945 1869 2031 1899 illius
2054 1879 2150 1900 causa
2171 1879 2241 1900 non
2263 1870 2312 1907 sit,
2329 1870 2368 1900 ab
2392 1869 2505 1901 eadem

1437 1917 1546 1943 tamen
1568 1921 1665 1942 causa
1694 1917 1870 1953 utrumque
1901 1913 2057 1953 procedit,
2081 1919 2118 1944 ut
2143 1913 2270 1945 videtur
2291 1915 2373 1946 velle
2403 1914 2504 1946 Com-

1436 1961 1608 1992 mentator,
1632 1956 1704 1987 VIII
1727 1957 1868 1998 Physic„
1893 1967 2012 1988 comm.
2032 1959 2084 1994 52,
2100 1959 2222 1989 scilicet
2244 1964 2275 1989 et
2298 1959 2504 1999 corruptibile

1437 2010 1516 2037 esse,
1544 2006 1576 2031 et
1602 2006 1727 2041 partem
1749 2007 1937 2032 moventem
1963 2012 2021 2043 per
2050 2002 2198 2033 accidens
2224 2004 2365 2034 moveri:
2390 2013 2429 2034 ex
2452 2013 2502 2039 eo,

1436 2045 1582 2085 inquam,
1605 2044 1697 2085 quod
1718 2055 1791 2085 pars
1817 2055 1953 2077 movens
1980 2047 2185 2078 constituitur
2207 2048 2241 2078 in
2265 2057 2334 2078 esse
2359 2057 2419 2078 suo
2446 2057 2504 2088 per

1436 2091 1595 2121 unionem
1618 2089 1658 2120 ad
1673 2095 1796 2130 partem
1818 2096 1952 2127 motam,
1968 2096 2001 2121 et
2015 2092 2205 2122 variabiliter
2228 2092 2257 2122 ei
2280 2093 2502 2128 connectitur;

1436 2134 1524 2165 unde
1547 2135 1693 2175 sequitur
1715 2134 1816 2175 quod,
1840 2135 1895 2166 ubi
1919 2145 2023 2166 unum
2045 2136 2188 2176 ponitur,
2212 2142 2244 2166 et
2266 2136 2402 2167 alterum
2424 2137 2504 2177 poni

1436 2188 1568 2210 necesse
1591 2179 1647 2215 sit3
1672 2180 1759 2219 quia,
1777 2189 1851 2212 ,uno
1875 2180 1994 2220 posito,
2012 2189 2142 2211 causam
2165 2181 2233 2211 eius
2256 2181 2337 2220 poni
2360 2186 2502 2221 oportet;

1437 2232 1503 2264 qua
1525 2224 1639 2263 posita,
1660 2233 1792 2254 necesse
1816 2229 1863 2254 est
1885 2229 1918 2254 et
1940 2224 2040 2255 alium
2062 2224 2214 2255 effectum
2235 2225 2326 2265 poni.

1492 2268 1561 2298 XV.
1587 2267 1681 2298 Circa
1703 2268 1791 2298 illam
1813 2269 2082 2308 propositionem,
2107 2268 2198 2309 quod
2221 2269 2346 2300 nullum
2374 2279 2505 2300 movens

1436 2312 1576 2352 seipsum
1592 2317 1741 2342 movetur
1754 2322 1880 2353 semper
1895 2313 1987 2343 cuius
2002 2318 2110 2343 motor
2127 2323 2191 2354 per
2212 2323 2246 2344 se
2269 2319 2327 2344 aut
2343 2323 2407 2354 per
2422 2314 2506 2344 acci-

1437 2356 1516 2387 dens
1538 2362 1696 2392 movetur,
1712 2357 1894 2388 notandum
1909 2357 1999 2397 quod
2014 2357 2133 2398 duplex
2149 2357 2383 2389 accidentalitas
2397 2363 2506 2389 motus

1437 2401 1535 2442 partis
1561 2402 1723 2432 moventis
1753 2402 1787 2432 in
1817 2402 2008 2432 animalibus
2038 2403 2214 2433 invenitur:
2239 2412 2305 2433 una
2327 2403 2366 2433 ab
2390 2403 2506 2433 extrin-

1438 2454 1525 2481 seco,
1542 2445 1722 2477 secundum
1746 2445 1837 2486 quod
1860 2446 1899 2476 ab
1923 2446 2032 2486 aliquo
2057 2447 2211 2477 excitatur
2232 2447 2349 2478 animal
2373 2446 2412 2478 ad
2435 2457 2507 2478 mo-

1438 2489 1581 2521 vendum
1608 2491 1761 2531 seipsum,
1786 2491 1918 2521 alterato
1951 2491 2039 2521 enim
2069 2501 2206 2532 corpore
2237 2497 2268 2523 et
2300 2492 2436 2522 excitato
2467 2491 2507 2522 ad

1438 2540 1578 2571 motum,
1602 2544 1660 2575 per
1683 2534 1831 2566 accidens
1847 2535 2001 2566 excitatur
2024 2536 2131 2566 anima
2151 2541 2183 2566 et
2205 2541 2367 2572 movetur;
2392 2536 2452 2566 alia
2467 2537 2506 2566 ab

1438 2580 1624 2615 intrinseco,
1648 2579 1688 2610 ab
1703 2580 1774 2620 ipsa
1788 2579 1937 2610 videlicet
1952 2585 2040 2620 parte
2056 2586 2219 2616 movente,
2236 2580 2325 2617 dum,
2342 2580 2506 2611 movendo

1440 2633 1569 2664 corpus,
1586 2633 1644 2664 per
1659 2623 1806 2655 accidens
1822 2624 1960 2664 seipsam
1974 2629 2095 2655 movet.
2120 2625 2206 2663 Quia
2221 2631 2330 2655 autem
2345 2625 2436 2665 quod
2450 2635 2508 2665 per

1439 2668 1588 2700 accidens
1611 2674 1659 2699 est
1689 2669 1847 2709 contingit
1869 2669 2038 2705 removeri,
2061 2668 2136 2700 ideo
2160 2670 2194 2700 in
2209 2670 2286 2709 ipsis
2309 2674 2416 2710 potest
2439 2678 2506 2700 ces-

1439 2723 1508 2744 sare
1531 2718 1650 2749 motus,
1675 2719 1818 2743 cessante
1841 2718 1930 2753 parte
1962 2719 2124 2744 movente.
2153 2713 2194 2744 Et
2216 2723 2274 2754 per
2304 2723 2507 2754 consequens

1439 2763 1548 2789 totum
1570 2767 1639 2789 non
1662 2758 1845 2788 movebitur
1867 2767 2003 2797 semper.

1495 2802 1580 2834 XVI.
1604 2802 1773 2840 Quantum
1796 2801 1836 2832 ad
1859 2807 2000 2832 motores
2016 2802 2152 2838 orbium,
2170 2801 2338 2842 quomodo
2362 2801 2507 2832 dicantur

1441 2847 1565 2878 moveri
1576 2857 1639 2887 per
1653 2847 1804 2878 accidens
1819 2856 1884 2877 non
1901 2847 2030 2877 ratione
2044 2847 2105 2882 sui,
2117 2846 2174 2877 sed
2189 2847 2317 2877 ratione
2331 2856 2505 2887 corporum

1441 2892 1481 2923 ab
1512 2892 1589 2933 ipsis
1619 2897 1800 2922 motorum:
1828 2910 1851 2914 -
1883 2890 2114 2922 advertendum
2144 2890 2244 2931 quod,
2277 2900 2352 2921 cum
2382 2891 2506 2921 moveri

1441 2947 1499 2978 per
1522 2936 1670 2968 accidens
1686 2937 1726 2967 sit
1748 2936 1789 2967 ad
1806 2941 1935 2967 motum
1958 2936 2086 2967 alterius
2101 2936 2235 2971 moveri,
2251 2935 2315 2966 hoc
2339 2934 2506 2975 dupliciter

1441 2987 1550 3023 potest
1564 2982 1767 3021 contingere:
1792 2986 1848 3011 aut
1863 2981 1940 3020 quia
1955 2981 2062 3020 ipsum
2078 2985 2305 3011 transmutatur
2320 2979 2359 3010 de
2375 2980 2450 3010 loco
2467 2979 2506 3010 ad

1441 3027 1563 3062 locum,
1579 3026 1655 3057 licet
1677 3027 1741 3056 hoc
1765 3026 1936 3056 conveniat
1950 3025 2010 3055 sibi
2028 3024 2069 3055 ad
2090 3030 2219 3055 motum
2242 3024 2380 3060 alterius,
2397 3030 2428 3054 et
2443 3024 2507 3054 hoc

1442 3071 1558 3102 dicitur
1583 3071 1708 3101 moveri
1732 3080 1789 3110 per
1811 3069 1959 3100 accidens
1982 3070 2106 3100 ratione
2129 3069 2197 3106 sui;
2224 3074 2279 3099 aut
2302 3069 2378 3108 quia
2399 3069 2506 3109 ipsum

1442 3115 1576 3156 quidem
1598 3125 1667 3146 non
1690 3120 1794 3146 mutat
1816 3115 1927 3145 locum
1942 3114 1983 3145 ad
2004 3119 2133 3144 motum
2156 3114 2293 3149 alterius,
2317 3112 2373 3143 sed
2387 3112 2507 3153 aliquid

1442 3161 1496 3191 cui
1519 3160 1736 3200 coniungitur.
1761 3159 1869 3190 Primo
1893 3169 1970 3199 ergo
1994 3157 2094 3188 modo
2110 3163 2252 3188 motores
2276 3157 2403 3188 orbium
2426 3156 2506 3187 infe-

1442 3206 1565 3236 riorum
1588 3214 1657 3234 non
1679 3209 1852 3234 moventur
1880 3213 1938 3243 per
1961 3202 2124 3233 accidens:
2150 3201 2205 3232 sed
2228 3200 2370 3231 secundo
2394 3200 2505 3236 modo,

1443 3250 1520 3290 quia
1534 3249 1655 3280 scilicet
1671 3249 1765 3279 orbes
1780 3248 1819 3278 ab
1835 3249 1912 3288 ipsis
1932 3248 2014 3278 moti
2028 3251 2200 3277 moventur
2215 3245 2254 3276 ad
2269 3250 2396 3275 motum
2412 3254 2507 3285 supe-

1442 3294 1534 3325 rioris
1556 3293 1720 3333 sphaerae,
1743 3302 1810 3323 non
1835 3302 1854 3323 a
1875 3293 2007 3333 proprio
2031 3296 2168 3326 motore,
2192 3289 2247 3320 sed
2269 3299 2327 3330 per
2349 3289 2506 3320 accidens.

1500 3347 1529 3368 2.
1554 3337 1735 3376 Quomodo
1766 3342 1874 3367 autern
1901 3346 1968 3367 non
2000 3340 2190 3366 moveantur
2218 3334 2341 3364 ratione
2372 3334 2422 3364 sui
2450 3343 2508 3374 per

1443 3381 1609 3413 accidens:
1631 3400 1655 3405 -—
1677 3380 1947 3412 considerandum
1962 3386 2019 3416 est,
2035 3386 2071 3411 ut
2086 3380 2191 3419 inquit
2210 3378 2344 3409 Sanctus
2364 3378 2508 3409 Thomas

1443 3427 1480 3463 1²,
1498 3436 1530 3466 q.
1546 3436 1587 3462 1.1,
1604 3436 1632 3456 a.
1651 3426 1681 3463 3,
1698 3425 1739 3456 ad
1755 3426 1785 3462 3,
1803 3431 1835 3456 et
1855 3426 1867 3456 Ι
1883 3425 1980 3460 8εηι.,
2003 3424 2032 3455 d.
2049 3434 2163 3459 xxxvn,
2180 3433 2211 3463 q.
2227 3432 2259 3461 4,
2276 3432 2304 3452 a.
2325 3430 2352 3458 1,
2369 3422 2409 3453 ad
2428 3432 2460 3461 4,
2477 3428 2509 3453 et

1443 3471 1471 3501 II
1487 3471 1585 3506 Sent„
1603 3470 1634 3501 d.
1650 3481 1716 3506 vm,
1733 3480 1761 3501 a.
1778 3479 1809 3509 4,
1829 3470 1869 3500 ad
1884 3479 1906 3509 4
1922 3470 2111 3510 quaesitum,
2137 3467 2226 3507 quod
2253 3467 2334 3497 nihil
2362 3472 2510 3497 movetur

1437 3525 1501 3556 per
1523 3515 1674 3546 accidens
1696 3519 1783 3545 moto
1808 3524 1846 3545 eo
1870 3515 1902 3544 in
1927 3523 1989 3554 quo
2013 3517 2068 3548 est,
2094 3512 2156 3543 nisi
2177 3512 2220 3542 sit
2241 3511 2402 3552 definitive
2421 3512 2454 3541 in
2470 3521 2508 3542 eo

1443 3560 1490 3591 ita
1512 3560 1600 3601 quod
1624 3569 1689 3590 non
1715 3559 1748 3589 in
1773 3559 1850 3594 alio,
1875 3558 1930 3589 sed
1953 3558 2045 3593 bene,
2068 3562 2161 3586 moto
2178 3556 2268 3587 eoin
2284 3565 2351 3595 quo
2368 3561 2415 3586 est
2431 3555 2509 3586 defi—

1442 3605 1558 3635 nitive:
1582 3605 1668 3635 sicut
1689 3604 1799 3634 anima
1831 3612 1896 3634 non
1924 3606 2070 3632 movetur
2093 3606 2181 3631 mota
2208 3610 2317 3636 manu,
2341 3599 2398 3631 sed
2426 3600 2509 3631 bene

1443 3654 1530 3679 moto
1547 3654 1614 3679 toto
1631 3658 1780 3688 corpore.
1805 3646 2047 3678 Advertendum
2062 3651 2181 3681 tamen,
2193 3650 2230 3676 ut
2246 3645 2280 3675 in
2297 3645 2403 3675 Prima
2417 3645 2510 3675 Parte

2526 764 2535 773 ·
2552 763 2587 785 cf.
2603 767 2700 789 textum:
2715 766 2739 785 et

2527 789 2586 812 infra
2601 796 2623 811 n.
2634 795 2698 812 xvtn.
