2768 4134
70 1026 79 1036 ·
94 1024 130 1046 Cf.
147 1030 170 1046 n.
184 1030 221 1046 xv.

71 1698 81 1707 ·
95 1697 131 1719 cf.
147 1703 214 1719 n.1x.

74 2417 82 2426 ·
94 2415 147 2462 Ρῗῗ.
159 2421 231 2442 114r.,
242 2415 288 2437 col.

76 2450 94 2465 ιι
137 2448 172 2464 en.
191 2448 253 2470 «497.
278 2453 288 2458 -

74 2469 111 2491 cf.
127 2475 148 2490 n.
165 2475 210 2490 κιιι.

320 290 393 326 194

314 355 527 396 contingentis
544 359 574 383 et
591 351 682 393 quod
702 361 768 381 non
793 349 1012 390 impedientur
1028 350 1078 380 vel
1094 349 1185 390 quod
1208 349 1388 390 impedien-

313 407 374 436 tur,
397 409 465 430 non
489 403 536 428 est
560 397 703 437 cognitio
734 395 950 434 contingentis
974 400 1010 424 ut
1034 395 1226 434 contingens
1250 400 1307 430 est,
1331 393 1388 424 sed

313 451 348 475 ut
371 444 466 474 habet
485 442 718 472 necessitatem.
743 441 784 470 Et
807 439 995 479 intelligitur
1015 439 1055 470 de
1076 438 1194 470 effectu
1218 449 1388 470 causarum

312 488 514 520 naturalium.
540 486 626 524 Quia
645 485 787 516 fortassis
808 484 847 514 de
869 483 1035 514 effectibus
1052 484 1226 515 voluntatis
1243 484 1387 524 cognitio

312 541 482 564 causarum
506 536 537 561 et
560 529 869 571 impedimentorum
889 539 955 559 non
973 528 1090 559 sufficit
1105 528 1145 560 ad
1162 529 1388 560 certitudinem

311 577 505 618 cognitionis
535 576 596 606 nisi
627 580 844 616 cognoscatur
867 575 935 614 ipsa
959 583 1055 604 causa
1077 579 1114 604 ut
1137 579 1211 605 actu
1242 574 1388 604 ultimate
1415 573 1417 581 ¹

312 631 449 663 operans
477 630 546 650 non
575 620 740 661 impedita,
766 618 856 659 quod
885 624 931 649 est
955 628 1153 659 cognoscere
1177 618 1329 649 effectum
1353 624 1389 649 ut

312 668 376 697 iam
393 671 439 696 est
454 666 488 695 in
504 674 565 696 suo
582 674 662 701 esse,
679 674 747 695 non
764 670 872 694 autem
892 663 1000 694 solum
1017 668 1053 693 ut
1069 669 1117 694 est
1132 664 1165 694 in
1183 665 1297 694 causis.

370 710 510 747 Quarto.
535 709 624 741 Sicut
648 719 696 740 res
720 708 807 749 apud
830 718 891 739 nos
915 714 991 739 sunt
1006 717 1102 738 causa
1122 709 1328 748 cognitionis,
1345 709 1389 739 ita

312 766 330 787 e
354 755 515 786 contrario
539 754 671 785 scientia
695 755 755 784 Dei
779 759 826 784 est
850 763 946 784 causa
970 762 1089 783 rerum.
1120 753 1183 784 Sed
1210 755 1389 785 necessaria

311 800 474 831 interdum
491 809 559 830 non
575 799 676 830 modo
693 799 883 834 necessario,
900 797 957 828 sed
973 798 1132 838 probabili
1148 800 1387 838 cognoscimus.

313 846 399 886 Ergo
421 851 452 876 et
472 845 692 885 contingentia
712 848 849 884 possunt
869 852 938 873 esse
959 843 1089 882 cognita
1109 853 1127 873 a
1144 843 1216 874 Deo
1233 849 1265 874 et
1280 849 1389 875 tamen

312 891 446 921 scientia
462 889 501 920 de
520 890 596 930 ipsis
612 889 791 919 necessaria
807 888 926 918 haberi.
942 906 965 910 —
986 887 1095 918 Minor
1109 888 1275 928 probatur.
1292 889 1388 927 Quia,

313 936 388 966 licet
419 934 571 965 effectum
600 943 670 964 non
701 933 865 973 contingat
896 931 1131 972 perfectionem
1163 942 1240 963 suae
1273 943 1389 964 causae

313 981 477 1020 attingere,
501 978 664 1010 interdum
687 984 795 1008 tamen
820 978 859 1007 ab
883 987 921 1007 ea
944 976 1063 1008 deficit.

370 1025 452 1055 VIII.
472 1024 594 1060 Quinto
607 1024 633 1053 ἦ
655 1023 688 1054 Si
706 1027 876 1062 negaretur
899 1022 1011 1052 talium
1028 1022 1173 1062 cognitio
1190 1032 1209 1052 a
1225 1022 1308 1060 Deo,
1325 1024 1389 1054 hoc

312 1071 451 1102 maxime
476 1074 559 1099 esset
575 1068 652 1108 quia
674 1068 806 1098 scientia
830 1067 891 1097 Dei
915 1072 963 1097 est
985 1076 1082 1098 causa
1105 1076 1214 1098 rerum
1236 1069 1389 1100 scitatum

313 1121 345 1146 et
368 1120 415 1145 est
438 1114 627 1148 necessaria,
652 1122 670 1143 a
694 1122 790 1143 causa
812 1117 923 1142 autem
945 1112 1125 1142 necessaria
1147 1122 1216 1143 non
1239 1114 1391 1153 provenit
1416 1119 1418 1145 t

313 1159 445 1191 effectus
469 1159 671 1198 contingens.
692 1156 755 1188 Sed
771 1157 835 1187 hoc
851 1166 920 1187 non
936 1157 1051 1187 obstat.
1076 1156 1163 1195 Quia
1179 1157 1312 1189 scientia
1328 1159 1389 1189 Dei

313 1210 360 1235 est
384 1213 479 1235 causa
502 1209 637 1238 remota,
654 1211 722 1232 non
739 1207 848 1232 autem
868 1202 1026 1242 proxima.
1052 1202 1144 1232 Licet
1167 1207 1277 1233 autem
1294 1213 1390 1234 causa

312 1254 436 1280 remota
460 1249 500 1278 sit
523 1247 712 1283 necessaria,
730 1247 756 1276 si
771 1252 881 1277 tamen
898 1256 994 1277 causa
1018 1247 1166 1287 proxima
1190 1246 1287 1278 fuerit
1310 1258 1390 1279 con-

312 1295 448 1335 tingenS‚
469 1292 602 1324 effectus
618 1292 809 1332 contingens
826 1291 899 1322 erit:
925 1291 1071 1332 alioquin
1087 1292 1290 1333 contingeret
1313 1293 1390 1324 effe-

313 1345 402 1370 ctum
418 1347 487 1369 esse
510 1342 635 1368 remota
658 1346 765 1367 causa.
790 1335 948 1367 Videmus
964 1337 1052 1367 enim
1069 1337 1160 1377 quod
1176 1337 1305 1377 plantae
1320 1348 1389 1370 non

312 1383 492 1415 necessario
523 1381 727 1417 fructificant,
758 1381 833 1412 licet
859 1386 970 1412 motus
997 1382 1075 1413 solis
1107 1383 1148 1412 sit
1179 1384 1389 1420 necessarius,

312 1434 444 1470 propter
468 1437 579 1458 causas
602 1425 808 1458 intermedias
832 1426 1067 1467 contingentes.

370 1483 399 1504 2.
425 1472 520 1503 Circa
546 1472 631 1503 hanc
658 1471 817 1502 rationem
848 1470 915 1502 duo
947 1477 1022 1502 sunt
1052 1481 1136 1513 quae
1167 1471 1390 1504 difficultatem

313 1518 445 1549 faciunt.
469 1517 615 1548 Primum
639 1522 686 1547 est
713 1515 804 1557 quod
826 1516 963 1547 scientia
987 1517 1051 1547 Dei
1076 1516 1117 1547 de
1141 1517 1237 1548 rebus
1264 1519 1390 1549 contin-

311 1563 462 1606 gentibus
485 1567 533 1593 est
555 1571 657 1593 causa
681 1561 876 1592 necessaria.

369 1606 558 1639 Secundum
582 1612 630 1637 est
653 1606 744 1646 quod
767 1616 840 1637 cum
864 1606 935 1637 eius
959 1606 1149 1638 necessitate
1170 1612 1236 1638 stat
1258 1608 1392 1649 effectus

313 1652 548 1694 contingentia,
560 1661 598 1682 eo
611 1651 699 1692 quod
709 1651 751 1682 sit
763 1660 864 1682 causa
878 1656 1012 1687 remota,
1027 1661 1092 1681 non
1105 1657 1213 1682 autem
1220 1653 1390 1693 proxima.

370 1697 494 1728 Contra
517 1697 659 1737 primum
683 1695 890 1727 dubitatur*:
915 1697 991 1736 quia
1008 1701 1064 1726 aut
1079 1697 1237 1737 accipitur
1258 1698 1392 1729 scientia

313 1743 347 1773 in
371 1742 496 1773 ratione
520 1741 687 1777 scientiae;
713 1746 768 1772 aut
791 1741 825 1771 in
848 1741 974 1772 ratione
1001 1750 1127 1772 causae.
1153 1741 1186 1773 Si
1209 1742 1243 1773 in
1267 1744 1392 1774 ratione

314 1787 476 1822 scientiae,
501 1785 627 1816 videtur
651 1785 742 1826 quod
765 1795 834 1816 non
857 1786 897 1816 sit
922 1786 1111 1822 necessaria,
1135 1787 1191 1817 sic.
1219 1787 1322 1818 Actus
1345 1788 1392 1818 di-

314 1832 408 1862 vinae
434 1831 610 1862 voluntatis
640 1831 724 1861 circa
751 1830 973 1870 contingentia
1004 1840 1072 1861 non
1104 1837 1152 1862 est
1181 1833 1391 1863 necessarius.

314 1877 401 1917 Ergo
424 1885 486 1907 nec
510 1881 600 1906 actus
624 1874 751 1906 divinae
783 1875 989 1915 cognitionis.
1013 1893 1036 1897 -
1059 1876 1266 1907 Antecedens
1293 1882 1391 1917 patet.

314 1921 400 1959 Quia
423 1921 570 1960 alioquin
594 1920 683 1950 Deus
704 1919 800 1950 vellet
823 1920 1006 1950 existentias
1029 1925 1247 1952 creaturarum
1271 1921 1312 1952 de
1335 1931 1393 1953 ne—

314 1966 460 1997 cessitate
476 1970 609 1996 naturae
625 1970 657 1995 et
672 1974 741 1995 non
757 1964 866 1996 libere.
879 1983 899 1987 -
918 1964 1164 2004 Consequentia
1180 1966 1277 1996 etiarn
1294 1972 1391 2007 patet.

314 2010 400 2049 Quia
423 2019 473 2041 res
493 2010 686 2049 contingens
709 2018 778 2040 non
803 2015 850 2040 est
874 2009 963 2050 prius
993 2010 1112 2040 scibilis
1136 2009 1205 2041 fore
1230 2020 1329 2052 quam
1353 2012 1394 2042 sit

314 2055 412 2086 volita
436 2054 516 2085 fore.

369 2099 402 2131 Si
425 2100 459 2130 in
475 2100 599 2130 ratione
615 2107 742 2135 causae,
759 2099 903 2139 arguitur
919 2099 1015 2129 etiam
1033 2098 1124 2140 quod
1148 2109 1216 2130 non
1240 2101 1280 2131 sit
1297 2109 1393 2131 causa

314 2145 502 2176 necessaria.
533 2143 674 2175 Scientia
698 2144 759 2174 Dei
783 2150 831 2174 est
860 2144 1050 2175 necessaria.
1082 2145 1169 2185 Ergo
1193 2155 1261 2176 non
1285 2151 1394 2186 potest

315 2199 383 2221 esse
408 2190 487 2230 quin
512 2189 581 2219 eius
605 2187 738 2219 effectus
762 2189 905 2220 eveniat:
931 2189 995 2219 boc
1019 2190 1107 2220 enim
1131 2195 1178 2221 est
1202 2190 1242 2221 de
1269 2191 1393 2222 ratione

315 2243 430 2266 causae
454 2233 664 2265 necessariae.
683 2233 771 2275 Ergo
787 2234 856 2265 eius
877 2233 1010 2264 effectus
1033 2243 1102 2265 non
1123 2241 1170 2266 est
1190 2236 1393 2276 contingens.

315 2280 356 2311 Et
372 2279 418 2309 sic
433 2288 501 2309 non
518 2283 579 2309 stat
595 2279 816 2319 contingentia
833 2277 966 2309 effectus
986 2288 1062 2310 curn
1085 2280 1275 2310 necessitate
1291 2281 1395 2311 scien-

315 2326 378 2355 tiae
402 2323 539 2354 divinae.
565 2322 670 2353 Cuius
694 2324 885 2364 oppositum
910 2323 963 2354 hic
986 2323 1112 2354 dicitur.

373 2368 402 2399 3.
428 2367 552 2399 Contra
575 2367 757 2399 secundum
781 2369 924 2409 arguitur
947 2369 1126 2400 rationibus
1148 2368 1248 2405 Scoti‚
1267 2369 1278 2400 1
1295 2370 1394 2405 sent„

317 2414 347 2445 d.
364 2423 458 2444 xxxrx
471 2414 497 2443 ¹¹.
521 2412 642 2448 Primo,
659 2413 736 2453 quia
753 2414 863 2444 omnia
880 2419 974 2444 erunt
995 2414 1183 2445 necessaria.
1199 2431 1224 2437 -
1239 2414 1397 2445 Probatur

317 2458 561 2498 consequentia.
577 2457 686 2494 Causa
702 2467 834 2489 movens
849 2459 1041 2500 inquantum
1059 2464 1158 2495 mota,
1171 2459 1200 2490 si
1212 2460 1396 2490 necessario

318 2508 475 2538 movetur,
493 2503 677 2533 necessario
691 2508 806 2533 movet.
825 2503 889 2534 Sed
900 2504 1007 2534 omnis
1019 2513 1119 2534 causa
1132 2504 1274 2535 secunda
1292 2510 1398 2535 movet

318 2549 510 2589 inquantum
527 2553 676 2579 movetur
691 2557 711 2578 a
723 2547 845 2589 prima.
866 2548 971 2590 Ergo,
989 2549 1018 2580 si
1035 2558 1056 2579 a
1075 2548 1187 2589 prima
1212 2550 1396 2580 necessario

318 2598 477 2629 movetur,
495 2597 526 2623 et
542 2592 612 2633 ipsa
636 2593 820 2623 necessario
840 2593 988 2624 movebit.
1013 2593 1054 2624 Et
1070 2594 1116 2624 sic
1133 2594 1241 2624 omnis
1265 2593 1398 2626 effectus

318 2638 377 2669 erit
399 2638 608 2668 necessarius.

374 2681 538 2713 Secundo.
565 2681 675 2712 Causa
694 2682 794 2722 prior
818 2682 915 2722 prius
939 2682 1138 2713 naturaliter
1162 2683 1293 2724 respicit
1321 2683 1398 2725 effe·

318 2733 403 2758 ctum
423 2736 521 2768 quam
539 2736 641 2758 causa
660 2727 838 2767 posterior.
862 2727 956 2768 Ergo
978 2727 1010 2758 in
1029 2728 1086 2758 illo
1107 2728 1229 2769 priori,
1253 2729 1283 2759 si
1305 2728 1400 2760 habet

319 2772 536 2803 necessariam
558 2771 778 2802 habitudinem
801 2772 845 2802 ad
869 2771 983 2812 ipsum,
1003 2772 1092 2803 dabit
1113 2772 1175 2804 sibi
1197 2783 1266 2804 esse
1290 2783 1398 2805 neces—

318 2817 454 2848 sarium.
471 2816 565 2858 Ergo
582 2816 725 2847 secunda
743 2826 808 2847 non
821 2817 946 2857 poterit
957 2817 1007 2847 illi
1018 2817 1100 2848 dare
1111 2827 1179 2849 esse
1191 2818 1396 2860 contingens.

375 2862 498 2892 Tertio.
519 2860 683 2902 Quicquid
693 2861 893 2902 producitur
907 2871 926 2892 a
943 2862 1052 2893 causis
1062 2863 1311 2903 posterioribus,
1326 2869 1399 2905 pot-

319 2911 367 2938 est
381 2905 566 2937 immediate
575 2905 718 2946 produci
734 2916 754 2937 a
771 2915 871 2937 causa
883 2906 1005 2947 prima.
1019 2907 1063 2938 Et
1078 2913 1155 2939 tunc
1170 2908 1305 2939 eandem
1319 2909 1400 2939 enti-

319 2956 417 2982 tatem
440 2950 573 2982 haberet
588 2960 684 2991 quam
695 2951 802 2992 prius,
819 2956 852 2982 et
866 2956 948 2982 esset
970 2953 1166 2994 contingens
1189 2954 1273 2984 sicut
1291 2953 1398 2984 modo.

319 2997 414 3038 Ergo
439 2996 697 3037 contingentiam
722 3005 815 3026 suam
840 2996 936 3026 modo
961 2996 1055 3027 habet
1070 3008 1090 3028 a
1109 3007 1210 3029 causa
1229 2998 1351 3039 prima,
1369 3004 1401 3030 et

321 3051 387 3072 non
413 3046 584 3072 tantum-a
609 3050 709 3071 causa
730 3041 896 3082 proxima.

376 3085 512 3124 Quarto.
538 3086 627 3116 Deus
651 3086 754 3116 multa
778 3086 941 3126 produxit
965 3086 1148 3118 immediate
1177 3093 1208 3118 et
1233 3088 1399 3129 producit.

321 3131 364 3162 Et
387 3136 494 3162 tamen
519 3131 631 3161 omnia
655 3131 894 3172 contingenter.
920 3131 1006 3172 Ergo
1032 3137 1092 3162 etc.

378 3175 430 3206 IX.
456 3175 508 3206 Ad
531 3176 654 3216 primae
677 3175 873 3207 difficultatis
896 3175 1103 3213 evidentiam,
1128 3176 1401 3209 considerandum

322 3221 440 3261 primo,
465 3220 556 3261 quod
579 3221 631 3251 hic
655 3230 723 3251 non
754 3221 922 3262 loquimur
953 3220 992 3251 de
1022 3222 1154 3252 scientia
1178 3228 1337 3262 quantum
1361 3223 1401 3254 ad

324 3266 489 3296 entitatem
513 3266 593 3302 eius,
619 3270 743 3297 certum
769 3271 816 3297 est
839 3266 937 3301 enim,
962 3275 1038 3296 cum
1063 3266 1102 3296 sit
1128 3265 1214 3297 idem
1239 3267 1330 3307 quod
1354 3268 1402 3299 di-

324 3310 397 3340 vina
421 3311 567 3346 essentia,
593 3310 683 3351 quod
707 3316 754 3342 est
785 3310 900 3341 entitas
928 3311 1123 3342 necessaria:
1152 3311 1208 3342 sed
1235 3311 1403 3353 loquimur

325 3354 364 3385 de
388 3356 457 3395 ipsa
479 3355 660 3386 secundum
684 3355 775 3396 quod
799 3354 876 3386 dicit
899 3354 1048 3386 ordinem
1072 3355 1112 3387 ad
1135 3356 1251 3387 scitum
1276 3358 1402 3388 contin-

323 3409 417 3439 gens;
443 3401 509 3431 sive
533 3400 572 3430 sit
603 3400 685 3431 ordo
717 3401 868 3431 scientiae
899 3400 1094 3441 inquantum
1124 3401 1257 3432 scientia
1281 3408 1338 3438 est,
1363 3402 1403 3433 ad

325 3444 433 3484 ipsum
457 3446 574 3476 scitum
591 3451 627 3476 ut
646 3451 693 3477 est
709 3446 843 3476 scitum:
868 3445 934 3476 sive
955 3446 994 3476 sit
1015 3445 1097 3476 ordo
1122 3446 1272 3477 scientiae
1297 3453 1333 3478 ut
1356 3452 1403 3478 est

325 3498 433 3525 causa,
450 3489 490 3521 ad
506 3491 623 3521 scitum
644 3491 838 3531 inquantum
855 3495 902 3521 est
918 3489 1052 3521 effectus
1068 3491 1148 3521 eius.
1173 3491 1214 3521 Et
1237 3491 1404 3532 loquimur

325 3532 367 3563 de
392 3534 522 3565 scientia
540 3536 688 3566 visionis:
714 3545 782 3566 non
802 3541 911 3566 autem
927 3534 968 3566 de
984 3535 1117 3566 scientia
1132 3535 1287 3577 simplicis
1310 3537 1404 3567 intel-

328 3577 492 3617 ligentiae,
521 3589 619 3620 quam
651 3586 775 3611 constat
807 3579 989 3612 secundum
1021 3580 1181 3611 rationem
1212 3581 1404 3621 praecedere

330 3627 438 3653 actum
463 3623 644 3660 voluntatis,
670 3630 701 3655 et
723 3626 936 3656 necessariam
963 3626 1101 3656 omnino
1125 3635 1204 3661 esse,
1229 3632 1265 3657 ut
1289 3625 1404 3657 dicitur

330 3666 446 3703 Prima,
464 3676 495 3708 q.
513 3678 574 3704 xix,
592 3678 618 3699 a.
638 3669 667 3705 3,
685 3669 723 3699 ad
741 3670 772 3700 6.

886 271 1073 308 SUMMA
1105 270 1327 308 CONTRA
1356 269 1633 319 GENTILES,
1663 270 1775 309 CAP.
1795 272 1946 310 LXVII.

1499 347 1783 380 Considerandum
1798 350 1944 381 secundo
1957 352 1984 387 ὕ,
2009 351 2100 392 quod
2115 352 2284 382 scientiam
2300 352 2455 389 diuinam,
2473 354 2522 384 in-

1414 400 1416 434 :
1442 398 1599 433 quantum
1629 394 1809 430 scientiam,
1834 405 1902 426 esse
1926 397 2154 432 necessariam,
2185 396 2358 437 dupliciter
2386 398 2521 438 intelligi

1415 478 1416 483 1
1442 443 1565 478 potest:
1598 438 1720 469 scilicet
1749 445 1805 470 aut
1835 440 1985 471 absoluta
2016 441 2214 476 necessitate,
2247 444 2303 472 aut
2333 443 2522 473 necessitate

1414 485 1416 521 ς
1443 482 1725 514 immutabilitatis.
1754 483 1788 515 Si
1810 484 1987 525 loquamur
2010 486 2050 517 de
2076 486 2224 516 absoluta
2250 487 2452 523 necessitate,
2475 489 2521 518 sic

1442 537 1511 558 non
1532 532 1580 558 est
1599 528 1793 559 necessaria:
1815 530 1988 569 quiaillud
2003 531 2120 562 dicitur
2134 531 2282 562 absolute
2305 532 2522 563 necessarium

1443 573 1497 603 cui
1520 578 1690 612 repugnat,
1706 573 1854 605 absolute
1874 574 2054 615 loquendo,
2071 576 2162 606 aliter
2176 585 2260 613 esse;
2285 576 2369 607 sicut
2385 576 2522 607 dicimus

1415 658 1417 664 .
1443 618 1614 648 hominem
1637 621 1820 648 necessario
1850 628 1920 650 esse
1947 620 2066 651 animal
2096 621 2265 657 rationale,
2290 622 2367 662 quia
2396 622 2523 652 homini

1443 667 1602 702 repugnat
1624 672 1694 693 non
1710 672 1780 693 esse
1795 663 1914 694 animal
1930 666 2096 697 rationale.
2117 666 2285 707 Quicquid
2308 671 2418 697 autem
2433 666 2523 697 Deus

1443 708 1502 737 scit
1518 707 1652 738 scientia
1666 707 1812 743 visionis,
1828 717 1896 738 non
1918 716 2078 750 repugnat
2093 710 2242 742 absolute
2258 712 2367 742 Deum
2383 711 2521 742 nescire:

1416 762 1417 798 ᾗ
1444 753 1531 792 quia,
1556 753 1639 783 sicut
1662 753 1702 782 ab
1725 758 1858 783 aeterno
1880 752 2105 786 determinavit
2126 756 2207 787 illud
2230 756 2311 792 fore,
2327 761 2407 797 puta
2430 756 2523 786 Anti-

1444 798 1610 833 christum‚
1633 797 1678 827 ita
1702 798 1741 827 ab
1766 803 1898 828 aeterno
1917 799 2027 838 potuit
2049 799 2261 833 determinare
2288 801 2524 832 Antichristum

1443 852 1512 873 non
1536 841 1621 878 fore;
1646 851 1723 873 cum
1747 842 1787 873 ad
1811 852 1880 873 esse
1904 849 2069 874 creaturae
2090 845 2269 877 volendum
2291 855 2360 877 non
2383 847 2524 877 necessi-

1444 893 1539 923 tetur,
1564 893 1595 918 et
1618 886 1704 923 ideo,
1729 888 1813 918 sicut
1836 887 1876 918 ab
1900 894 2034 919 aeterno
2058 891 2214 930 cognovit
2239 891 2349 931 ipsum
2375 890 2456 927 fore,
2480 892 2524 922 ita

1444 932 1553 973 potuit
1564 933 1603 963 ab
1619 938 1753 963 aeterno
1769 933 1963 972 cognovisse
1974 934 2084 974 ipsum
2099 944 2169 965 non
2185 934 2270 971 fore;
2287 936 2419 966 scientia
2436 937 2524 967 enim

1446 978 1578 1008 visionis
1601 978 1749 1018 sequitur
1768 977 2075 1010 determinationem
2099 979 2227 1011 divinae
2249 980 2437 1011 voluntatis.
2452 999 2475 1003 -
2490 981 2524 1012 Si

1416 1044 1418 1056 .
1444 1027 1554 1053 autem
1577 1022 1754 1063 loquamur
1769 1022 1809 1053 de
1824 1024 2015 1055 necessitate
2030 1025 2310 1061 immutabilitatis,
2332 1025 2378 1055 sic
2401 1031 2449 1056 est
2466 1035 2524 1056 ne-

1445 1067 1593 1098 cessaria:
1616 1068 1693 1108 quia
1709 1067 1800 1108 quod
1819 1068 1858 1098 ab
1875 1074 2008 1100 aeterno
2031 1069 2124 1100 scivit
2147 1069 2228 1106 fore,
2252 1078 2381 1109 semper
2399 1070 2472 1106 scit;
2493 1075 2525 1101 et

1444 1121 1512 1142 non
1535 1117 1643 1153 potest
1666 1113 1795 1149 mutari,
1820 1118 1856 1143 ut
1878 1113 1968 1154 prius
1991 1114 2071 1145 sciat
2094 1120 2126 1145 et
2152 1113 2368 1155 postmodum
2391 1114 2523 1150 nesciat,

1444 1157 1528 1188 sicut
1547 1156 1664 1187 accidit
1686 1157 1839 1188 scientiae
1862 1163 2001 1189 nostrae.

1499 1202 1540 1232 X.
1556 1201 1620 1233 Sed
1636 1207 1746 1233 tamen
1763 1201 2008 1239 advertendum,
2021 1204 2098 1243 quia
2114 1203 2252 1235 Sanctus
2260 1204 2407 1235 Thomas
2422 1213 2525 1245 quan-

1444 1246 1556 1287 doque
1579 1246 1657 1277 dicit
1676 1247 1741 1277 hoc
1757 1246 1962 1284 antecedens,
1979 1248 2070 1278 Deus
2085 1249 2180 1279 scivit
2193 1249 2256 1280 hoc
2271 1258 2341 1280 esse
2353 1249 2524 1291 futurum,

1445 1301 1515 1322 esse
1546 1292 1765 1323 necessarium
1795 1292 1945 1323 absolute
1961 1294 1988 1330 ³,
2013 1293 2104 1333 quod
2131 1294 2351 1327 necessarium
2378 1293 2527 1325 absoluto

1444 1341 1554 1378 potest
1575 1336 1680 1377 accipi
1703 1336 1884 1377 dupliciter.
1905 1337 1980 1369 Uno
2004 1337 2118 1374 modo,
2135 1348 2195 1379 pro
2219 1348 2261 1370 eo
2285 1339 2377 1380 quod
2400 1349 2440 1370 ex
2462 1344 2527 1370 ter-

1444 1383 1612 1413 minorum
1635 1382 1815 1412 rationibus
1835 1387 1883 1412 est
1905 1383 2135 1419 necessarium,
2150 1383 2195 1414 ita
2211 1381 2302 1425 q'uod
2326 1384 2395 1415 eius
2419 1392 2526 1424 oppo-

1444 1427 1543 1458 situm
1555 1432 1604 1458 est
1619 1426 1832 1467 impossibile,
1844 1432 2001 1468 tanquam
2017 1437 2057 1459 ex
2072 1429 2217 1459 terminis
2233 1429 2526 1460 contradictionem

1445 1472 1632 1513 implicans:
1660 1473 1744 1503 sicut
1769 1472 1939 1503 hominem
1971 1481 2040 1503 esse
2068 1473 2188 1504 animal
2213 1473 2381 1505 rationale.
2403 1491 2428 1496 -
2449 1473 2526 1504 Alio

1445 1517 1559 1554 modo,
1584 1526 1644 1557 pro
1672 1526 1713 1548 eo
1741 1516 1832 1557 quod
1862 1517 1896 1547 in
1924 1527 1959 1548 se
1987 1523 2035 1548 est
2067 1519 2296 1556 necessarium,
2320 1528 2389 1550 non
2416 1518 2527 1549 autem

1446 1563 1554 1594 solum
1571 1568 1731 1602 quantum
1748 1561 1787 1593 ad
1803 1561 2055 1603 dependendam
2071 1562 2112 1594 ad
2128 1563 2224 1594 aliam
2247 1563 2526 1605 propositionem:

1446 1613 1478 1639 et
1497 1608 1542 1638 sic
1559 1606 1676 1638 dicitur
1689 1607 1868 1638 necessaria
1884 1607 2067 1648 propositio
2084 1607 2232 1639 absolute
2247 1609 2342 1640 cuius
2356 1609 2528 1650 proprium

1445 1651 1663 1694 significatum
1679 1658 1727 1683 est
1742 1652 1972 1688 necessarium.
1996 1652 2223 1684 Necessarium
2243 1663 2321 1684 vero
2345 1652 2528 1684 secundum

1447 1696 1699 1738 dependentiam
1722 1696 1763 1728 ad
1789 1697 1884 1728 aliam
1915 1697 2178 1738 propositionem
2201 1703 2339 1735 tantum,
2364 1703 2412 1729 est
2434 1698 2529 1730 euius

1446 1741 1663 1783 significatum
1686 1751 1756 1773 non
1779 1747 1828 1772 est
1849 1742 2079 1778 necessarium,
2096 1741 2152 1773 sed
2168 1747 2295 1774 tantum
2319 1743 2403 1774 ordo
2426 1743 2529 1784 ipsius

1447 1787 1487 1819 ad
1503 1786 1591 1818 aliud
1607 1792 1656 1817 est
1670 1787 1884 1818 necessarius:
1900 1787 1985 1818 sicut
2000 1787 2092 1818 istius
2107 1787 2347 1824 conditionalis,
2363 1788 2400 1818 Si
2416 1787 2530 1819 Sortes

1446 1832 1560 1867 currit,
1578 1831 1691 1862 Sortes
1705 1836 1864 1867 movetur,
1881 1840 2089 1872 consequens
2108 1837 2157 1862 est
2177 1833 2397 1864 necessarium
2421 1841 2530 1864 neces-

1446 1877 1543 1908 sitate
1565 1876 1816 1917 consequentiae
1837 1881 1975 1912 tantum,
1992 1876 2115 1907 scilicet
2132 1882 2294 1917 quantum
2317 1876 2358 1908 ad
2380 1877 2530 1909 ordinem

1448 1920 1684 1962 dependentiae
1700 1920 1741 1952 ad
1757 1919 1963 1957 antecedens,
1978 1929 2048 1951 non
2063 1926 2175 1952 autem
2191 1926 2352 1962 quantum
2372 1921 2413 1953 ad
2432 1931 2531 1954 suum

1419 1982 1421 1995 1
1447 1964 1676 2006 significatum.
1707 1965 1935 1996 Necessarium
1966 1965 2115 1997 absolute
2142 1966 2207 1996 hoc
2233 1965 2337 1998 modo
2361 1971 2531 2008 sumptum

1448 2011 1659 2042 communius
1683 2015 1731 2041 est
1753 2019 1854 2051 quam
1877 2010 2095 2042 necessarium
2118 2010 2266 2042 absolute
2295 2011 2404 2052 primo
2426 2011 2530 2043 modo

1447 2060 1632 2096 sumptum:
1657 2055 1804 2086 continet
1827 2055 1915 2086 enim
1939 2055 1999 2086 sub
2023 2064 2058 2086 se
2079 2061 2112 2087 et
2134 2054 2215 2086 illud
2234 2057 2452 2088 necessarium
2474 2057 2531 2088 ab·

1447 2101 1563 2136 solute,
1589 2105 1621 2131 et
1643 2100 1863 2131 necessarium
1887 2100 2076 2131 necessitate
2099 2100 2381 2132 immutabilitatis.

1505 2145 1593 2176 Cum
1617 2154 1696 2185 ergo
1720 2145 1753 2176 in
1777 2144 1834 2176 illo
1861 2144 2074 2176 antecedente
2104 2144 2224 2186 duplex
2247 2146 2352 2187 possit
2380 2155 2451 2178 esse
2473 2154 2532 2178 ne-

1449 2191 1589 2226 cessitas,
1606 2189 1728 2220 scilicet
1752 2190 2017 2230 consequentiae,
2034 2189 2101 2221 sive
2120 2189 2243 2221 ordinis
2261 2190 2302 2222 ad
2325 2190 2460 2233 aliquod
2475 2199 2532 2222 an·

1448 2234 1612 2271 tecedens,
1629 2240 1661 2265 et
1672 2235 1847 2265 necessitas
1859 2234 2030 2276 significati
2046 2235 2080 2266 in
2095 2244 2140 2272 se,
2154 2234 2380 2267 determinavit
2395 2235 2533 2268 Sanetus

1449 2280 1597 2311 Thomas
1619 2279 1758 2310 modum
1781 2279 1991 2316 necessitatis,
2015 2278 2126 2311 dicens
2153 2280 2262 2321 ipsum
2282 2283 2359 2312 'esse
2385 2289 2532 2314 necem·-

1450 2326 1535 2356 rium
1559 2324 1717 2361 absolute,
1738 2324 1831 2365 quasi
1847 2324 1983 2356 diceret:
2007 2324 2043 2355 ln
2058 2325 2118 2355 ista
2141 2324 2365 2362 conditionali,
2386 2325 2424 2356 Si
2441 2325 2533 2357 Dens

1448 2370 1544 2401 scivit
1554 2369 1680 2410 aliquid
1682 2369 1842 2411 futurum
1859 2379 1937 2406 esse,
1951 2368 2034 2400 illud
2045 2369 2118 2406 erit,
2131 2369 2328 2401 antecedens
2342 2379 2412 2401 non
2424 2370 2533 2402 solum

1450 2420 1498 2446 est
1513 2415 1733 2446 necessarium
1748 2415 1939 2445 necessitate
1954 2413 2108 2445 illationis
2127 2423 2166 2445 ex
2181 2414 2294 2456 aliquo
2310 2413 2533 2452 antecedente,

1451 2460 1544 2501 quasi
1555 2459 1678 2490 scilicet
1689 2459 1872 2490 necessario
1888 2459 1930 2491 ad
1945 2458 2079 2500 aliquod
2092 2459 2287 2491 antecedens
2302 2465 2533 2501 consequatur,

1452 2504 1508 2536 sed
1521 2505 1618 2535 etiam
1635 2509 1683 2535 est
1698 2504 1917 2535 necessarium
1933 2504 1968 2535 in
1984 2514 2029 2541 se,
2042 2503 2134 2540 idest,
2150 2504 2332 2536 secundum
2348 2514 2446 2536 suum
2457 2514 2534 2546 pro-

1451 2550 1559 2591 prium
1572 2547 1801 2590 significatum.
1814 2549 1872 2580 Est
1883 2549 1972 2580 enim
1983 2550 2204 2580 necessarium
2216 2549 2407 2581 necessitate
2418 2549 2535 2581 immu-

1453 2595 1634 2630 tabilitatis,
1651 2594 1728 2635 quia
1744 2593 1785 2624 de
1800 2603 1878 2624 vero
1894 2594 1928 2625 in
1944 2593 2063 2625 falsum
2078 2594 2197 2625 mutari
2214 2603 2284 2625 non
2302 2599 2422 2635 potest.
2439 2594 2535 2627 Unde

1453 2645 1485 2671 et
1500 2639 1534 2670 in
1551 2638 1616 2670 fine
1633 2639 1730 2670 huius
1743 2638 1877 2680 capituli
1892 2638 1980 2670 idem
1991 2645 2088 2669 vocat
2104 2639 2324 2670 necessarium
2340 2639 2488 2671 absolute
2502 2645 2536 2672 et

1453 2684 1674 2715 necessarium
1691 2683 1882 2714 necessitate
1896 2684 2134 2725 consequentis.
2158 2683 2200 2715 Et
2215 2684 2261 2716 sic
2277 2690 2366 2726 patet
2379 2693 2449 2716 non
2465 2693 2535 2716 esse

1454 2729 1747 2760 contradictionem
1763 2728 1840 2759 dicti
1863 2728 1972 2760 Sancti
1985 2729 2135 2760 Thomae
2159 2728 2200 2760 ad
2215 2729 2249 2760 id
2273 2729 2364 2770 quod
2383 2729 2534 2761 diximus.

1512 2783 1542 2804 2.
1568 2774 1615 2805 Ex
1639 2774 1689 2805 his
1712 2773 1895 2804 ostenditur
1910 2782 1999 2804 error
2016 2773 2147 2805 illorum
2163 2774 2220 2815 qui
2243 2774 2357 2806 dicunt
2379 2773 2535 2806 Sanctum

1454 2819 1619 2850 Thomam
1635 2818 1814 2859 intelligere
1831 2819 1864 2850 in
1885 2818 1942 2850 illo
1966 2818 2180 2850 antecedente
2203 2818 2244 2850 de
2266 2819 2457 2850 necessitate
2480 2819 2536 2850 ab·

1454 2864 1560 2895 soluta
1577 2864 1684 2905 primo
1701 2863 1816 2895 modo.
1840 2863 1962 2894 Dicunt
1983 2864 2072 2895 enim
2089 2863 2180 2905 quod
2195 2864 2265 2905 ipse
2284 2864 2402 2906 accipit
2424 2873 2536 2896 neces-

1454 2910 1574 2940 sarium
1597 2909 1747 2940 absolute
1775 2917 1837 2950 pro
1867 2917 1908 2939 eo
1939 2909 2032 2940 cuius
2061 2909 2254 2950 oppositum
2277 2914 2325 2940 est
2348 2909 2538 2950 simpliciter

1455 2954 1670 2995 impossibile;
1695 2959 1727 2984 et
1751 2953 1842 2994 quod
1866 2953 2012 2994 loquitur
2035 2953 2076 2984 de
2099 2954 2233 2985 scientia
2256 2953 2318 2985 Dei
2341 2963 2410 2986 non
2432 2954 2467 2985 in
2489 2963 2536 2991 se,

1455 2998 1512 3030 sed
1534 3004 1570 3030 ut
1594 2997 1792 3039 significatur
1810 3007 1868 3039 per
1883 2999 2021 3030 verbum
2039 2998 2200 3039 praeteriti
2223 2999 2391 3040 temporis,
2408 3004 2445 3030 ut
2459 3007 2536 3031 cum

1455 3043 1604 3079 dicimus,
1622 3043 1712 3075 Deus
1734 3044 1830 3074 scivit
1851 3043 1922 3074 Ιιοσ.
1947 3043 2039 3075 Licet
2056 3044 2144 3074 enim
2163 3044 2298 3075 scientia
2313 3043 2375 3075 Dei
2396 3043 2438 3076 de
2457 3052 2537 3076 con·

1455 3089 1654 3130 tingentibus
1677 3098 1746 3119 non
1769 3089 1809 3120 sit
1832 3089 2012 3119 necessaria
2035 3088 2194 3125 absolute,
2213 3089 2272 3119 ista
2291 3094 2400 3120 tamen
2417 3093 2466 3120 est
2478 3097 2537 3120 ne-

1456 3134 1591 3165 cessaria
1607 3133 1766 3169 absolute,
1788 3133 1879 3164 Deus
1897 3133 1991 3164 scivit
2013 3133 2093 3164 hoc:
2115 3133 2192 3175 quia
2213 3138 2261 3164 est
2284 3132 2325 3164 de
2346 3133 2534 3174 praeterito;

1455 3179 1640 3220 propositio
1663 3187 1741 3209 vero
1772 3177 1812 3209 de
1840 3179 2014 3220 praeterito
2038 3184 2086 3210 est
2111 3177 2260 3209 absolute
2289 3177 2480 3214 necessaria,
2505 3183 2537 3208 et

1456 3225 1526 3255 eius
1550 3223 1839 3255 contradictorium
1863 3229 1910 3254 est
1932 3223 2121 3264 simpliciter
2135 3222 2347 3264 impossibile,
2365 3222 2462 3253 etiam
2479 3231 2537 3263 per

1457 3268 1600 3300 divinam
1625 3268 1816 3309 potentiam.

1514 3313 1574 3344 Ista
1598 3313 1686 3344 enim
1710 3313 1836 3354 opinio,
1853 3318 2014 3353 quantum
2038 3311 2078 3343 ad
2102 3317 2166 3343 tres
2187 3311 2238 3342 sui
2261 3315 2377 3352 partes,
2403 3312 2538 3343 assumit

1458 3357 1584 3389 falsum.
1610 3358 1742 3389 Falsum
1766 3363 1814 3389 est
1837 3358 1925 3389 enim
1950 3356 2041 3399 quod
2064 3356 2203 3388 Sanctus
2225 3355 2372 3386 Thomas
2395 3366 2464 3387 non
2487 3356 2537 3388 lo-

1458 3409 1576 3444 quatur
1603 3402 1644 3434 de
1671 3403 1804 3434 scientia
1827 3402 1889 3433 Dei
1912 3402 1946 3433 in
1969 3411 2014 3437 se,
2042 3400 2099 3432 sed
2128 3405 2255 3431 tantum
2280 3406 2316 3431 ut
2339 3400 2537 3442 significatur

1457 3457 1516 3489 per
1539 3449 1674 3479 verbum
1698 3447 1860 3489 praeteriti
1875 3445 2046 3487 temporis:
2069 3445 2173 3476 immo
2197 3454 2265 3475 non
2290 3445 2366 3476 facit
2388 3445 2538 3478 differen-

1458 3494 1535 3524 tiam
1559 3493 1642 3524 inter
1664 3493 1833 3524 scientiam
1853 3491 1914 3523 Dei
1937 3491 1972 3522 ln
1986 3500 2032 3527 se,
2049 3495 2082 3521 et
2103 3490 2207 3531 ipsam
2232 3495 2267 3521 ut
2291 3490 2488 3532 significatur
2502 3492 2537 3522 in

1458 3538 1643 3579 praeterito.
1659 3555 1682 3560 —
1698 3537 1829 3569 Falsum
1845 3541 1894 3567 est
1908 3535 2005 3567 etiam
2022 3534 2112 3576 quod
2129 3535 2282 3576 loquatur
2297 3535 2337 3567 de
2356 3536 2538 3567 necessario

1459 3582 1607 3614 absolute
1637 3583 1745 3623 primo
1773 3579 1886 3612 modo.
1911 3597 1935 3603 -
1957 3579 1999 3611 Et
2022 3578 2139 3611 falsum
2163 3585 2211 3611 est
2237 3579 2329 3621 quod
2353 3580 2538 3622 propositio

1459 3628 1567 3658 omnis
1591 3626 1631 3658 de
1655 3626 1828 3668 praeterito
1850 3625 1890 3656 sit
1913 3624 2060 3656 absolute
2083 3626 2271 3662 necessaria,
2292 3626 2335 3657 ita
2354 3625 2446 3667 quod
2469 3626 2539 3657 eius

1431 3682 1433 3702 l
1460 3671 1748 3703 contradictorium
1771 3670 1811 3701 sit
1834 3669 2023 3710 simpliciter
2046 3670 2256 3710 impossibile.

2549 358 2558 367 ·
2574 356 2610 379 cf.
2626 362 2690 378 mxi.

2553 1295 2562 1305 ·
2576 1293 2614 1317 Cf.
2635 1294 2645 1316 1
2662 1294 2699 1323 1²„
2719 1299 2767 1320 xiv,

2553 1327 2588 1370 ὃς,
2597 1321 2628 1343 ad
2637 1326 2658 1348 ες
2673 1320 2768 1369 ISeut²4

2570 1365 2576 1371 .
2589 1354 2690 1375 xxxviii,
2702 1353 2724 1376 5.
2738 1353 2752 1369 ¹

2552 1374 2696 1430 tif-‘025⁸’
2705 1380 2729 1403 ⁴¹·
2740 1380 2768 1401 ¹¹¹
