2756 4322
49 453 78 476 ⁴5
88 453 102 468 r
116 447 131 469 b
143 447 266 476 ι4-ρ.4οδ.

35 1352 38 1379 2
101 1376 192 1412 §.m-
206 1381 250 1404 inf.

83 1419 115 1432 v*

31 1455 65 1467 ..z
72 1456 150 1468 ;;;;;

52 3539 164 3566 arbi.

1270 165 1534 204 APPENDIX

569 299 727 340 Cap-LV
731 301 768 331 11.
794 301 922 331 Ροςιτῐο
948 301 1105 331 Panos-rs

421 362 462 382 nn
482 356 604 382 ‘umores
628 362 746 382 amma
770 363 1031 383 mrumcwims
1057 364 1097 383 An
1123 364 1248 384 conpr-s.

340 445 464 476 Positio
478 467 487 475 .
549 444 590 475 ad
614 454 743 485 corpus.
769 462 791 467 —-
816 444 846 485 (§
863 445 910 475 Ex
935 445 997 487 his)
1021 452 1129 477 autem
1149 470 1154 476 .
1170 471 1176 477 .
1193 471 1198 477 .
1217 448 1372 487 corporis.
1399 467 1405 485 2

294 496 359 528 Sed
383 498 460 537 quia
479 497 555 527 huic
576 497 732 537 positioni
757 497 824 536 ipsa
849 497 990 527 hominis
1014 504 1127 528 natura
1154 499 1373 529 contradicere

295 548 474 585 videbatur,
488 549 546 590 qui
562 558 600 579 ex
617 549 725 579 anima
741 548 951 579 intellectuali
964 555 995 579 et
1013 559 1149 589 corpore
1164 550 1288 580 videtur
1305 560 1373 581 esse

296 600 510 640 compositus,
536 600 800 640 excogitaverunt
826 599 982 640 quasdam
1009 601 1073 631 vias
1098 611 1154 641 per
1178 611 1256 641 quas
1281 608 1372 632 natu-

295 660 363 682 ram
388 651 531 682 hominis
555 651 714 682 salvarent
733 659 758 679 et
777 655 803 679 in
823 656 967 688 praemissa
981 656 1109 688 positione
1129 656 1208 681 nihilo
1228 657 1313 681 minus
1333 664 1372 681 re-

295 711 439 732 munerent.
457 704 476 741 ἓ
492 698 584 733 Plato
600 703 697 743 igitur
779 703 901 734 dictum
921 710 977 734 est.
997 706 1016 743 ξ
1032 705 1106 735 Hoc
1123 712 1230 736 autem
1249 706 1374 736 videtur

293 755 540 786 inconveniens.
558 754 747 785 Secundum
773 755 974 794 praedictum
991 757 1076 786 enim
1095 748 1281 787 contactum
1306 767 1371 787 non

293 809 338 835 fiet
360 805 421 847 (fit)
455 806 578 847 aliquid
610 817 714 837 unum
746 807 943 847 simpliciter,
972 813 1007 838 ut
1039 809 1205 839 ostensum
1235 815 1291 840 est.
1326 810 1371 839 Ex

283 860 418 894 ‚unione
441 864 553 890 autem
580 859 706 889 animae
739 865 769 889 et
798 861 944 900 corporis
964 863 1006 888 fiet
1032 859 1094 898 (fit)
1120 861 1231 890 homo.
1264 861 1372 891 Relin-

294 910 405 951 quitur
422 934 429 941 .
445 934 452 941 .
472 934 479 941 .
497 919 555 950 per
571 909 732 940 accidens.
753 915 768 947 ἓ
782 915 856 940 Item.
870 915 906 940 Ex
921 921 1044 941 movente
1057 921 1082 940 et
1098 921 1171 940 moto
1184 923 1237 940 non
1251 915 1278 941 fit
1290 924 1372 941 unum

293 965 366 998 quod
389 966 534 991 secundum
548 965 676 991 rationem
695 967 766 999 quod
785 968 818 991 sit
836 968 938 1000 species
957 975 1016 993 una.
1037 969 1062 992 Si
1076 968 1153 1001 igitur
1165 969 1250 993 anima
1270 969 1373 993 uniatur

293 1016 396 1050 corpori
415 1016 504 1042 solum
522 1021 552 1041 ut
570 1021 657 1042 motor
679 1017 778 1048 mobili,
799 1023 925 1050 sequetur
943 1018 1014 1051 quod
1034 1018 1147 1043 hominis
1174 1027 1226 1043 non
1251 1019 1284 1043 sit
1307 1018 1372 1043 ratio

296 1075 357 1099 una,
371 1073 398 1093 et
416 1075 464 1101 per
478 1076 644 1101 consequens
665 1070 735 1102 quod
756 1069 837 1094 homo
856 1077 909 1094 non
923 1070 956 1094 sit
975 1070 1061 1102 aliqua
1081 1070 1190 1102 species.
1210 1066 1291 1105 §Ad
1309 1067 1371 1096 hoc

296 1122 407 1147 autem
431 1116 599 1147 vitandum
617 1117 705 1157 plato
731 1118 840 1157 posuit
858 1118 948 1158 quod
971 1118 1073 1148 homo
1098 1128 1166 1148 non
1187 1119 1225 1148 sit
1250 1117 1372 1158 aliquid

293 1168 519 1208 compositum
544 1177 582 1198 ex
607 1169 713 1198 anima
746 1175 777 1199 et
801 1179 948 1209 corpore,
980 1169 1035 1200 sed
1060 1169 1150 1209 quod
1173 1170 1241 1209 ipsa
1266 1170 1371 1199 anima

263 1252 266 1254 ,
293 1224 389 1250 utens
413 1225 551 1259 corpore
576 1220 616 1250 sit
631 1221 745 1256 homo,
763 1221 845 1251 sicut
866 1227 952 1249 sortes
971 1227 1082 1261 petrus
1099 1230 1165 1250 non
1183 1226 1230 1250 est
1250 1220 1372 1260 aliquid

292 1271 515 1311 compositum
536 1281 574 1301 ex
598 1271 732 1302 homine
749 1278 780 1302 et
804 1273 1008 1308 indumento,
1025 1272 1080 1302 sed
1098 1273 1198 1302 homo
1217 1278 1310 1302 utens
1324 1273 1372 1302 in—

59 1310 99 1342 ⁰:
126 1321 171 1347 ’ζ’-ἰ
186 1337 190 1350 1
214 1338 217 1339 ν
231 1321 497 1362 κρυωεικθπὲ
512 1322 587 1353 Hoc
604 1329 713 1354 autem
733 1323 828 1372 (esse)
847 1325 1046 1364 impossibile
1063 1336 1121 1353 esse
1134 1328 1235 1353 videtur
1251 1323 1371 1365 (osten—

292 1373 401 1414 ditur.)
429 1374 445 1390 ⁴*
463 1373 607 1414 (Animal
632 1375 718 1405 enim
744 1381 775 1405 et
798 1376 899 1406 homo
925 1381 999 1406 sunt
1027 1375 1187 1416 quaedam
1212 1376 1372 1405 sensibilia

292 1428 478 1458 materialia.
491 1429 508 1444 ⁴*
532 1429 606 1458 Hoc
631 1434 738 1459 autem
764 1439 831 1459 non
857 1435 939 1460 esset
955 1430 979 1460 si
998 1439 1118 1469 corpus
1135 1435 1166 1460 et
1182 1430 1251 1459 eius
1267 1434 1372 1468 partes

291 1488 360 1510 non
385 1484 491 1509 essent
519 1479 559 1509 de
584 1480 721 1510 essentia
745 1480 887 1510 hominis
911 1486 942 1510 et
970 1480 1125 1516 animalis,
1150 1479 1205 1510 sed
1233 1485 1300 1510 tota
1324 1489 1372 1509 es-

291 1531 394 1562 sentia
418 1532 588 1572 utriusque
612 1537 695 1562 esset
707 1533 948 1572 animalxanima,
968 1532 1149 1563 secundum
1174 1532 1371 1572 positionem

291 1581 502 1623 praedictam.
520 1583 639 1613 Anima
659 1583 775 1623 [enim]
795 1593 863 1613 non
889 1589 935 1613 est
959 1583 1080 1623 aliquid
1097 1582 1247 1613 sensibile
1263 1591 1372 1622 neque

293 1633 469 1664 materiale.
495 1633 698 1673 Impossibile
722 1638 770 1664 est
793 1634 892 1673 igitur
914 1634 1083 1663 hominem
1107 1639 1138 1663 et
1161 1633 1278 1662 animal
1303 1642 1372 1662 esse

290 1687 326 1713 ab
343 1687 438 1712 anima
457 1690 563 1712 tantum
583 1684 725 1714 animam
751 1690 897 1714 utentem
922 1693 1070 1724 corpore,
1088 1693 1155 1714 non
1181 1690 1289 1714 autem
1314 1695 1373 1712 esse

291 1734 416 1775 aliquid
433 1743 471 1764 ex
489 1743 628 1774 corpore
651 1741 684 1765 et
708 1735 814 1765 anima
832 1734 1079 1775 compositum.)
1104 1735 1121 1751 ¹*
1141 1734 1171 1774 (ἓ
1187 1733 1292 1774 Item,)
1313 1735 1373 1764 im-

290 1785 445 1826 possibile
461 1789 531 1814 enim
545 1791 591 1816 est
605 1785 722 1826 (quod)
740 1795 856 1817 eorum
870 1795 953 1826 quae
967 1791 1041 1816 sunt
1055 1785 1178 1815 diversa
1191 1785 1372 1815 secundum

291 1844 361 1867 esse
392 1837 432 1866 sit
461 1837 608 1877 operatio
640 1846 715 1867 una.
742 1837 824 1867 Dico
850 1843 958 1867 autem
978 1860 983 1867 .
1000 1860 1006 1867 .
1022 1860 1028 1866 .
1047 1845 1161 1866 unum.
1183 1835 1246 1866 Sed
1263 1842 1371 1866 tamen

291 1897 331 1918 ex
346 1893 437 1929 parte
453 1889 650 1918 trahentium
667 1894 743 1918 sunt
759 1888 880 1919 multae
905 1889 1059 1924 actiones,
1079 1900 1147 1925 quae
1167 1887 1270 1928 (quia)
1297 1893 1371 1918 sunt

291 1938 409 1970 diversi
433 1940 595 1979 impulsus
612 1939 652 1970 ad
675 1939 880 1970 trahendum.
907 1940 994 1970 Cum
1020 1941 1107 1971 enim
1132 1941 1217 1971 actio
1237 1944 1272 1969 sit
1291 1948 1370 1970 con-

291 1996 446 2032 sequatur
469 1991 609 2021 formam
626 1998 658 2021 et
675 1993 836 2027 virtutem,
854 1997 985 2032 oportet
1001 2001 1143 2032 quorum
1168 1997 1243 2022 sunt
1267 1991 1370 2021 diver-

290 2051 344 2073 sae
367 2042 493 2073 formae
517 2048 549 2073 et
575 2043 705 2073 virtutes
730 2053 798 2074 esse
813 2047 947 2072 winter-sas
963 2044 979 2059 ³
997 2050 1027 2073 et
1051 2044 1194 2074 actiones
1219 2042 1367 2072 diversas.

290 2093 450 2132 Quamvis
466 2100 576 2125 autem
594 2118 600 2124 .
617 2118 623 2124 .
638 2118 645 2124 .
663 2094 796 2125 diversa.
821 2097 839 2134 ἓ
857 2095 943 2125 Huic
967 2101 1075 2125 autem
1092 2095 1209 2125 rationi
1225 2099 1302 2130 plato
1320 2104 1369 2124 se-

291 2145 439 2177 cundum
455 2146 596 2186 platonis
613 2147 806 2176 sententiam
825 2147 982 2177 obviatur.
1007 2147 1094 2177 Nihil
1112 2147 1198 2177 enirn
1217 2170 1224 2176 .
1240 2170 1246 2176 .
1262 2170 1268 2177 .
1286 2147 1369 2177 sicut

289 2197 382 2228 moti.
410 2195 453 2239 (§)
473 2196 536 2228 Sed
560 2197 623 2228 hoc
641 2206 709 2227 esse
726 2207 794 2227 non
812 2203 929 2238 potest.
946 2197 1032 2236 Quia
1050 2221 1057 2227 .
1073 2221 1079 2228 .
1095 2221 1101 2228 .
1120 2203 1282 2228 movente.
1308 2197 1369 2227 Or-

288 2258 411 2290 ganum
434 2249 532 2289 igitur
558 2258 679 2279 sensus
698 2254 849 2279 movetur
873 2255 904 2279 et
928 2250 1046 2289 patitur
1071 2249 1102 2279 in
1123 2253 1263 2278 sensiendo
1285 2248 1369 2289 (sen-

289 2301 401 2332 tiendo
418 2299 446 2341 *)
474 2300 531 2332 sed
550 2302 589 2331 ab
607 2301 755 2331 exteriori
776 2301 927 2331 sensibili.
955 2300 1036 2331 Illud
1053 2307 1161 2331 autern
1180 2325 1186 2331 .
1202 2325 1208 2331 .
1223 2327 1230 2333 .
1245 2301 1368 2341 organi.

289 2353 409 2384 Anima
439 2353 536 2393 igitur
567 2353 718 2383 sensitiva
748 2362 815 2383 non
852 2362 886 2383 se
917 2353 1013 2383 habet
1048 2354 1080 2383 in
1106 2357 1247 2382 sensiendo
1285 2352 1370 2394 (sen-

289 2403 414 2444 tiendo)
430 2428 454 2435 ..
465 2428 472 2434 .
487 2405 640 2434 animato.
665 2405 682 2442 ἓ
699 2404 875 2434 Praeterea.
896 2403 988 2434 Licet
1003 2409 1112 2434 motus
1129 2405 1169 2434 sit
1184 2405 1370 2434 communis

289 2461 381 2486 actus
397 2456 559 2486 moventis
576 2461 608 2485 et
628 2455 719 2491 moti,
736 2461 844 2486 tamen
864 2458 942 2484 aliud
959 2455 1019 2485 alia
1036 2456 1182 2496 operatio
1202 2461 1250 2485 est
1265 2455 1370 2485 facere

289 2512 420 2537 motum
437 2512 469 2536 et
484 2507 627 2546 recipere
645 2511 784 2536 motum.
803 2506 897 2536 Unde
914 2529 921 2536 .
937 2530 943 2536 .
959 2529 965 2536 .
983 2507 1060 2546 pati.
1086 2506 1120 2536 Si
1141 2506 1237 2546 igitur
1254 2507 1285 2536 in
1311 2518 1370 2535 sen-

290 2561 384 2587 siendo
411 2554 608 2598 (sentiendo)
625 2580 632 2586 .
647 2580 653 2587 .
669 2580 675 2587 .
694 2557 786 2587 locus
811 2557 997 2597 quaerendi.
1022 2559 1040 2596 §
1061 2557 1221 2597 Amplius.
1248 2557 1370 2587 Mobile

292 2633 300 2640 .
315 2632 322 2640 .
337 2632 345 2639 .
362 2609 568 2639 vestimento.
593 2609 611 2647 ξ
627 2607 756 2638 Adhuc.
776 2611 852 2636 Nihil
866 2611 945 2637 habet
962 2618 1018 2637 esse
1036 2608 1159 2638 Mobile
1182 2617 1250 2638 non
1274 2608 1371 2637 habet

291 2670 361 2691 esse
385 2669 443 2700 per
458 2668 555 2690 suum
576 2664 750 2696 motorem‚
775 2659 832 2690 sed
856 2659 1067 2690 solummodo
1093 2659 1231 2689 motum.
1257 2659 1289 2689 Si
1313 2659 1371 2698 igi-

290 2717 344 2742 tur
361 2734 367 2741 .
383 2734 390 2741 .
406 2734 412 2741 .
430 2719 488 2750 per
512 2711 664 2740 animam.
688 2711 707 2748 §
731 2711 821 2741 Item.
848 2711 970 2741 Mobile
989 2733 995 2740 .
1011 2734 1018 2740 .
1031 2734 1038 2740 .
1057 2711 1234 2750 corruptio.
1261 2710 1301 2740 Et
1325 2711 1370 2740 sic

291 2772 380 2794 mors
405 2773 456 2792 non
475 2772 559 2803 quae
575 2763 722 2793 consistit
737 2763 770 2792 in
793 2763 996 2802 separatione
1020 2762 1146 2791 animae
1163 2767 1194 2791 et
1214 2761 1369 2800 corporis,

292 2824 360 2845 non
385 2815 444 2846 erit
475 2814 641 2854 corruptio
669 2813 825 2844 animalis
851 2812 952 2850 Quod
976 2817 1023 2842 est
1049 2811 1217 2842 manifeste
1242 2811 1368 2842 falsum.

292 2866 500 2905 §Praeterea
515 2865 622 2896 Omne
639 2874 776 2895 movens
849 2870 880 2894 et
892 2874 959 2894 non
974 2873 1116 2894 movere.
1134 2863 1197 2894 Sed
1211 2863 1316 2893 anima
1333 2867 1371 2891 ita

293 2917 475 2949 secundum
483 2917 624 2957 platonis
637 2917 828 2956 opinionem
843 2920 876 2943 ita
889 2920 1000 2946 movet
1010 2924 1128 2954 corpus
1140 2915 1221 2944 sicut
1234 2923 1370 2944 movens

293 2979 327 3000 se
344 2970 462 3009 ipsum.
481 2969 538 2999 Est
554 2977 631 3008 ergo
646 2991 652 2998 .
668 2991 675 2998 .
691 2991 698 2998 .
716 2977 784 2997 esse
802 2966 928 2998 falsum.
950 2970 966 3002 ἓ
979 2971 1052 2995 item.
1073 2968 1200 3002 Quicquid
1216 2969 1249 2993 sit
1268 2969 1300 2993 de
1315 2969 1371 2993 aliis

294 3024 439 3054 animabus,
453 3024 591 3049 ridiculum
604 3023 706 3048 videtur
730 3023 816 3047 dicere
835 3023 906 3055 quod
924 3022 1081 3053 intellectus,
1100 3023 1143 3055 qui
1163 3027 1203 3046 est
1226 3021 1371 3046 substantia

294 3075 424 3108 quaedam
454 3075 603 3108 spiritualis,
628 3075 722 3100 habeat
745 3074 867 3100 virtutem
892 3074 1018 3099 motivam
1044 3075 1144 3106 corpori
1168 3074 1319 3107 obligatam,
1343 3079 1371 3098 ut

295 3135 348 3152 non
367 3127 452 3160 possit
470 3134 578 3153 movere
596 3127 636 3152 vel
657 3135 671 3151 a
691 3127 823 3152 movendo
839 3126 965 3151 desistere
979 3134 1037 3151 cum
1052 3126 1171 3151 voluerit.
1191 3126 1233 3150 Sic
1251 3126 1336 3159 igitur,
1349 3126 1370 3150 si

295 3179 382 3203 anima
399 3179 501 3210 corpori
521 3182 622 3202 tantum
635 3182 664 3202 ut
683 3182 770 3202 motor
789 3177 960 3210 coniungitur,
979 3177 1074 3201 saltem
1092 3176 1272 3201 intellectualis
1286 3176 1372 3201 anima

295 3229 391 3262 poterit
409 3236 425 3253 a
443 3235 554 3261 corpore
573 3227 686 3260 separari
706 3227 748 3252 vel
768 3227 791 3252 ei
811 3227 903 3251 iterum
923 3226 989 3251 uniri
1009 3227 1078 3251 iuxta
1097 3234 1160 3251 suae
1179 3226 1371 3259 beneplacitum

295 3280 446 3306 voluntatis.
470 3280 508 3304 Ex
533 3279 582 3304 hiis
607 3278 684 3311 igitur
706 3278 848 3303 rationibus
871 3284 978 3311 apparet
1004 3278 1076 3311 quod
1098 3278 1183 3302 anima
1208 3286 1260 3302 non
1284 3278 1371 3302 unimr

296 3332 399 3365 corpori
417 3332 506 3356 solum
518 3336 548 3356 ut
566 3335 654 3355 motor
673 3330 762 3355 mobili
775 3330 816 3354 vel
836 3334 864 3354 ut
883 3329 963 3354 homo
977 3329 1137 3354 indumento.
1153 3329 1234 3359 Quod
1250 3331 1340 3353 autem
1355 3336 1371 3352 u

297 3382 315 3419 §
329 3379 431 3419 Quod
448 3385 557 3410 autem
581 3384 618 3409 ut
638 3378 740 3408 forma
757 3378 886 3418 propria
906 3382 953 3406 sibi
975 3377 1095 3419 (anima
1120 3376 1263 3417 corpori)
1282 3377 1371 3406 unia-

296 3438 359 3468 tur,
375 3433 421 3462 sic
441 3443 472 3460 ex
490 3434 634 3460 rationibus
653 3434 800 3458 Aristotelis
817 3431 982 3470 probatur.
1001 3428 1081 3459 Illud
1098 3438 1165 3468 quo
1182 3428 1304 3468 aliquid
1319 3452 1325 3458 .
1341 3451 1347 3458 .
1364 3451 1370 3457 .

297 3483 440 3513 animati.
471 3484 489 3521 §
513 3482 673 3522 Amplius.
709 3482 795 3519 Quia
819 3486 883 3511 tam
910 3490 977 3510 esse
999 3504 1005 3510 .
1025 3503 1031 3510 .
1051 3504 1058 3510 .
1081 3479 1184 3509 forma
1215 3479 1370 3518 corporis

297 3534 314 3550 *
332 3534 351 3572 §
365 3538 442 3563 Sicut
463 3532 592 3565 Adhuc.
618 3532 770 3564 Similiter
793 3541 826 3562 se
851 3532 947 3561 habet
964 3554 970 3561 .
987 3554 993 3560 .
1009 3554 1015 3560 .
1034 3536 1080 3560 est
1104 3529 1208 3559 forma
1233 3535 1263 3559 et
1283 3534 1374 3559 actus

298 3586 454 3625 corporis.

2431 180 2449 215 5
2455 179 2501 228 9*

1452 306 1532 348 Cap.
1557 308 1667 340 LVIII.
1693 310 1789 348 Quoi>
1814 322 1989 349 nurmnva,
2014 325 2170 347 sssssrrivA
2193 327 2231 347 ET
2255 327 2477 350 INTELLECTNA

1658 371 1722 391 NON
1747 372 1823 392 suxr
1848 374 1878 393 rs
1903 374 2022 395 nonme
2046 376 2120 397 ‘rans
2144 378 2270 398 ΑΝῙΜΑΕ.

1473 453 1573 490 Quod
1597 452 1757 492 nutritiva,
1773 480 1779 486 .
1795 480 1801 486 .
1817 481 1823 487 .
1837 463 1899 488 tres
1924 460 2059 490 animae.
2077 479 2098 482 —
2121 463 2139 500 §
2155 462 2264 492 Potest
2280 468 2387 493 autem
2408 473 2498 503 prae-

1429 504 1521 535 dictis
1557 506 1733 537 rationibus
1765 508 1945 540 secundum
1977 512 2168 551 opinionem
2203 513 2342 553 platonis
2377 515 2498 545 obviari

1431 556 1603 596 (quantum
1615 557 1655 587 ad
1671 565 1873 598 praesentem
1889 562 2102 593 intentionem
2120 563 2281 603 pertinet.)
2299 564 2394 594 Ponit
2411 567 2498 596 enirn

1430 607 1517 646 plato
1537 613 1593 637 tres
1611 613 1718 638 animas
1742 619 1809 640 non
1834 620 1903 642 esse
1920 612 2054 643 eandem
2073 614 2213 644 animam
2237 615 2270 645 in
2287 616 2380 645 nobis
2405 617 2498 647 intel-

1430 658 1589 695 lectivam,
1603 660 1787 691 nutritivam
1801 666 1833 691 et
1845 663 2038 693 sensitivam.
2053 664 2146 695 Unde
2160 665 2217 695 etsi
2228 670 2327 695 sentire
2335 670 2407 695 sitin
2422 670 2496 696 nobis

1390 725 1414 739 ιο
1429 710 1535 739 anima
1559 711 1707 744 sensitiva
1732 713 1771 742 sit
1787 711 2070 754 formacorporis
2097 726 2163 747 non
2187 719 2351 757 oportebit
2367 706 2498 758 propter

1428 761 1491 791 hoc
1508 760 1614 792 dicere
1631 762 1721 802 quod
1746 763 1852 803 aliqua
1868 765 2091 797 intellectualis
2108 769 2283 799 substantia
2307 768 2410 800 forma
2427 779 2497 800 cor-

1428 813 1514 851 poris
1532 822 1601 843 esse
1619 815 1730 853 possit.
1747 815 1765 853 §
1780 814 1880 853 Quod
1897 822 2005 847 autem
2020 841 2026 848 .
2042 841 2048 847 .
2064 842 2070 848 .
2085 820 2216 850 musica.
2234 819 2267 850 Si
2283 820 2378 860 igitur
2391 822 2497 852 anima

1427 863 1631 900 intellectiva,
1656 865 1805 895 sensitiva
1828 872 1860 896 et
1880 868 2030 898 nutritiva
2047 874 2121 899 sunt
2137 869 2279 901 diversae
2296 872 2427 902 virtutes
2443 878 2499 903 aut

1428 913 1551 944 formae
1574 916 1607 945 in
1632 916 1737 952 nobis,
1762 926 1799 947 ea
1827 927 1911 957 quae
1942 918 2122 950 secundum
2142 931 2186 949 eas
2206 925 2280 950 nobis
2298 923 2354 952 has
2378 922 2498 953 formas

1388 983 1409 998 ,ς
1428 966 1521 995 nobis
1537 967 1747 1003 conveniunt,
1765 967 1804 997 de
1822 969 1960 999 invicem
1978 970 2247 1010 praedicabuntur
2263 982 2320 1012 per
2339 973 2496 1004 accidens.

1427 1016 1490 1047 Sed
1514 1017 1695 1048 secundum
1710 1041 1717 1048 .
1730 1042 1736 1048 .
1751 1042 1757 1048 .
1771 1020 1889 1050 animal
1909 1026 1941 1050 et
1956 1022 2076 1052 vivum.
2102 1023 2120 1061 ἓ
2136 1022 2168 1053 Si
2186 1029 2294 1053 autem
2311 1023 2434 1054 dicatur
2448 1049 2454 1055 .
2470 1049 2496 1056 ..

1427 1069 1539 1098 homo.
1566 1068 1598 1099 Si
1623 1069 1719 1109 igitur
1743 1071 1800 1100 iste
1826 1070 1906 1101 ordo
1936 1071 2009 1102 facit
2037 1073 2290 1112 praedicationes
2322 1075 2498 1114 praedictas

1427 1131 1495 1151 esse
1520 1131 1576 1162 per
1601 1131 1644 1157 se,
1669 1123 1732 1152 hoc
1749 1132 1816 1152 non
1842 1123 1906 1152 erit'
1919 1126 1971 1152 nisi
1989 1123 2168 1155 secundum
2186 1125 2277 1155 illum
2294 1125 2428 1156 modum
2452 1126 2498 1157 di-

1427 1172 1521 1203 cendi
1546 1183 1602 1213 per
1627 1183 1659 1203 se
1685 1174 1741 1215 qui
1757 1174 1913 1213 accipitur
1929 1174 2110 1205 secundum
2135 1173 2283 1215 formam,
2309 1177 2364 1207 sed
2383 1187 2498 1208 secun—

1388 1236 1413 1250 20
1427 1223 1505 1254 dum
1517 1224 1611 1254 illum
1629 1225 1685 1264 qui
1702 1224 1857 1264 accipitur
1873 1225 2053 1256 secundum
2069 1227 2235 1256 materiam
2259 1232 2289 1257 et
2306 1228 2498 1264 subiectum,

1427 1276 1509 1305 sicut
1533 1274 1649 1305 dicitur
1673 1274 1860 1315 superficies
1884 1276 2035 1306 colorata.
2061 1277 2134 1307 Hoc
2151 1282 2259 1307 autem
2280 1283 2326 1308 est
2350 1278 2499 1318 impossi-

1427 1326 1502 1362 bile,
1528 1326 1604 1365 quia
1627 1326 1661 1355 in
1686 1326 1747 1355 isto
1772 1326 1873 1356 modo
1894 1325 2022 1357 dicendi
2047 1337 2103 1367 per
2131 1337 2163 1357 se
2188 1327 2220 1358 id
2245 1327 2335 1368 quod
2359 1334 2406 1358 est
2435 1328 2499 1359 for-

1427 1377 1511 1407 male
1535 1377 1736 1417 praedicatur
1754 1387 1810 1417 per
1826 1387 1859 1408 se
1880 1377 1920 1408 de
1943 1379 2099 1414 subiecto,
2117 1385 2152 1409 ut
2175 1389 2251 1409 cum
2275 1379 2422 1416 dicimus,
2439 1380 2499 1411 Su-

1427 1427 1575 1467 perficies
1591 1433 1638 1458 est
1655 1427 1736 1464 alba,
1754 1428 1814 1464 vel,
1831 1428 1994 1459 Numerus
2011 1435 2058 1460 est
2074 1440 2139 1471 par.
2163 1435 2202 1460 Ibi
2218 1438 2307 1460 autem
2326 1442 2341 1460 e
2358 1436 2498 1461 contrario

1389 1493 1410 1512 ,ως
1427 1482 1534 1512 accidit,
1555 1490 1616 1507 nam
1636 1482 1740 1507 animal
1753 1489 1805 1514 per
1823 1490 1851 1507 se
1865 1484 2044 1515 praedicatur
2061 1485 2094 1509 de
2107 1485 2220 1514 homine,
2235 1493 2286 1510 mm
2301 1488 2390 1511 autem
2409 1493 2424 1511 e
2437 1493 2499 1511 con-

1428 1541 1513 1559 verso.
1532 1534 1593 1560 Non
1614 1534 1700 1567 igitur
1715 1534 1875 1566 praedictae
1894 1535 2113 1567 praedicationes
2132 1537 2260 1562 dicuntur·
2274 1545 2326 1569 per
2344 1545 2373 1562 se
2393 1538 2501 1563 ratione

1427 1586 1494 1611 dicti
1516 1586 1630 1611 ordinis.
1652 1585 1672 1619 5
1696 1586 1850 1611 Praeterea.
1875 1583 1914 1612 Et
1950 1584 2065 1614 iterum
2094 1585 2127 1614 in
2152 1586 2216 1615 hoc
2244 1585 2345 1616 modo
2373 1585 2499 1616 dicendi

1428 1643 1485 1673 per
1508 1643 1542 1664 se
1560 1634 1743 1664 subiectum
1760 1634 1892 1674 ponitur
1908 1635 1939 1664 in
1958 1634 2146 1666 definitione
2163 1641 2299 1672 praedicti
2316 1637 2499 1678 praedicati,

1427 1686 1511 1715 sicut
1526 1694 1682 1715 numerus
1706 1686 1739 1715 in
1764 1684 1953 1715 definitione
1982 1687 2075 1726 paris,
2101 1687 2146 1717 lbi
2171 1694 2279 1718 autem
2297 1698 2314 1718 e
2338 1689 2499 1719 contrario

1388 1749 1413 1766 ’,ο
1428 1735 1552 1766 accidit.
1585 1736 1661 1766 Non
1693 1736 1779 1766 enim
1803 1737 1905 1766 homo
1930 1746 1987 1776 per
2010 1747 2043 1768 se
2071 1738 2272 1778 praedicatur
2296 1739 2335 1769 de
2360 1739 2500 1775 animali,

1427 1787 1483 1818 sed
1507 1797 1524 1817 e
1549 1796 1719 1817 converso.
1745 1787 1786 1817 Et
1809 1788 1926 1817 iterum
1951 1798 2018 1818 non
2042 1790 2175 1829 ponitur
2198 1790 2379 1820 subiectum
2396 1791 2429 1820 in
2447 1789 2501 1820 de-

1428 1838 1575 1869 finitione
1601 1838 1787 1878 praedicati.
1812 1838 1868 1868 sed
1885 1848 1902 1869 e
1922 1849 2091 1870 converso.
2117 1841 2192 1871 Non
2209 1842 2304 1881 igitur
2320 1840 2500 1881 praedictae

1426 1889 1682 1929 praedicationes
1699 1889 1850 1919 dicuntur
1866 1899 1924 1929 per
1939 1899 1972 1920 se
1989 1891 2113 1922 ratione
2130 1891 2206 1922 dicti
2223 1892 2352 1923 ordinis.
2377 1892 2500 1931 §Prae-

1425 1948 1520 1972 terea.
1546 1942 1596 1972 Ab
1622 1941 1738 1972 eodem
1753 1963 1760 1971 .
1776 1964 1782 1970 .
1798 1964 1805 1970 .
1819 1941 1954 1971 minima
1978 1943 2148 1974 unitatum.
2173 1943 2293 1982 §Item.
2318 1943 2435 1974 Adhuc
2451 1953 2499 1974 re-

1386 2006 1407 2025 ις
1425 1992 1504 2022 dibit
1522 2016 1528 2022 .
1545 2016 1551 2022 .
1566 2016 1572 2022 .
1592 1992 1749 2022 adveniet.
1782 1994 1814 2020 Si
1832 1995 1861 2028 ig
1892 1992 1977 2023 Cum
2003 1994 2098 2033 igitur
2115 2017 2121 2024 .
2137 2017 2144 2024 .
2158 2017 2165 2024 .
2182 1995 2214 2024 in
2239 1993 2498 2034 praedicamento

1425 2043 1631 2073 substantiae.
1656 2044 1674 2081 ξ
1690 2043 1850 2083 Amplius.
1872 2043 1903 2074 Si
1921 2044 2023 2074 homo
2041 2067 2047 2074 .
2063 2067 2069 2074 .
2086 2067 2092 2074 .
2110 2045 2214 2074 saltim
2231 2044 2323 2075 duae.
2341 2044 2373 2076 Si
2390 2050 2498 2075 autem

1425 2095 1487 2125 hoc
1561 2100 1738 2134 sequentur
1751 2093 1855 2124 adhuc
1869 2095 2140 2131 inconvenientia,
2154 2095 2275 2126 scilicet
2291 2095 2381 2135 quod
2397 2096 2498 2125 homo

1424 2155 1492 2176 non
1510 2146 1549 2175 sit
1574 2146 1691 2175 animal
1717 2145 1771 2175 sed
1795 2151 1901 2175 utatur
1925 2146 2065 2182 animali,
2090 2155 2165 2176 nam
2189 2155 2246 2186 per
2269 2147 2409 2176 animam
2426 2155 2498 2176 sen-

1424 2197 1550 2228 sitivam
1579 2196 1699 2237 aliquid
1732 2203 1779 2227 est
1810 2197 1926 2227 animal
1941 2207 1948 2232 ;
1979 2202 2010 2227 et
2038 2196 2128 2237 quod
2156 2198 2257 2227 homo
2286 2207 2353 2227 non
2385 2197 2498 2227 sentiat

1384 2262 1410 2282 ⁴0
1424 2248 1480 2279 sed
1505 2255 1612 2279 utatur
1636 2259 1668 2279 re
1693 2250 1863 2279 sensiente.
1881 2248 1897 2267 *
1925 2248 2018 2286 Quae
2042 2258 2118 2279 cum
2142 2250 2205 2279 sint
2227 2249 2496 2284 inconvenientia,

1424 2300 1622 2340 impossibile
1659 2306 1705 2330 est
1739 2305 1801 2330 tres
1825 2301 1947 2330 animas
1970 2301 2144 2330 substantia
2169 2299 2349 2330 differentes
2372 2309 2440 2329 esse
2464 2299 2496 2328 in

1424 2352 1529 2387 nobis,
1555 2351 1799 2387 intellectivum‚
1824 2352 2011 2382 sensitivum
2041 2357 2072 2382 et
2098 2351 2298 2382 nutritivum.
2323 2355 2356 2379 Et
2379 2355 2424 2384 sic,
2450 2354 2497 2379 hac

1423 2405 1570 2430 obviatione
1583 2411 1690 2436 remota,
1709 2405 1853 2430 remanebit
1871 2406 1942 2439 quod
1961 2406 2046 2430 anima
2065 2406 2220 2431 intellectiva
2232 2406 2336 2430 uniatur
2354 2406 2456 2438 corpori
2470 2409 2499 2430 ut

1424 2457 1517 2482 tonna.
1536 2455 1568 2490 (ξ
1579 2457 1612 2481 Si
1628 2460 1718 2482 autem
1732 2457 1840 2482 dicatur
1852 2457 1924 2490 quod
1938 2457 2081 2489 praedicta
2100 2457 2155 2482 tria
2168 2464 2219 2482 non
2234 2459 2298 2482 sunt
2311 2464 2391 2480 unum
2405 2462 2497 2481 secun-

1385 2519 1408 2538 45
1427 2508 1490 2532 dum
1510 2508 1632 2533 ordinem
1648 2511 1762 2537 tantum,
1782 2508 1830 2533 sed
1842 2515 1880 2533 ex
1897 2508 1936 2533 eis
1947 2509 1985 2542 fit
2003 2515 2057 2532 una
2069 2508 2163 2541 forma
2181 2507 2345 2540 simpliciter,
2365 2506 2498 2539 oportebit

1421 2560 1490 2592 poni
1506 2559 1611 2592 aiiqnaid
1629 2559 1702 2592 quod
1714 2559 1805 2593 saciat
1824 2559 1869 2584 illa
1894 2559 1949 2584 tria
1967 2566 2024 2584 esse
2042 2566 2132 2584 unum.
2151 2558 2212 2583 Non
2232 2558 2301 2583 enim
2321 2565 2358 2582 ex
2372 2557 2496 2590 pluribus

1425 2617 1494 2643 quae
1507 2613 1570 2635 sunt
1589 2610 1615 2634 ίη
1634 2613 1696 2635 actu
1710 2610 1746 2644 fit
1761 2617 1841 2634 unum
1861 2609 1913 2635 m'si
1930 2609 2021 2642 aliquo
2040 2609 2155 2635 uniente.
2174 2609 2318 2634 Praedicta
2337 2611 2426 2633 autem
2442 2607 2497 2633 tria

1423 2664 1565 2693 ponuntur
1583 2664 1613 2685 ut
1629 2664 1706 2686 actus
1725 2661 1835 2693 quidam
1856 2661 1942 2692 (non)
1963 2667 2015 2685 non
2041 2660 2146 2692 <autem
2173 2660 2227 2691 ita>
2247 2659 2319 2692 quod
2335 2666 2364 2684 se
2381 2658 2497 2684 habeant

1426 2714 1495 2739 sicut
1510 2713 1635 2745 potentia
1660 2715 1687 2737 et
1713 2715 1797 2738 actus.
1821 2712 1882 2736 Non
1901 2714 1990 2736 autem
2011 2714 2103 2743 potest
2125 2711 2180 2736 dici
2203 2711 2276 2744 quod
2293 2718 2390 2743 corpus
2414 2718 2495 2735 unum

1386 2776 1411 2794 ςο
1422 2765 1511 2798 saciat
1529 2764 1575 2788 illa
1595 2764 1650 2789 tria
1662 2770 1719 2788 esse
1732 2771 1822 2788 unum.
1841 2763 1902 2788 Non
1915 2764 1984 2788 enim
2004 2763 2095 2788 anima
2111 2770 2163 2795 per
2174 2769 2271 2794 corpus
2282 2762 2320 2794 fit
2339 2769 2428 2792 unum,
2448 2762 2497 2786 sed

1426 2816 1513 2849 magis
1531 2822 1630 2847 corpus
1651 2821 1703 2846 per
1723 2814 1850 2840 animam.
1877 2815 1959 2840 Cuius
1983 2814 2089 2848 signum
2108 2817 2148 2839 est
2166 2814 2244 2846 quod,
2264 2814 2378 2838 abeunte
2395 2813 2495 2842 anima,

1424 2874 1522 2899 corpus
1541 2864 1707 2899 dissolvitur)
1730 2862 1747 2878 ⁴*
1770 2863 1788 2900 §
1803 2862 1929 2892 Adhuc.
1955 2862 2002 2892 Ex
2026 2861 2154 2892 duobus
2178 2867 2233 2890 aut
2260 2859 2405 2900 pluribus
2429 2869 2495 2890 non

1426 2919 1533 2955 potest
1556 2912 1624 2943 fieri
1650 2922 1754 2943 unum
1779 2914 1801 2942 si
1826 2923 1893 2943 non
1911 2913 1950 2942 sit
1966 2911 2087 2951 aliquid
2103 2912 2227 2947 uniens,
2245 2911 2303 2941 nisi
2322 2920 2423 2941 unum
2441 2920 2497 2941 eo·

1426 2975 1497 2996 rum
1517 2968 1553 2993 sit
1570 2970 1646 2993 actus
1664 2968 1746 2993 alteri
1764 2974 1796 2994 se
1821 2965 1935 2994 habeat
1951 2963 1990 2994 ad
2007 2963 2141 2993 alterum
2158 2968 2194 2992 ut
2213 2967 2302 2992 actus
2319 2961 2357 2992 ad
2382 2967 2497 3002 poten-

1387 3029 1409 3050 55
1427 3018 1514 3048 tiam.
1539 3016 1591 3046 Sic
1620 3017 1707 3046 enim
1725 3039 1731 3046 .
1747 3039 1753 3046 .
1768 3039 1774 3045 .
1792 3016 1958 3046 uniuntur.
1978 3020 2033 3044 Aut
2052 3019 2136 3052 igitur
2156 3013 2202 3053 (Si
2230 3012 2338 3053 igitur)
2363 3013 2426 3043 hoc
2446 3017 2498 3042 erit

1426 3074 1522 3098 iterum
1543 3079 1594 3097 non
1621 3066 1750 3108 (iterum
1775 3067 1834 3103 est')
1860 3067 1980 3096 habens
2005 3071 2108 3106 partes
2132 3064 2280 3100 diversas,
2306 3069 2336 3093 et
2360 3073 2427 3094 non
2451 3069 2498 3094 est

1427 3129 1530 3151 unum
1554 3118 1736 3149 secundum
1766 3127 1809 3153 se,
1839 3122 1968 3157 oportet
1995 3116 2100 3147 adhuc
2128 3125 2196 3146 esse
2224 3113 2344 3154 aliquid
2371 3116 2496 3145 uniens.

1427 3170 1514 3201 Cum
1541 3181 1603 3205 ergo
1629 3169 1744 3208 igitur.
1760 3191 1766 3198 .
1782 3191 1788 3198 .
1806 3168 1922 3197 anima.
1948 3167 2084 3206 Oportet
2108 3168 2203 3206 igitur
2223 3170 2248 3194 in
2269 3169 2286 3194 h
2304 3166 2337 3195 in
2355 3175 2421 3195 uno
2438 3165 2497 3195 ho-

1427 3222 1514 3251 mine
1540 3221 1588 3250 vel
1613 3219 1741 3250 animali
1759 3228 1856 3249 unam
1873 3223 1997 3248 tantum
2016 3218 2155 3247 animam
2173 3227 2250 3247 esse.
2268 3218 2285 3255 §
2302 3217 2390 3246 Item.
2416 3216 2449 3247 Si
2465 3216 2497 3246 id

1385 3281 1412 3300 ⁶0
1428 3271 1518 3312 quod
1534 3277 1581 3301 est
1605 3281 1642 3301 ex
1668 3276 1756 3311 parte
1776 3273 1850 3298 homi
1867 3270 1992 3299 animae
2014 3270 2045 3298 in
2071 3269 2203 3298 homine
2228 3274 2274 3298 est
2291 3278 2328 3298 ex
2351 3267 2497 3307 pluribus

1428 3329 1669 3363 congregatum,
1686 3327 1815 3361 oportet
1832 3344 1838 3350 .
1854 3344 1860 3350 .
1876 3344 1882 3350 .
1901 3321 2055 3360 corporis,
2073 3320 2173 3357 Quod
2190 3321 2285 3350 etiam
2302 3329 2319 3348 a
2335 3319 2496 3359 positione

1429 3375 1567 3415 platonis
1584 3383 1650 3404 non
1669 3372 1846 3403 discordat:
1864 3375 2000 3407 ponebant
2018 3372 2160 3411 ponebat
2172 3371 2262 3419 fenim
2278 3394 2284 3400 .
2300 3393 2306 3399 .
2322 3393 2329 3400 .
2342 3370 2374 3400 in
2389 3369 2496 3400 corde.

1428 3427 1501 3457 Hoc
1519 3431 1629 3456 autem
1646 3429 1778 3464 apparet
1794 3433 1862 3454 esse
1882 3421 2023 3463 (falsum)
2040 3422 2219 3462 dupliciter.
2237 3422 2344 3451 Primo
2365 3420 2496 3461 quidem

1429 3477 1503 3518 quia
1520 3477 1626 3516 aliqua
1651 3485 1723 3515 pars
1747 3476 1872 3504 animae
1889 3475 1905 3490 ³‘
1930 3483 2012 3514 quae
2036 3483 2103 3503 non
2128 3478 2235 3513 potest
2259 3473 2386 3502 attribui
2402 3472 2497 3502 alicui

1387 3538 1410 3563 ες
1428 3529 1508 3568 parti
1533 3527 1687 3566 corporis,
1713 3526 1832 3556 scilicet
1856 3524 2046 3560 intellectus,
2071 3524 2110 3555 de
2128 3534 2195 3564 quo
2219 3533 2315 3563 supra
2331 3529 2498 3553 ostensum

1429 3585 1475 3609 est
1499 3578 1590 3618 quod
1613 3587 1681 3608 non
1707 3582 1754 3607 est
1777 3583 1866 3607 actus
1891 3577 2025 3607 alicuius
2049 3577 2145 3616 partis
2162 3575 2324 3615 corporis?
2334 3573 2497 3609 Secundo,

1430 3630 1505 3669 quia
1530 3628 1738 3659 manifestum
1763 3627 1836 3668 (est)
1861 3626 1951 3667 quod
1974 3627 2007 3656 in
2032 3626 2144 3656 eadem
2161 3631 2249 3666 parte
2273 3625 2419 3664 corporis
2443 3633 2498 3663 ap-

371 3837 386 3854 a
406 3828 439 3854 36
458 3833 484 3853 et
503 3827 616 3853 actiones
630 3844 674 3853 ...
687 3827 749 3859 b44
768 3826 860 3859 forma}
885 3825 951 3850 Tota
977 3824 1040 3849 haec
1059 3824 1152 3855 pagina
1175 3821 1221 3855 (46
1232 3822 1264 3855 r).
1290 3822 1321 3845 ad
1346 3820 1516 3846 differentiam
1536 3820 1644 3844 aliorum
1666 3819 1796 3848 foliorum,
1820 3817 1940 3842 scribitur
1963 3816 2153 3841 characteribus
2171 3816 2288 3849 gothicis,
2308 3822 2374 3847 quae
2393 3815 2500 3846 insuper

299 3872 418 3898 nonnihil
436 3872 558 3899 differunt
577 3871 609 3897 ab
628 3872 666 3896 eis
685 3871 782 3904 quibus
806 3871 914 3895 Sanctus
934 3868 1051 3893 Thomas
1072 3867 1130 3892 alibi
1155 3867 1233 3891 utitur
1253 3865 1314 3898 (vid.
1329 3864 1410 3890 Praef.
1430 3872 1454 3896 p.
1474 3872 1507 3897 rx,
1527 3864 1577 3888 col.
1598 3863 1633 3896 ι).
1654 3863 1737 3887 Huius
1757 3861 1940 3893 singularitatis
1960 3861 2024 3885 ratio
2042 3868 2095 3885 non
2115 3864 2227 3892 apparet.
2247 3859 2397 3883 Revidendo
2411 3863 2498 3882 tamen

299 3918 399 3943 Auctor
417 3917 495 3943 solito
513 3916 611 3949 scripto
631 3924 695 3941 usus
715 3921 769 3941 est:
790 3916 815 3940 in
835 3914 998 3948 appositione
1018 3913 1114 3938 scilicet
1133 3911 1197 3936 tituli
1217 3910 1330 3943 capitulo
1349 3916 1437 3938 van1;
1462 3914 1488 3933 et
1505 3909 1531 3932 in
1546 3907 1646 3932 duabus
1666 3905 1785 3938 postillis,
1805 3913 1819 3930 a
1832 3904 1865 3930 62
1885 3905 1977 3930 anima
1995 3904 2111 3936 corpori,
2132 3909 2157 3928 et
2176 3904 2218 3935 b7
2239 3906 2366 3935 quantum
2387 3908 2436 3926 etc.
2454 3901 2499 3951 yi-

301 3963 377 3988 detur
395 3963 474 3988 etiam
496 3962 569 3995 quod
588 3962 682 3987 eodem
702 3961 850 3986 charactere
870 3960 947 3984 solito
967 3959 1031 3983 sacta
1050 3957 1096 3982 fuit
1108 3962 1147 3981 ter
1161 3956 1267 3988 repetita
1287 3953 1394 3978 mutatio
1414 3953 1512 3978 litterae
1531 3959 1544 3977 s
1563 3952 1589 3976 in
1609 3954 1619 3975 t
1639 3951 1663 3976 in
1683 3958 1747 3975 voce
1765 3950 1905 3975 sentiendo
1924 3947 1950 3982 (a
1963 3957 2006 3981 40,
2026 3956 2092 3980 242,
2113 3947 2192 3981 1145).
2211 3947 2330 3971 Tandem
2344 3946 2369 3970 in
2384 3952 2499 3978 margine

300 4007 414 4032 inferiori
433 4007 572 4032 columnae
590 4006 616 4036 b,
635 4011 737 4038 septem
758 4006 839 4030 lineas
858 4005 953 4029 usitato
973 4002 1068 4035 scripto
1088 4000 1200 4026 adiunxit
1217 3998 1245 4033 (b
1259 4007 1291 4030 44
1314 3998 1346 4023 Si
1363 4001 1495 4022 autem...
1511 3995 1541 4020 52
1564 3993 1739 4029 dissolvitur),
1759 4002 1824 4027 quas
1844 3999 1930 4018 tamen
1951 3994 2045 4018 delevit
2065 3998 2090 4017 et
2111 3992 2203 4016 eodem
2227 3990 2289 4015 solio
2314 3998 2392 4015 verso
2417 3989 2500 4014 refor-

301 4053 382 4078 mavit
399 4052 460 4086 (Er
479 4052 582 4078 duobus
600 4054 650 4076 aut
664 4050 789 4083 pluribus
807 4049 877 4083 etc.).

2526 467 2556 493 46
2567 474 2577 489 r
2592 467 2605 488 b
2615 475 2638 495 4-
2649 474 2671 495 p.
2682 474 2739 496 409.

2525 2250 2534 2259 ·
2549 2249 2610 2270 Casu
2628 2254 2675 2270 non
2690 2254 2740 2270 cor-

2525 2276 2542 2297 ri
2562 2291 2567 2297 .
2578 2276 2601 2297 in
2617 2276 2738 2297 sentiente.

2525 2302 2544 2324 C
2555 2319 2560 2324 .
2577 2302 2621 2324 col.
2639 2308 2652 2323 a
2661 2308 2701 2329 ⁴0·

2523 2457 2574 2484 4⁶¹·
2588 2457 2602 2478 b
2617 2462 2656 2484 mg
2670 2455 2714 2478 inf.

2523 2862 2634 2888 46vai.

2527 3473 2534 3481 ·
2550 3471 2610 3492 Casu
2630 3476 2678 3492 om.
2694 3471 2738 3491 ert.

2525 3497 2579 3519 Vid.
2595 3496 2624 3518 ad
2639 3497 2685 3518 loc.
