2768 4134
62 410 276 463 iatam

59 814 68 822 ·
84 811 120 833 Cf.
138 810 272 841 Commeat.

60 844 110 866 cap.
122 843 206 865 praee,
221 840 271 859 init.

58 1853 68 1863 ¹
84 1851 132 1880 Qu.
147 1856 195 1873 ινιι
210 1857 262 1879 sqq.

59 3237 69 3247 ·
85 3237 141 3265 Cap.
156 3243 187 3259 u.

303 333 381 368 440

356 402 569 437 Praeterea.
609 397 823 434 Probatum
860 404 916 433 est
952 396 992 433 in
1029 397 1076 433 111
1112 396 1157 432 de
1193 397 1336 432 Anima
1355 395 1375 416 ²¹⁵

303 453 411 502 quod
430 452 642 488 intellectus
660 461 741 486 non
762 458 818 487 est
845 457 953 487 actus
972 449 1134 486 alicuius
1153 449 1271 499 partis
1290 460 1373 486 cor-

301 504 417 555 poris.
447 503 673 551 Imaginatio
702 511 834 540 autem
866 503 983 540 habet
1016 514 1207 552 organum
1236 514 1373 551 corpo-

301 559 378 595 rale
407 556 718 594 determinatum.
748 557 842 594 Non
871 564 927 593 est
959 556 1072 605 igitur
1108 556 1213 594 idem
1242 555 1373 604 imagi-

301 609 405 647 natio
434 618 471 647 et
498 609 711 647 intellectus
738 609 941 659 possibilis.
1090 617 1092 620 ’
1397 630 1405 650 ς

1061 715 1398 748 commentar-ia

343 815 420 835 num
444 805 579 835 errore*
596 804 717 836 detenti
740 810 815 835 sunt
839 805 895 844 qui
916 804 1064 834 dixerunt
1083 803 1279 834 intellectum
1293 813 1373 844 pos-

302 817 341 880 S
356 849 480 880 sibilem
500 849 582 880 nihil
596 849 689 880 aliud
704 858 772 880 esse
786 858 883 889 quam
900 848 1180 889 imaginationem,
1196 848 1373 878 secundum

299 895 423 925 scilicet
444 894 532 935 quod
554 899 601 924 est
625 899 703 924 nata
727 898 763 923 ut
784 893 850 923 sint
865 893 897 923 in
915 902 954 923 ea
967 893 1108 934 formae
1130 902 1215 932 quae
1227 893 1375 934 fuerunt

301 939 483 970 intellectae
506 939 539 969 in
563 944 650 975 actu,
675 947 759 979 quae
772 938 848 979 fuit
862 938 1042 977 Avempace
1058 937 1188 977 opinio:
1204 942 1240 967 ut
1263 938 1375 968 recitat

300 983 437 1015 Sanctus
460 983 605 1014 Thomas
629 983 656 1013 11
680 982 778 1018 Sent.,
804 981 833 1012 d.
851 991 925 1018 xvn,
950 990 981 1021 q.
998 991 1031 1018 11,
1049 991 1076 1011 a.
1098 989 1125 1011 1.

357 1028 480 1059 Contra
503 1029 586 1058 hanc
609 1033 717 1058 autem
742 1026 885 1066 arguitur
902 1026 1025 1066 primo.
1051 1025 1241 1065 Imaginatio
1266 1031 1314 1056 est
1339 1026 1374 1056 in

299 1073 417 1103 brutis:
441 1082 510 1102 non
533 1078 642 1102 autem
661 1071 852 1101 intellectus.
870 1070 957 1110 Ergo
982 1075 1043 1100 etc.
1059 1087 1082 1092 —
1104 1070 1262 1100 Probatur
1285 1075 1374 1100 ante-

301 1116 428 1147 cedens.
451 1115 570 1154 Quoad
585 1116 724 1156 primam
748 1114 882 1155 quidem
905 1120 1044 1155 partem:
1070 1114 1145 1154 quia
1169 1115 1203 1144 in
1227 1114 1272 1144 eis
1294 1115 1375 1144 ima·

298 1161 420 1200 ginaria
432 1161 658 1201 apprehensio,
671 1160 865 1190 abeuntibus
877 1159 1091 1195 sensibilibus,
1105 1163 1266 1195 remanet;
1284 1158 1379 1198 quod.

300 1211 426 1235 constat
449 1215 487 1235 ex
511 1214 552 1235 eo
577 1204 667 1245 quod
691 1214 728 1235 ea
752 1203 881 1244 fugiunt
905 1209 960 1234 aut
983 1208 1234 1244 persequuntur.
1254 1202 1375 1240 Quoad

299 1248 475 1280 secundam
498 1258 576 1280 vero
600 1255 739 1289 partem:
765 1249 841 1289 quia
873 1249 907 1279 in
939 1249 983 1279 eis
1014 1247 1142 1278 nullum
1173 1256 1258 1287 opus
1281 1247 1374 1278 intel-

298 1294 401 1324 lectus
424 1299 565 1334 apparet.

676 319 863 355 SUMMA
893 317 1115 355 CONTRA
1143 316 1419 361 GENTILES,

1447 316 1542 353 LIB.
1562 316 1604 360 ΙΙ,
1634 315 1744 352 CAP.
1764 316 1915 361 LXVII,
1933 316 2101 353 LXVIII.

1485 394 1587 431 Hinc
1620 402 1676 431 est
1709 394 1818 443 quod
1851 393 1989 431 dicitur
2015 396 2087 432 Iob
2114 399 2253 432 xxxv¹¹z
2294 397 2369 438 Qui
2399 396 2505 433 docet

1431 460 1499 485 nos
1525 460 1638 497 super
1666 450 1831 484 iumenta
1858 453 1994 494 terrae,
2015 453 2049 484 et
2071 459 2185 497 super
2211 448 2382 485 volucres
2409 449 2507 486 caeli

1430 501 1550 538 erudit
1569 513 1647 538 nos.
1669 502 1744 538 Per
1762 501 1871 550 quod
1891 501 2005 538 datur
2023 499 2177 549 intelligi
2205 501 2313 550 quod
2333 501 2505 539 hominis

1430 563 1485 591 est
1513 553 1642 603 aliqua
1669 554 1791 591 virtus
1828 553 2090 602 cognoscitiva
2125 565 2244 603 supra
2270 565 2432 591 sensum
2467 562 2505 591 et

1430 607 1758 656 imaginationem,
1788 619 1890 657 quae
1918 615 2008 644 sunt
2035 606 2076 644 in
2103 606 2186 644 aliis
2205 606 2449 644 animalibus,

1426 713 1738 746 Fen-ariensis

1484 802 1644 833 Secundo.
1670 802 1860 842 Imaginatio
1885 807 1933 832 est
1960 807 2086 832 tantum
2110 802 2331 842 corporalium
2355 808 2387 833 et
2409 803 2507 843 parti—

1428 847 1602 878 cularium:
1628 856 1703 877 cum
1727 846 1894 887 phantasia
1917 846 1958 876 sit
1981 851 2088 877 motus
2101 846 2220 888 factus
2235 856 2256 877 a
2271 856 2368 878 sensu
2391 856 2505 878 secun-

1427 892 1504 922 dum
1528 897 1646 928 actum,
1671 896 1708 921 ut
1732 890 1849 922 dicitur
1863 891 1898 921 in
1922 891 1964 921 III
1980 890 2020 922 de
2043 891 2172 921 Anima.
2193 890 2378 922 Intellectus
2395 897 2505 922 autern

1428 942 1476 967 est
1499 936 1731 967 universalium
1755 941 1787 966 et
1809 935 2077 976 incorporalium.
2102 935 2190 975 Ergo
2213 941 2275 966 etc.

1488 981 1608 1011 Tertio.
1633 981 1860 1011 phantasmata
1875 986 2011 1011 movent
2026 980 2230 1010 intellectum
2245 980 2329 1011 sicut
2343 980 2506 1011 sensibilia

1428 1034 1571 1062 sensum,
1589 1035 1627 1056 ex
1643 1025 1684 1055 111
1701 1025 1741 1056 de
1755 1025 1885 1055 Anima.
1902 1025 1990 1065 Ergo
2007 1029 2067 1055 etc.
2083 1042 2107 1047 —
2122 1024 2281 1055 Probatur
2300 1033 2505 1065 consequen-

1427 1070 1481 1100 tia.
1507 1069 1593 1108 Quia
1615 1070 1819 1110 impossibile
1846 1075 1894 1100 est
1916 1069 2004 1100 idem
2035 1078 2105 1100 esse
2135 1078 2272 1100 movens
2302 1074 2334 1100 et
2360 1074 2504 1100 motum:

1428 1114 1550 1144 scilicet
1572 1119 1722 1155 respectu
1747 1113 1894 1145 eiusdem
1918 1119 1949 1144 et
1973 1113 2092 1144 eodem
2114 1114 2228 1145 modo.

1487 1158 1626 1195 Quarto.
1652 1159 1843 1199 Imaginatio
1866 1159 1963 1190 habet
1979 1167 2139 1199 organum
2162 1158 2423 1189 determinatum.
2455 1157 2507 1188 In-

1428 1202 1575 1233 tellectus
1599 1209 1709 1234 autem
1732 1212 1892 1245 organum
1915 1213 1983 1234 non
2007 1204 2113 1234 habet.
2141 1203 2229 1244 Ergo
2253 1209 2314 1234 etc.

1486 1246 1719 1278 Conrmmwn
1742 1249 1932 1279 auctoritate
1955 1248 2015 1278 Iob
2036 1258 2129 1285 xxxv,
2156 1247 2222 1284 Qua·
2244 1248 2339 1278 docet
2361 1256 2421 1278 nos
2444 1251 2506 1278 etc.

1377 1388 1430 1430 ψ.
1443 1394 1452 1420 ÷

619 1546 1104 1603 CAPITULUM
1142 1548 1749 1604 SEXAGESIMUM
1788 1547 2189 1605 OCTAVUM

521 1674 837 1727 QUALITER
880 1674 1271 1716 SUBSTANTIA
1308 1675 1845 1717 INTELLECTUALIS
1882 1676 2095 1718 POSSIT
2134 1676 2286 1718 ESSE

1118 1737 1337 1778 FORMA
1383 1737 1687 1778 CORPORIS

329 1884 332 1885 γ
490 1861 536 1885 x
563 1847 784 1897 praemissis
809 1847 923 1896 igitur
940 1848 1154 1886 rationibus
1168 1848 1188 1870 ‘¹‘
1216 1850 1373 1886 conclu-

333 1913 337 1915 ’
374 1880 499 1944 ’Ἅμα
526 1901 617 1938 dere
637 1913 850 1950 possumus
872 1902 981 1950 quod
1002 1901 1264 1939 intellectualis
1283 1902 1374 1938 sub-

339 1990 343 1998 ,
374 1959 428 2004 [ι’-
447 1951 486 2005 *ξ
525 1953 661 1991 stantia
678 1962 805 2003 potest
825 1954 926 1990 uniri
955 1954 1110 2003 corpori
1138 1962 1181 1991 ut
1208 1955 1345 1991 forma.

331 2031 338 2035 „
580 2005 620 2043 Si
649 2006 754 2043 enim
774 2006 986 2044 substantia
1005 2006 1268 2044 intellectualis
1292 2018 1374 2044 non

301 2060 433 2098 unitur
460 2059 614 2109 corpori
643 2061 771 2096 solum
793 2067 833 2097 ut
861 2067 1002 2106 motor,
1031 2068 1074 2100 ut
1100 2060 1210 2097 Plato
1231 2059 1373 2110 posuit,
1396 2085 1406 2105 ς

300 2126 429 2164 neque
467 2111 714 2150 continuatur
751 2112 785 2149 ei
823 2114 952 2150 solum
983 2125 1055 2162 per
1090 2113 1373 2163 phantasmata,

300 2175 342 2204 ut
377 2165 470 2203 dixit
507 2168 711 2211 Averroes,
740 2166 809 2202 sed
837 2173 879 2202 ut
910 2166 1055 2212 forma3
1085 2178 1214 2216 neque
1242 2174 1374 2204 tamen

299 2220 512 2257 intellectus
539 2231 620 2268 quo
640 2220 764 2256 homo
784 2218 964 2267 intelligit,
993 2226 1050 2256 est
1072 2219 1314 2270 praeparatio
1334 2219 1373 2256 in

300 2275 474 2310 humana
502 2280 650 2318 natura,
670 2279 713 2309 ut
741 2271 835 2309 dixit
854 2273 1088 2319 Alexander3
1117 2285 1247 2323 neque
1267 2284 1373 2310 com-

297 2326 438 2376 plexio,
466 2333 508 2363 ut
537 2325 725 2371 Galenus3
755 2337 884 2375 neque
913 2325 1130 2373 harmonia,
1159 2334 1201 2364 ut
1229 2327 1373 2375 Empe·
1390 2349 1415 2363 ,ο

298 2381 446 2425 docles3
472 2391 601 2429 neque
621 2390 776 2428 corpuS,
796 2380 858 2416 vel
887 2391 1035 2425 sensus,
1055 2381 1117 2416 vel
1136 2378 1371 2428 imaginatio,

298 2442 341 2470 ut
369 2432 515 2482 antiqui
543 2433 738 2470 dixerunt:
769 2432 998 2481 relinquitur
1016 2432 1124 2482 quod
1144 2432 1275 2470 anima
1300 2433 1371 2470 hu-

298 2498 415 2524 mana
434 2485 480 2524 sit
508 2484 770 2523 intellectualis
790 2485 1002 2523 substantia
1021 2485 1176 2536 corpori
1202 2486 1310 2523 unita
1329 2494 1372 2523 ut

297 2540 434 2577 forma.
457 2539 577 2587 Quod
597 2538 759 2589 quidem
778 2539 832 2576 sic
850 2546 977 2588 potest
995 2538 1079 2577 fieri
1107 2538 1369 2577 manifestum.

352 2593 413 2630 Ad
442 2594 518 2630 hoc
545 2593 652 2630 enirn
671 2592 779 2643 quod
799 2592 945 2642 aliquid
974 2592 1019 2629 sit
1047 2592 1173 2630 forma
1195 2592 1410 2635 substan-15

297 2645 393 2683 tialis
421 2646 586 2692 alterius,
616 2646 697 2683 duo
735 2645 996 2695 requiruntur.
1027 2646 1212 2693 Quorum
1245 2658 1372 2683 unum

298 2707 364 2745 est,
394 2708 435 2737 ut
462 2699 588 2737 forma
616 2698 662 2736 sit
689 2699 925 2759 principium
954 2699 1107 2736 essendi
1142 2699 1372 2737 substantia-

298 2752 381 2789 liter
408 2752 443 2790 ei
471 2753 583 2790 cuius
602 2761 659 2790 est
686 2753 830 2790 forma:
860 2752 1098 2802 principium
1118 2760 1251 2790 autem
1271 2752 1372 2800 dico,

298 2817 379 2843 non
406 2805 603 2852 factivum,
639 2806 708 2843 sed
742 2805 914 2852 formale,
950 2817 1031 2855 quo
1067 2805 1212 2855 aliquid
1246 2813 1302 2843 est
1336 2814 1374 2843 et

298 2859 575 2896 denominatur
611 2871 686 2897 ens.
726 2859 839 2896 Unde
877 2858 1051 2908 sequitur
1083 2858 1199 2906 aliud,
1233 2859 1414 2898 scilicet..

298 2912 406 2961 quod
434 2912 561 2950 forma
588 2920 625 2949 et
653 2912 813 2950 materia
831 2911 1068 2949 conveniant
1096 2912 1136 2949 in
1164 2924 1247 2950 uno
1267 2925 1370 2951 esse:

298 2966 407 3015 quod
435 2978 516 3003 non
544 2965 728 3014 contingit
756 2966 804 3002 de
839 2964 1030 3015 principio
1068 2966 1247 3003 effectivo
1279 2979 1372 3004 cum

299 3031 346 3056 eo
366 3018 429 3056 cui
457 3019 522 3056 dat
550 3031 645 3056 esse.
675 3020 724 3056 Et
752 3019 829 3056 hoc
857 3030 940 3055 esse
969 3026 1025 3055 est
1043 3018 1083 3055 in
1102 3031 1183 3068 quo
1203 3019 1372 3057 subsistit

299 3071 512 3110 substantia
538 3072 771 3132 composita,
809 3083 910 3122 quae
948 3079 1004 3110 est
1037 3083 1116 3109 una
1153 3073 1371 3110 secundum

1484 1850 1614 1886 Potest
1642 1857 1773 1887 autem
1811 1848 1928 1887 obiici
1964 1850 2075 1898 quod
2112 1849 2325 1888 substantia
2361 1850 2506 1889 intelle-

1429 1901 1563 1938 ctualis
1591 1914 1675 1939 esse
1703 1914 1823 1939 suum
1850 1902 2034 1939 materiae
2062 1903 2254 1952 corporali
2286 1903 2506 1942 communi-

1429 1965 1516 1991 care
1545 1966 1627 1991 non
1655 1954 1788 2003 possit,
1826 1962 1869 1991 ut
1906 1954 1953 1991 sit
1989 1967 2116 1993 unum
2154 1967 2238 1993 esse
2270 1956 2506 1994 substantiae

1430 2006 1694 2044 intellectualis
1722 2014 1759 2045 et
1786 2007 1971 2045 materiae
1999 2008 2229 2058 corporalis:
2259 2008 2506 2048 diversorum

1430 2059 1536 2097 enim
1563 2071 1752 2108 generum
1781 2068 1838 2098 est
1874 2061 2052 2098 diversus
2089 2061 2233 2100 modus
2270 2061 2440 2110 essendi;
2468 2070 2507 2100 et

1429 2112 1630 2151 nobilioris
1658 2113 1893 2152 substantiae
1922 2114 2092 2152 nobilius
2119 2127 2215 2153 esse.

1483 2167 1571 2204 Hoc
1599 2174 1732 2204 autem
1759 2167 2038 2206 convenienter
2072 2168 2266 2206 diceretur
2296 2169 2327 2207 si
2362 2168 2506 2207 eodem

1430 2220 1553 2257 modo
1581 2219 1675 2258 illud
1703 2232 1787 2258 esse
1807 2220 1990 2259 materiae
2009 2229 2109 2259 esset
2127 2221 2226 2260 sicut
2244 2230 2301 2259 est
2328 2222 2505 2261 substan—

1428 2271 1502 2310 tiae
1531 2273 1805 2311 intellectualis.
1836 2275 1930 2311 Non
1959 2281 2015 2312 est
2043 2282 2175 2313 autem
2204 2274 2265 2313 ita.
2301 2275 2370 2313 Est
2397 2274 2504 2314 enim

1429 2326 1612 2364 materiae
1641 2326 1852 2377 corporalis
1880 2335 1922 2365 ut
1949 2327 2168 2378 recipientis
2196 2336 2233 2366 et
2265 2328 2427 2367 subiecti
2453 2327 2503 2367 ad

1428 2379 1574 2429 aliquid
1603 2380 1715 2417 altius
1743 2380 1897 2418 elevati:
1927 2381 2163 2419 substantiae
2195 2389 2327 2420 autem
2359 2381 2504 2420 intelle·

1427 2433 1561 2470 ctualis
1589 2440 1631 2470 ut
1662 2433 1852 2483 principii,
1891 2442 1927 2472 et
1963 2434 2182 2472 secundum
2219 2435 2400 2485 propriae
2436 2447 2504 2473 na-

1426 2493 1536 2523 turae
1564 2486 1870 2535 congruentiam.
1904 2487 2012 2525 Nihil
2050 2487 2164 2536 igitur
2199 2488 2381 2539 prohibet
2412 2488 2504 2527 sub·

1428 2539 1607 2577 stantiam
1653 2539 1949 2578 intellectualem
1996 2553 2079 2578 esse
2120 2541 2289 2580 formam
2330 2541 2505 2592 corporis
2557 2570 2560 2573 -

1427 2592 1603 2639 humani,
1632 2605 1734 2643 quae
1763 2601 1819 2630 est
1847 2593 1977 2632 anima
2006 2595 2193 2632 humana.

1481 2647 1570 2683 Hoc
1597 2654 1729 2684 autem
1765 2647 1887 2684 modo
1922 2647 2108 2685 mirabilis
2143 2660 2275 2686 rerum
2310 2647 2504 2687 connexio

1428 2699 1664 2737 considerari
1692 2707 1829 2760 potest.
1861 2700 2027 2751 Semper
2059 2701 2165 2739 enim
2193 2701 2391 2739 invenitur
2417 2701 2504 2739 infi-

1428 2764 1541 2790 mum
1569 2752 1742 2813 supremi
1770 2753 1921 2802 generis
1949 2753 2172 2803 contingere
2191 2766 2424 2805 supremum
2447 2754 2504 2792 in-

1427 2805 1575 2843 ferioris
1602 2805 1768 2854 generis:
1799 2805 1896 2844 sicut
1915 2807 2110 2856 quaedam
2130 2806 2267 2845 infima
2295 2807 2335 2844 in
2363 2819 2503 2857 genere

1428 2858 1657 2897 animalium
1698 2871 1840 2910 pamm
1878 2860 2071 2898 excedunt
2108 2860 2228 2899 vitam
2269 2861 2503 2911 plantarum,

1428 2912 1526 2950 sicut
1553 2920 1691 2959 ostrea,
1721 2925 1822 2963 quae
1851 2921 1942 2950 sunt
1968 2913 2196 2960 immobilia,
2225 2922 2263 2953 et
2290 2915 2421 2952 solum
2448 2921 2503 2953 ta-

1427 2973 1534 3004 ctum
1572 2967 1727 3012 habent,
1766 2974 1803 3003 et
1839 2974 1961 3004 terrae
1999 2966 2038 3004 in
2076 2968 2244 3005 modum
2280 2969 2503 3018 plantarum

1427 3019 1735 3080 adstringuntur;
1770 3020 1877 3057 unde
1913 3027 1950 3057 et
1983 3019 2120 3058 beatus
2154 3020 2368 3071 Dionysius
2400 3020 2502 3068 dicit,

1427 3073 1467 3110 in
1495 3085 1541 3110 vu
1564 3084 1648 3122 cap.
1673 3073 1720 3110 de
1736 3073 1822 3111 Div.
1843 3073 1998 3111 Nom*
1998 3103 2008 3120 ,
2028 3074 2137 3124 quod
2165 3075 2293 3113 divina
2319 3074 2538 3124 sapientia'

300 3137 394 3171 esse,
414 3137 462 3163 ex
490 3125 651 3163 materia
669 3133 707 3163 et
724 3125 850 3163 forma
869 3132 1061 3163 constans.
1083 3146 1106 3153 —
1127 3126 1220 3163 Non
1240 3134 1398 3164 autema
1387 3127 1622 3176 ,xconiungit
1637 3127 1743 3176 fines
1772 3128 2010 3176 superiorum
2033 3129 2231 3178 principiis
2263 3127 2499 3176 inferiorum.

300 3177 510 3228 impeditur
537 3178 750 3216 substantia
768 3177 1042 3224 intellectualis,
1060 3190 1132 3228 per
1160 3180 1236 3216 hoc
1263 3180 1372 3229 quod
1427 3180 1495 3217 Est
1522 3178 1636 3227 igitur
1663 3179 1838 3229 accipere
1866 3179 2013 3230 aliquid
2032 3192 2266 3231 supremum
2293 3180 2333 3217 in
2359 3190 2500 3228 genere

300 3239 356 3268 est
383 3231 611 3278 subsistens,
648 3240 692 3269 ut
723 3231 934 3282 probatum
970 3239 1027 3268 est
1039 3231 1070 3277 ³¹³,
1100 3244 1183 3269 esse
1210 3233 1371 3270 formale
1426 3244 1651 3282 corporum,
1681 3232 1822 3270 scilicet
1855 3245 1999 3284 corpus
2033 3236 2256 3273 humanum
2290 3231 2501 3282 aequaliter

300 3284 534 3334 principium
572 3285 723 3322 essendi
761 3284 956 3331 materiae,
989 3284 1114 3345 quasi
1136 3297 1218 3322 esse
1254 3298 1372 3323 suum
1427 3286 1797 3347 complexionatum,
1825 3287 1935 3336 quod
1963 3287 2110 3337 attingit
2141 3287 2190 3325 ad
2224 3285 2408 3323 infimum
2436 3298 2499 3324 su—

301 3337 596 3375 communicans
624 3338 818 3375 materiae.
848 3339 942 3375 Non
970 3346 1027 3375 est
1054 3337 1160 3375 enim
1188 3338 1371 3376 inconve-
1426 3338 1588 3389 perioris
1615 3339 1776 3388 generis,
1805 3340 1946 3378 scilicet
1979 3341 2030 3378 ad
2064 3339 2237 3379 animam
2269 3339 2499 3385 humanam,

301 3390 411 3427 niens
430 3391 539 3440 quod
557 3391 663 3429 idem
683 3391 728 3428 sit
752 3403 835 3430 esse
855 3391 894 3428 in
914 3403 995 3441 quo
1014 3390 1183 3428 subsistit
1210 3403 1371 3452 compo·
1388 3411 1413 3432 ,ο
1427 3404 1528 3443 quae
1557 3400 1660 3430 tenet
1687 3392 1870 3430 ultimum
1904 3393 2070 3442 gradum
2106 3392 2146 3430 in
2180 3403 2320 3440 genere
2355 3391 2499 3430 intelle-

302 3442 418 3480 situm
446 3452 483 3481 et
510 3444 635 3482 forma
664 3444 764 3494 ipsa:
803 3457 896 3482 cum
924 3443 1188 3494 compositum
1216 3457 1298 3482 non
1326 3445 1372 3483 sit
1426 3445 1614 3483 ctualium
1642 3445 1955 3493 substantiarum,
1975 3453 2018 3484 ut
2045 3457 2092 3483 ex
2115 3445 2237 3483 modo
2266 3444 2499 3494 intelligendi

301 3495 374 3532 nisi
392 3509 462 3545 per
479 3497 657 3543 formam,
673 3510 745 3535 nec
759 3510 937 3536 seorsum
952 3505 1164 3547 utrumque
1179 3498 1368 3536 subsistat
1426 3499 1573 3549 percipi
1607 3507 1743 3548 potest
1780 3500 1830 3537 Et
1865 3499 1956 3537 inde
1992 3506 2048 3536 est
2082 3498 2191 3547 quod
2225 3498 2357 3536 anima
2391 3498 2498 3536 intel-

358 3619 371 3644 5
392 3621 477 3646 solum
500 3621 541 3647 Ita
561 3621 702 3653 GNYZPc;
722 3630 774 3647 non
794 3623 880 3648 solum
899 3623 922 3654 b,
942 3622 992 3648 11111
1011 3623 1098 3648 solum
1116 3622 1207 3648 ceteri.
1300 3630 1333 3657 ¹9
1352 3622 1482 3657 factivum]
1503 3623 1649 3649 effectivum
1667 3623 1716 3649 Pd.
1809 3621 1842 3647 28
1861 3629 1939 3647 suum
1957 3629 2000 3647 om
2020 3621 2104 3652 oeWX,
2124 3630 2258 3648 summum
2278 3623 2311 3648 G.

356 3654 372 3679 8
391 3655 457 3681 sicut
476 3661 516 3681 est
536 3657 577 3682 Ita
602 3657 708 3689 DNYZ;
735 3659 801 3683 sicut
824 3665 884 3683 esse
906 3658 996 3683 ceteri.
1107 3665 1138 3683 12
1159 3658 1305 3683 secundum
1325 3658 1445 3691 propriae
1468 3664 1575 3684 naturae
1598 3656 1805 3692 congruentiam]
1828 3657 1948 3691 propriae
1972 3662 2078 3682 naturae
2097 3664 2267 3692 congruenter
2286 3658 2447 3692 (congruenti
2466 3658 2498 3692 Z)

304 3689 406 3715 GNYZ.
497 3698 529 3724 17
548 3693 703 3718 considerari
722 3692 818 3726 potest]
837 3693 967 3719 invenitur
984 3693 1087 3719 GNYZ.
1179 3693 1211 3718 23
1231 3693 1435 3727 adstringuntur]
1455 3693 1595 3727 affiguntur
1612 3694 1689 3720 ΥΖΡ.
1779 3692 1812 3718 26
1831 3699 1986 3726 supremum
2004 3700 2047 3718 om
2066 3692 2114 3718 Pa.

2552 3078 2578 3102 S.
2592 3077 2638 3102 n.
2652 3079 2707 3103 leet.
2718 3085 2746 3107 4,
