2768 4134
40 2450 52 2462 a

117 2448 170 2471 lait-
185 2447 257 2472 Con-

762 280 951 318 SUMMA
980 279 1202 317 CONTRA
1230 280 1504 327 GENTnAEs,
1533 284 1689 328 LIB.11,
1721 283 1831 321 CAP.
1852 276 2022 323 Lxxlv.

289 356 460 399 prehendit
482 357 517 388 in
540 363 625 393 actu,
650 357 730 388 dum
752 367 787 388 se
809 357 850 389 ad
872 357 1061 389 huiusmodi
1088 358 1256 388 thesauros
1284 367 1363 388 con-

289 403 392 433 vertit.
408 420 431 424 —
447 401 630 433 Intellectus
653 407 763 433 autem
786 408 835 433 est
856 403 956 433 virtus
979 402 1226 443 apprehensiva;
1243 407 1276 432 et
1293 411 1362 432 non

289 447 386 477 habet
409 456 568 488 organum
591 455 798 487 corporeum.

346 491 432 522 Dicit
466 491 572 527 tertio,
603 490 695 531 quod
726 490 1004 531 quandocumque
1034 491 1243 531 intelligimus
1276 496 1361 527 actu,

288 534 395 566 fluunt
418 536 542 575 species
563 535 796 566 intellectuales
811 535 846 566 in
868 535 1070 566 intellectum
1090 535 1279 576 possibilem
1301 544 1362 565 no-

288 586 391 611 strum
421 580 461 610 ab
495 579 662 610 intellectu
693 585 828 620 agente,
859 589 959 620 quern
993 581 1062 621 ipse
1092 579 1256 620 quandam
1286 580 1362 610 sub-

287 625 437 656 stantiam
459 629 638 664 separatam
660 625 765 664 ponit.
787 624 863 655 Hoc
886 629 996 655 autem
1019 624 1169 661 ostendit,
1194 625 1270 664 quia
1292 633 1361 655 non

288 678 463 709 possumus
494 668 600 699 dicere
623 667 715 708 quod
737 669 861 708 species
891 669 1010 709 quibus
1036 674 1111 700 actu
1140 669 1360 709 intelligimus,

288 717 521 744 conserventur
542 713 576 743 in
600 722 724 753 organo
740 713 912 753 corporali,
935 714 1003 744 sive
1024 714 1059 744 in
1081 714 1199 744 virtute
1221 713 1361 744 habente

288 766 462 798 organum:
483 757 561 797 quia
583 757 662 787 tales
685 757 809 788 formae
833 763 909 788 sunt
931 758 1146 798 intelligibiles
1161 759 1195 788 in
1214 758 1361 798 potentia

286 807 424 833 tantum.
447 801 517 832 Nec
540 801 639 832 etiam
661 801 753 842 quod
775 802 839 832 sint
858 812 916 843 per
939 811 974 832 se
989 803 1208 839 subsistentes,
1224 802 1265 833 ad
1280 811 1360 843 quas

287 851 495 886 comparetur
516 846 700 877 intellectus
721 852 832 877 noster
854 847 938 877 sicut
952 847 1122 887 speculum
1139 846 1179 877 ad
1201 856 1252 877 res
1275 856 1360 887 quae

286 890 437 921 videntur
458 890 494 920 in
508 890 660 931 speculo:
681 891 758 931 quia
773 891 853 922 haec
869 897 917 922 est
932 891 1046 932 opinio
1062 891 1216 927 Platonis,
1232 891 1272 921 ab
1287 891 1360 921 Ari-

285 935 400 966 stotele
415 935 595 975 reprobata.
612 935 819 975 Relinquitur
834 944 912 975 ergo
927 940 964 966 ut
985 934 1088 966 fluant
1102 936 1135 966 in
1158 935 1360 966 intellectum

286 979 326 1010 ab
349 979 461 1020 aliquo
483 984 600 1019 agente
622 985 780 1020 separato.

341 1023 429 1055 Dicit
451 1029 579 1064 quarto,
593 1023 686 1064 quod
708 1023 886 1055 differentia
909 1029 957 1054 est
978 1025 1062 1054 inter
1088 1024 1258 1054 hominem
1282 1034 1358 1055 cum

284 1068 392 1109 primo
415 1067 559 1104 addiscit,
579 1073 612 1098 et
633 1077 710 1099 curn
731 1067 944 1109 postmodum
965 1068 1034 1099 vult
1055 1067 1258 1100 considerare
1275 1078 1359 1109 quae

284 1113 376 1153 prius
399 1112 525 1143 didicit:
554 1113 642 1153 quia,
668 1122 746 1143 cum
777 1112 941 1143 addiscere
966 1113 1047 1143 nihil
1079 1112 1166 1144 aliud
1192 1114 1234 1144 sit
1257 1123 1357 1154 quarn

285 1158 457 1198 acquirere
477 1157 661 1198 perfectam
686 1157 907 1188 habitudinem
934 1157 1158 1199 coniungendi
1179 1167 1215 1188 se
1239 1158 1359 1189 intelli-

283 1202 418 1243 gentiae
428 1202 541 1243 agenti
552 1201 596 1231 ad
607 1201 828 1243 recipiendum
844 1202 885 1232 ab
897 1211 936 1232 ea
943 1203 1097 1244 formam
1109 1202 1357 1244 intelligibilem,

285 1251 360 1277 ame
381 1245 545 1277 addiscere
567 1251 616 1276 est
637 1246 671 1276 in
694 1246 829 1277 homine
851 1246 939 1278 nuda
957 1247 1103 1287 potentia
1126 1246 1166 1278 ad
1188 1247 1287 1278 talem
1309 1256 1358 1278 re—

284 1291 473 1331 ceptionem
495 1290 634 1329 formae;
654 1296 730 1331 post
753 1290 916 1322 addiscere
931 1301 1020 1328 vero,
1037 1297 1085 1322 est
1107 1292 1190 1322 sicut
1212 1293 1359 1332 potentia

282 1334 450 1376 dispesitis
462 1338 495 1365 et
516 1334 675 1375 adaptata.

338 1379 451 1410 Potest
472 1380 553 1410 haec
568 1380 683 1420 opinio
699 1379 894 1416 confimari,
911 1381 988 1420 quia
1006 1380 1206 1417 Aristoteles,
1221 1381 1256 1411 in
1274 1381 1357 1412 libro

283 1423 512 1456 dae'Memor-ia
539 1429 571 1455 et
599 1424 864 1460 Reminiscentia,
895 1425 1037 1456 ostendit
1066 1425 1260 1456 memoriam
1289 1435 1359 1456 non

284 1477 355 1500 ease
376 1469 412 1501 in
433 1474 525 1510 parte
539 1468 745 1506 intellectiva,
761 1468 818 1500 sed
832 1469 867 1500 in
889 1475 980 1510 parte
1002 1470 1168 1500 sensitiva:
1188 1475 1220 1500 et
1242 1471 1288 1500 sic
1310 1470 1358 1500 vi-

283 1512 379 1544 detur
400 1513 493 1554 quod
514 1522 705 1544 conservare
720 1514 845 1554 species
866 1514 1083 1555 intelligibiles
1106 1514 1147 1545 ad
1168 1519 1294 1555 partem
1309 1515 1358 1545 in-

282 1557 478 1590 tellectivam
500 1567 570 1588 non
594 1558 762 1598 pertineat.

336 1611 374 1633 2.
389 1601 454 1632 Pro
481 1602 543 1632 hac
564 1602 751 1633 Avicennae
781 1602 949 1642 opinione,
979 1602 1222 1638 advertendum,
1253 1612 1292 1633 ex
1319 1603 1358 1633 iis

283 1654 369 1687 quae
382 1646 544 1677 habentur
556 1647 597 1676 ab
611 1647 685 1686 ipso
701 1647 736 1677 in
751 1646 875 1684 Quinta
890 1646 983 1677 Parte
997 1646 1091 1677 Sexti
1106 1647 1321 1678 Naturalium
1329 1649 1356 1684 *,

281 1690 375 1732 quod
396 1691 599 1731 comparatio
618 1691 849 1731 intelligentiae
871 1690 976 1722 dantis
998 1690 1119 1722 formas
1141 1692 1357 1732 intelligibiles

281 1734 323 1767 ad
344 1735 469 1766 animas
490 1740 626 1772 nostras,
643 1740 691 1767 est
713 1736 798 1766 sicut
812 1736 1013 1776 comparatio
1029 1736 1107 1767 solis
1123 1736 1164 1767 ad
1186 1736 1273 1767 visus
1296 1745 1358 1767 no-

281 1785 374 1811 uos.
397 1779 440 1811 Et
462 1779 549 1816 ideo,
565 1780 650 1810 sicut
666 1779 740 1811 luce
761 1779 840 1811 solis
862 1780 990 1811 videtur
1011 1781 1046 1811 in
1064 1786 1139 1812 actu
1154 1780 1246 1821 quod
1268 1781 1357 1821 prius

280 1824 413 1855 inacta
435 1833 505 1855 non
526 1823 706 1861 videbatur,
722 1825 766 1855 ita
787 1824 1000 1865 intelligentia
1021 1826 1145 1856 animas
1167 1832 1293 1856 nostras
1316 1825 1357 1857 de

280 1869 429 1910 potentia
450 1869 486 1899 in
508 1874 618 1899 actum
641 1868 751 1900 educit
773 1878 831 1909 per
846 1869 1094 1900 illustrationem
1109 1869 1228 1900 factam
1250 1870 1284 1900 in
1306 1871 1357 1901 in-

280 1913 511 1954 oelligibilibus,
526 1918 564 1944 ut
586 1918 661 1944 actu
683 1913 840 1954 intelligat
855 1913 946 1954 quod
968 1914 1059 1954 prius
1073 1919 1148 1944 actu
1170 1924 1239 1945 non
1262 1914 1356 1944 intel-

281 1958 410 1998 ligebat.
434 1958 477 1988 Et
498 1957 583 1988 sicut
595 1967 665 1988 non
680 1957 768 1988 videt
781 1958 870 1988 visus
884 1963 996 1989 noster
1017 1958 1079 1988 nisi
1101 1957 1143 1989 ad
1165 1958 1242 1989 solis
1263 1967 1356 1998 prae-

282 2003 430 2038 sentiam,
454 2012 473 2032 a
496 2010 565 2042 quo
587 2002 701 2032 lumen
724 2001 835 2039 effluit,
852 2008 908 2033 aut
924 2002 966 2033 ad
987 2003 1202 2043 praesentiam
1225 2003 1355 2034 alterius

281 2046 382 2078 lucidi
403 2047 510 2078 vicem
533 2046 604 2077 eius
625 2046 780 2087 gerentis-3
803 2047 848 2077 ita
870 2056 938 2077 non
961 2047 1171 2088 intelligimus
1195 2052 1269 2078 actu
1294 2048 1356 2078 nisi

282 2091 363 2123 flum
385 2092 509 2132 species
527 2090 743 2131 intelligibiles
760 2090 898 2122 effluunt
915 2092 955 2121 ab
971 2091 1183 2132 intelligentia
1204 2093 1239 2122 in
1262 2092 1355 2122 intel-

282 2136 405 2168 lectum
419 2135 619 2176 possibilem.
635 2136 712 2166 Non
727 2135 829 2166 effluit
844 2141 954 2167 autem
969 2135 1075 2166 forma
1090 2137 1129 2167 ab
1145 2136 1356 2176 intelligentia

282 2182 318 2212 in
327 2180 530 2212 intellectum
545 2179 734 2220 possibilem
749 2180 811 2210 nisi
826 2181 860 2210 in
878 2180 973 2211 nobis
990 2180 1084 2211 fuerit
1100 2181 1245 2221 potentia
1264 2190 1356 2220 prae-

281 2230 392 2266 parata
414 2224 455 2255 ad
471 2225 541 2255 eius
563 2225 816 2264 susceptionem,
833 2233 891 2265 per
906 2233 1006 2264 quam
1022 2226 1301 2266 praeparationem
1320 2225 1357 2255 fit

281 2270 396 2302 habilis
419 2269 461 2300 ad
476 2269 745 2300 coniunctionem
761 2278 838 2299 cum
852 2269 1064 2309 intelligentia
1080 2275 1206 2310 agente.
1222 2269 1264 2300 Et
1279 2271 1356 2310 quia

282 2315 348 2346 hoc
369 2313 407 2345 fit
429 2323 488 2355 per
503 2318 612 2344 actum
628 2313 825 2350 addiscendi,
841 2312 916 2344 ideo
932 2314 1039 2354 inquit
1062 2314 1154 2354 quod
1172 2319 1247 2354 post
1267 2313 1357 2344 addi-

282 2368 372 2391 scere
404 2365 452 2389 est
480 2359 514 2389 in
545 2358 679 2389 homine
702 2358 852 2399 potentia
881 2358 1039 2399 adaptata
1069 2359 1113 2389 ad
1142 2359 1356 2399 receptionem

273 2405 414 2447 somnae
436 2403 662 2444 intelligibilis.

339 2448 378 2479 11.
402 2447 572 2486 Quantum
595 2446 636 2478 ad
658 2446 840 2478 secundum
852 2447 880 2483 ⁹,
895 2448 1040 2488 arguitur
1061 2453 1175 2478 contra
1198 2448 1282 2478 hanc
1297 2457 1356 2488 po-

283 2493 436 2525 sitionem
458 2492 690 2532 multipliciter.

339 2537 462 2568 Primo.
487 2536 575 2574 Quia
597 2546 636 2567 ex
658 2537 719 2567 hac
739 2536 910 2578 opinione,
934 2537 1018 2567 sicut
1043 2546 1083 2567 ex
1106 2537 1263 2577 opinione
1286 2536 1358 2567 Pla-

284 2582 382 2618 tonis,
405 2581 551 2622 sequitur
573 2580 666 2621 quod
687 2580 821 2611 scientia
835 2585 946 2612 nostra
960 2590 1030 2612 non
1053 2586 1202 2612 causetur
1226 2591 1264 2612 ex
1284 2590 1357 2611 sen-

285 2625 540 2667 sibilibus.1·loc
557 2631 666 2656 autem
689 2624 806 2656 falsum
823 2634 892 2656 esse
910 2630 1043 2666 apparet
1058 2626 1123 2656 hoc
1146 2626 1249 2666 signo,
1267 2624 1358 2666 quod

286 2671 344 2712 qui
366 2672 454 2702 caret
474 2670 586 2710 aliquo
602 2679 709 2706 sensu,
729 2675 815 2700 caret
829 2670 964 2701 scientia
982 2669 1183 2701 sensibilium
1199 2679 1284 2710 quae
1300 2679 1358 2711 per

285 2715 379 2746 iilum
401 2723 535 2751 sensum
557 2720 811 2754 cognoscuntur.
834 2714 922 2755 Ergo
946 2720 1006 2745 etc.

342 2759 376 2790 Si
400 2758 524 2790 dicatur
546 2758 638 2799 quod
660 2759 772 2799 aliquo
787 2758 890 2789 modo
906 2768 945 2789 ex
960 2759 1164 2790 sensibilibus
1179 2759 1357 2799 dependet:

286 2805 365 2844 quia
386 2813 445 2844 per
459 2804 524 2834 hoc
540 2803 632 2843 quod
652 2803 836 2834 intellectus
851 2803 1012 2844 possibilis
1034 2804 1164 2844 inspicit
1187 2804 1358 2844 singularia

287 2846 371 2889 quae
383 2849 459 2878 sunt
470 2848 505 2878 in
515 2847 757 2887 imaginatione,
769 2847 946 2879 illustratur
957 2847 1030 2879 luce
1042 2847 1224 2879 intellectus
1235 2849 1358 2888 agentis

286 2892 328 2924 ad
350 2891 618 2933 cognoscendum
647 2892 843 2929 universale3
867 2897 900 2922 et
928 2893 1005 2933 quia
1032 2893 1176 2923 actiones
1203 2893 1359 2933 imagina—

286 2938 395 2974 tionis,
419 2937 651 2967 memorativae
669 2942 702 2967 et
724 2937 914 2976 cogitativae
933 2942 1044 2977 aptant
1059 2937 1200 2968 animam
1225 2937 1264 2967 ad
1279 2937 1359 2968 reci-

287 2981 446 3023 piendum
461 2982 702 3012 emanationem
717 2981 965 3021 intelligentiae:
982 2999 1004 3003 —
1019 2982 1083 3012 hoc
1107 2987 1154 3012 est
1176 2991 1312 3018 novum,
1329 2987 1360 3012 et

287 3026 461 3057 verisimile
483 3035 553 3056 non
575 3025 714 3056 videtur.
739 3025 826 3063 Quia
840 3025 989 3056 videmus
1008 3025 1100 3066 quod
1122 3027 1229 3056 anima
1251 3031 1360 3056 nostra

286 3076 378 3102 tanto
402 3071 504 3111 magis
528 3070 711 3110 disponitur
725 3069 767 3100 ad
789 3069 1013 3110 recipiendum
1029 3080 1047 3101 a
1062 3071 1246 3101 substantiis
1269 3080 1360 3111 sepa-

287 3116 374 3152 ratis,
397 3121 521 3156 quanto
544 3115 647 3155 magis
670 3125 689 3146 a
712 3114 916 3145 sensibilibus
943 3120 975 3145 et
1005 3115 1228 3155 corporalibus
1254 3124 1362 3145 remo-

288 3166 397 3191 vetur:
421 3170 480 3201 per
501 3160 666 3191 recessum
682 3159 770 3190 enim
785 3159 825 3189 ab
841 3166 882 3189 eo
904 3159 995 3199 quod
1018 3165 1066 3190 est
1080 3159 1173 3195 infra,
1198 3159 1362 3190 acceditur

289 3204 330 3236 ad
352 3204 386 3235 id
409 3204 501 3245 quod
524 3210 572 3235 est
594 3214 700 3244 supra.

345 3249 394 3280 Ex
416 3250 480 3280 hoc
505 3249 674 3280 corollarie
703 3248 849 3288 sequitur
879 3247 970 3288 quod
1002 3248 1092 3278 Plato
1116 3247 1257 3278 radicem
1283 3257 1361 3278 suae

289 3294 463 3334 positionis
485 3294 601 3324 melius
617 3299 665 3324 est
688 3298 890 3333 prosecutus,
907 3293 964 3332 qui
987 3293 1098 3332 posuit
1115 3292 1278 3322 sensibilia
1293 3302 1362 3323 esse

289 3338 400 3369 solum
422 3339 592 3369 excitantia
622 3337 823 3368 intellectum
853 3336 894 3367 ad
925 3336 1220 3367 considerationem
1249 3346 1364 3367 eorum

290 3392 433 3423 quorum
445 3384 612 3414 scientiam
623 3382 762 3413 habebat
773 3382 812 3412 ab
823 3382 971 3412 exteriori
983 3386 1161 3417 causatam;
1173 3390 1243 3411 non
1254 3386 1363 3411 autem

291 3436 361 3457 esse
373 3426 578 3467 disponentia
589 3428 731 3458 animam
743 3426 784 3457 ad
793 3425 1015 3466 recipiendum
1027 3424 1229 3456 influentiam
1245 3424 1363 3456 forma·

290 3481 365 3502 rum
377 3470 605 3512 separatarum.
630 3471 717 3503 Cum
734 3472 822 3502 enim
837 3471 1032 3501 substantiae
1047 3475 1211 3510 separatae
1226 3470 1290 3500 sint
1304 3470 1365 3500 im-

290 3516 430 3547 mobiles
441 3516 474 3546 et
488 3525 617 3557 semper
632 3516 750 3547 eodem
762 3515 863 3547 modo
875 3525 910 3546 se
921 3515 1085 3550 habentes,
1099 3523 1237 3554 semper,
1249 3523 1365 3544 secun-

291 3560 371 3591 dum
389 3570 476 3597 eum,
492 3562 532 3591 ab
545 3562 590 3592 eis
605 3561 789 3601 resplendet
804 3561 937 3591 scientia
951 3568 1058 3590 rerum
1073 3559 1107 3589 in
1123 3559 1230 3588 anima
1245 3563 1364 3588 nostra.

350 3614 381 3636 2.
404 3604 547 3636 Adverte
570 3605 661 3646 quod
676 3606 767 3636 aliter
779 3604 983 3645 loquendum
999 3609 1047 3634 est
1062 3602 1102 3633 de
1127 3603 1235 3633 anima
1256 3608 1366 3633 nostra

293 3649 320 3679 si
342 3658 504 3689 ponamus
520 3659 602 3686 eam,
618 3650 736 3681 virtute
759 3649 940 3680 intellectus
956 3649 1077 3689 agentis
1092 3648 1127 3677 in
1145 3647 1214 3687 ipsa
1230 3647 1366 3677 existen·-

2413 298 2485 334 471

1418 359 1467 395 tis,
1492 370 1510 389 a
1533 361 1736 392 sensibilibus
1759 362 1926 393 scientiam
1949 364 2111 404 accipere:
2136 369 2167 394 et
2183 364 2272 396 aliter
2294 366 2321 395 si
2344 364 2489 396 dicamus

1418 412 1490 434 earn
1506 405 1673 435 scientiam
1689 406 1727 435 ab
1744 406 1951 446 intelligentia
1967 408 2122 438 abstracta
2144 417 2202 448 per
2217 409 2488 441 illuminationem

1416 447 1598 478 intellectus
1614 449 1771 488 accipere,
1783 455 1820 480 ut
1834 450 1926 482 Plato
1942 452 2045 482 voluit
2061 458 2092 482 et
2107 453 2283 484 Avicenna.
2297 453 2384 485 Cum
2400 456 2487 486 enim

1417 491 1524 522 anima
1553 498 1662 522 nostra
1692 493 1799 523 media
1828 495 1868 524 sit
1898 495 1980 525 inter
2009 496 2235 536 intelligentias
2261 498 2431 529 abstractas
2454 504 2487 530 et

1417 535 1588 572 sensibilia,
1613 541 1726 576 utpote
1749 538 1886 568 existens
1917 549 2012 579 supra
2042 540 2189 572 ordinem
2216 542 2414 573 sensibilium
2437 544 2485 574 in-

1417 585 1575 619 quantum
1599 589 1668 610 non
1687 582 1971 621 comprehenditur
1986 594 2003 613 a
2019 586 2160 621 materia,
2185 592 2221 615 ut
2243 587 2388 626 superius
2401 588 2418 604 ⁴*
2439 594 2486 618 est

1417 629 1596 660 ostensum,
1621 630 1652 654 et
1681 625 1818 655 existens
1845 625 1927 656 infra
1957 627 2103 658 ordinem
2129 629 2412 670 intelligentiarum
2434 633 2484 663 in-

1416 674 1576 708 quantum
1599 674 1647 698 est
1670 667 1775 699 forma
1797 670 1954 710 corporis,
1978 671 2052 702 licet
2074 672 2114 702 ad
2143 673 2235 703 illum
2261 674 2408 706 ordinem
2431 686 2484 707 ac-

1416 712 1509 743 cedat
1531 713 1728 753 inquantum
1751 718 1799 744 est
1825 714 2057 745 immaterialis:
2087 723 2209 755 quanto
2237 719 2337 758 magis
2361 719 2484 751 accedit

1415 757 1456 787 ad
1479 767 1583 788 unum
1598 757 1731 788 illorum
1747 763 1976 795 extremorum,
2000 765 2129 798 oportet
2152 766 2188 790 ut
2210 766 2299 792 tanto
2322 765 2423 803 magis
2443 765 2483 795 ab

1415 802 1515 832 altero
1538 802 1677 833 recedat.
1693 802 1736 833 Et
1757 802 1834 833 ideo
1849 812 1907 842 per
1930 803 1994 833 hoc
2010 803 2101 843 quod
2115 804 2238 835 accedit
2253 806 2293 836 ad
2313 808 2482 845 sensibilia,

1414 855 1473 876 sua
1495 846 1684 886 operatione
1708 846 1749 877 ad
1771 846 1826 878 illa
1848 856 1881 877 se
1905 853 2107 883 convertens,
2130 849 2231 888 magis
2255 850 2421 890 elongatur
2443 853 2482 883 ab

1413 891 1635 931 intelligentia,
1659 897 1695 922 ut
1715 891 1754 922 sit
1776 892 1884 922 minus
1907 897 1982 932 apta
2008 892 2078 922 eius
2104 891 2305 924 influentiam
2331 897 2482 936 recipere.

1413 935 1588 975 Propterea
1602 936 1685 966 bene
1701 936 1807 976 inquit
1823 935 1959 967 Sanctus
1975 936 2120 967 Thomas
2135 945 2204 966 non
2223 946 2291 968 esse
2315 940 2483 970 verisimile

1414 980 1505 1020 quod
1519 989 1578 1020 per
1593 980 1656 1011 hoc
1673 980 1764 1021 quod
1779 980 1961 1011 intellectus
1976 981 2106 1021 inspicit
2125 981 2295 1020 singularia
2311 991 2394 1022 quae
2410 989 2485 1014 sunt

1412 1025 1447 1055 in
1459 1025 1701 1065 imaginatione,
1713 1025 1888 1056 illustretur
1902 1025 2140 1056 illuminatione
2152 1025 2379 1065 intelligentiae
2394 1036 2484 1067 sepa-

1412 1075 1498 1100 ratae
1514 1069 1555 1100 ad
1570 1070 1793 1110 cognitionem
1809 1070 2010 1100 universalis:
2027 1079 2103 1099 cum
2121 1070 2310 1109 oppositum
2325 1071 2359 1101 in
2378 1072 2485 1102 anima

1412 1119 1522 1145 nostra
1529 1113 1711 1150 videamus;
1723 1124 1791 1144 non
1802 1115 1891 1145 enim
1897 1114 2032 1144 trahitur
2042 1114 2148 1144 anima
2158 1113 2198 1144 ad
2206 1116 2484 1155 participationem

1412 1159 1588 1199 superioris
1604 1158 1726 1189 ordinis
1741 1158 1804 1189 nisi
1818 1168 1876 1199 per
1888 1158 2131 1198 elongationem
2146 1159 2184 1188 ab
2200 1158 2344 1190 inferiori
2360 1160 2483 1191 ordine.

1469 1203 1534 1234 Sed
1549 1204 1576 1233 si
1590 1212 1752 1243 ponamus
1769 1203 1911 1234 animam
1922 1213 1940 1233 a
1952 1203 2154 1233 sensibilibus
2170 1203 2286 1234 virtute
2302 1204 2484 1236 intellectus

1412 1249 1535 1288 agentis
1551 1248 1719 1278 scientiam
1735 1248 1892 1287 accipere,
1908 1248 1942 1277 in
1958 1247 2148 1287 acceptione
2165 1248 2315 1279 scientiae
2330 1258 2397 1279 non
2421 1255 2483 1280 tra-

1413 1293 1500 1323 hitur
1520 1293 1628 1322 anima
1643 1291 1684 1322 ad
1700 1292 1982 1332 participationem
1998 1292 2173 1332 superioris
2189 1291 2325 1322 ordinis:
2343 1302 2418 1323 cum
2433 1294 2482 1324 in-

1412 1337 1560 1367 tellectus
1575 1345 1674 1377 agens
1689 1337 1730 1367 sit
1745 1336 1892 1367 eiusdem
1907 1336 2029 1367 ordinis
2045 1345 2121 1367 cum
2144 1336 2309 1379 intellectu
2327 1338 2482 1376 possibili,

1413 1390 1454 1412 eo
1477 1381 1569 1421 quod
1583 1386 1722 1421 uterque
1733 1376 1778 1411 'sit
1791 1382 1938 1421 potentia
1954 1381 2172 1411 immaterialis
2186 1381 2220 1411 in
2237 1382 2374 1412 essentia
2389 1381 2483 1420 dum-

1412 1431 1501 1456 taxat
1520 1426 1647 1456 animae
1662 1425 1815 1462 radicata3
1841 1431 1873 1456 et
1891 1431 2098 1465 comparetur
2119 1425 2301 1456 intellectus
2323 1435 2420 1466 agens
2443 1426 2484 1457 ad

1411 1471 1600 1510 possibilem
1626 1470 1710 1500 sicut
1736 1470 1908 1510 proprium
1929 1479 2028 1510 agens
2051 1469 2091 1500 ad
2115 1470 2283 1510 proprium
2307 1471 2480 1510 passivum,

1411 1514 1504 1555 quod
1517 1515 1552 1546 in
1574 1514 1702 1555 agendo
1718 1515 1752 1545 in
1775 1514 1976 1545 intellectum
2000 1514 2188 1555 possibilem
2204 1515 2304 1545 utitur
2327 1520 2482 1555 tanquam

1410 1560 1628 1590 instrumento
1643 1559 1822 1589 ministerio
1841 1559 2082 1599 phantasmatis,
2098 1564 2213 1599 utpote
2229 1558 2268 1589 de
2287 1559 2356 1589 eius
2380 1560 2483 1590 activa

1410 1605 1557 1644 potentia
1572 1604 1716 1644 speciem
1728 1603 1871 1634 educens
1884 1603 2130 1644 intelligibilem.
2147 1603 2224 1634 ldeo
2240 1612 2297 1643 per
2311 1603 2375 1634 hoc
2391 1603 2482 1644 quod

1411 1649 1518 1678 anima
1533 1647 1746 1688 apprehendit
1768 1648 1940 1688 singularia
1963 1653 1995 1678 et
2017 1648 2147 1688 inspicit
2162 1657 2200 1678 ea
2221 1648 2255 1678 in
2278 1648 2481 1688 phantasma->

1410 1693 1505 1728 tibus,
1522 1702 1590 1723 non
1605 1692 1782 1733 impeditur
1804 1702 1913 1732 neque
1935 1693 2104 1723 retrahitur
2119 1702 2138 1722 a
2153 1693 2362 1732 perceptione
2377 1693 2481 1723 scien-

1410 1738 1483 1773 tiae,
1506 1736 1564 1768 sed
1586 1738 1689 1777 magis
1711 1737 1855 1767 iuvatur:
1880 1738 2074 1777 inquantum
2097 1736 2259 1767 sensibilia
2282 1737 2315 1767 in
2339 1736 2394 1767 tali
2413 1745 2480 1767 esse

1409 1782 1505 1822 ponit
1515 1787 1553 1812 ut
1567 1782 1631 1812 sint
1646 1786 1720 1822 apta
1735 1781 1983 1812 illustrationem
1998 1782 2179 1812 intellectus
2195 1781 2317 1821 agentis
2329 1782 2480 1821 recipere,

1411 1833 1443 1857 et
1469 1835 1544 1856 cum
1567 1827 1640 1866 ipso
1664 1827 1698 1856 in
1720 1826 1922 1856 intellectum
1949 1826 2138 1866 possibilem
2168 1826 2310 1866 speciem
2332 1825 2481 1865 intelligi-

1410 1870 1510 1901 bilem
1532 1871 1729 1911 imprimere.
1753 1870 1795 1900 Et
1817 1879 1875 1910 per
1901 1871 1988 1901 hunc
2011 1869 2150 1900 modum
2172 1869 2353 1910 accipiendi
2375 1870 2479 1900 scien-

1409 1915 1498 1951 tiam,
1522 1924 1623 1955 quem
1649 1915 1760 1954 posuit
1788 1914 1986 1951 Aristoteles,
2011 1915 2149 1944 salvatur
2163 1914 2335 1944 necessitas
2350 1914 2480 1945 unionis

1409 1959 1537 1989 animae
1551 1963 1681 1989 nostrae
1696 1958 1736 1988 ad
1748 1968 1877 1998 corpus.
1894 1958 1987 1996 Quae
2002 1957 2183 1989 secundum
2199 1958 2397 1998 positionem
2408 1958 2479 1988 Pla-

1409 2004 1495 2034 tonis
1518 2008 1551 2033 et
1573 2003 1760 2033 Avicennae
1775 2003 1889 2033 salvari
1904 2012 1972 2033 non
1987 2007 2110 2042 potest:
2128 2007 2164 2033 ut
2187 2002 2327 2033 ostendit
2343 2001 2478 2032 Sanctus

1410 2047 1554 2078 Thomas
1577 2047 1693 2084 Prima,
1719 2056 1750 2087 q.
1768 2056 1891 2083 Lxxxw,
1907 2056 1935 2077 a.
1955 2056 1986 2085 4.

1465 2091 1516 2122 111.
1533 2091 1682 2122 Secundo
1695 2097 1808 2122 contra
1819 2090 2014 2131 praedictam
2027 2091 2225 2130 positionem
2235 2090 2386 2130 arguitur.
2399 2089 2478 2120 Esse

1407 2136 1590 2166 intellectus
1614 2136 1775 2176 possibilis
1799 2141 1846 2166 est
1865 2137 1965 2176 magis
1980 2134 2110 2165 firmum
2127 2144 2226 2175 quam
2242 2144 2311 2165 esse
2326 2134 2478 2165 materiae

1409 2180 1596 2220 corporalis.
1620 2181 1718 2220 Ergo,
1731 2190 1807 2210 cum
1819 2179 1943 2210 formae
1955 2179 2091 2210 fluentes
2103 2181 2136 2210 in
2148 2179 2314 2210 materiam
2327 2187 2479 2218 corpora-

1409 2225 1474 2255 lem
1485 2225 1525 2255 ab
1537 2225 1748 2265 intelligentia
1763 2230 1994 2255 conserventur
2008 2224 2042 2254 in
2059 2233 2106 2260 ea,
2119 2224 2224 2254 multo
2236 2224 2337 2263 magis
2349 2232 2478 2254 conser-

1408 2274 1524 2299 vantur
1546 2269 1580 2299 in
1603 2269 1769 2300 intellectu
1788 2269 1944 2309 possibili.
1966 2286 1988 2290 —
2010 2268 2102 2298 Patet
2125 2268 2367 2307 consequentia.
2391 2267 2478 2304 Quia

1410 2313 1502 2354 quod
1517 2314 1670 2353 recipitur
1691 2314 1725 2344 in
1741 2313 1863 2353 aliquo,
1880 2319 1927 2343 est
1950 2314 1983 2343 in
2000 2322 2040 2343 eo
2060 2322 2118 2352 per
2133 2311 2270 2342 modum
2285 2311 2478 2351 recipientis.

1465 2357 1605 2388 Adverte
1629 2357 1720 2398 quod
1743 2367 1812 2388 esse
1835 2357 2017 2388 intellectus
2047 2356 2208 2397 possibilis
2235 2356 2351 2386 dicitur
2378 2356 2478 2395 magis

1409 2401 1542 2432 firmum
1565 2411 1664 2442 quam
1689 2411 1757 2432 esse
1779 2402 1942 2438 materiae,
1973 2411 2041 2431 non
2070 2402 2145 2440 quia
2172 2401 2305 2431 materia
2334 2409 2479 2430 corrum-

1410 2452 1514 2487 patur,
1538 2455 1607 2476 non
1629 2451 1740 2477 autem
1762 2446 1945 2477 intellectus
1960 2446 2132 2486 possibilis,
2149 2455 2224 2476 cum
2247 2450 2423 2484 utrumque
2441 2444 2478 2475 il-,

1409 2491 1519 2522 lorum
1540 2491 1786 2531 incorruptibile
1801 2492 1856 2521 sit:
1881 2490 1937 2521 sed
1953 2491 2030 2530 quia
2045 2490 2176 2528 materia
2191 2489 2372 2519 secundum
2387 2497 2480 2519 suam

1411 2535 1583 2566 essentiam
1601 2540 1634 2566 et
1655 2540 1802 2566 naturam
1826 2540 1874 2565 est
1895 2535 2092 2575 principium
2112 2534 2296 2564 variationis
2319 2539 2351 2564 et
2378 2539 2478 2563 trans-

1410 2580 1610 2616 mutationis,
1634 2589 1702 2610 non
1726 2585 1834 2610 autem
1857 2579 2048 2610 intellectus.

1466 2623 1710 2655 Attendendum
1734 2624 1831 2654 etiam
1847 2623 1938 2664 quod
1954 2623 2130 2658 Avicenna,
2153 2622 2237 2652 sicut
2252 2622 2363 2662 posuit
2385 2620 2479 2651 intel-

1410 2669 1576 2710 ligentiam
1599 2674 1778 2709 separatam
1801 2668 1836 2698 in
1859 2668 1982 2698 animas
2004 2671 2139 2702 nostras,
2164 2675 2222 2707 per
2250 2671 2339 2696 actus
2362 2665 2479 2695 virium

1411 2714 1635 2744 sensitivamm
1658 2712 1828 2753 dispositas
1851 2718 1883 2742 et
1905 2717 2116 2752 praeparatas,
2141 2720 2270 2741 causare
2297 2709 2479 2744 scientiam

1411 2760 1456 2790 ita
1478 2759 1589 2798 posuit
1611 2758 1651 2788 ab
1677 2757 1898 2797 intelligentia,
1922 2766 2019 2797 quam
2043 2755 2190 2786 datorem
2204 2755 2399 2796 formarum
2422 2762 2479 2793 ap-

1405 2803 1520 2844 pellat,
1545 2808 1582 2833 ut
1605 2802 1721 2833 dicitur
1743 2801 1903 2836 Potentia,
1917 2810 1948 2841 q.
1964 2811 2006 2837 vr,
2031 2810 2059 2830 a.
2078 2800 2107 2836 3,
2125 2799 2247 2830 causari
2262 2798 2381 2829 formas
2404 2797 2480 2828 sub-

1411 2847 1572 2878 stantiales
1595 2848 1630 2877 in
1652 2846 1818 2877 materiam
1842 2855 1900 2886 per
1922 2846 2048 2886 agentia
2066 2844 2221 2875 naturalia
2241 2843 2280 2874 ad
2302 2842 2480 2882 susceptio-

1412 2902 1490 2923 nem
1512 2891 1690 2922 formarum
1714 2890 1913 2931 dispositam.
1930 2890 1972 2920 Et
1987 2889 2061 2920 ideo
2084 2889 2118 2919 in
2141 2889 2201 2919 hac
2216 2889 2340 2918 ratione
2363 2886 2479 2925 accipit

1413 2937 1549 2968 Sanctus
1565 2936 1711 2967 Thomas
1727 2945 1765 2966 ex
1780 2936 1851 2975 ipsa
1865 2935 2027 2975 positione
2043 2934 2239 2968 Avicennae,
2252 2931 2343 2972 quod
2358 2930 2481 2961 formae

1412 2981 1551 3012 fluentes
1574 2982 1614 3011 ab
1637 2980 1848 3020 intelligentia
1870 2980 1904 3010 in
1927 2979 2095 3009 materiam
2123 2977 2326 3017 corporalem
2350 2984 2479 3005 conser-

1413 3031 1530 3057 ventur
1551 3026 1585 3056 in
1609 3035 1656 3062 ea,
1680 3025 1802 3056 scilicet
1825 3024 1922 3054 etiam
1945 3024 1972 3054 si
1995 3028 2069 3053 actu
2091 3031 2160 3052 non
2183 3026 2367 3061 operentur.

1470 3071 1524 3101 IV.
1553 3071 1673 3100 Tertio.
1698 3070 1734 3100 ln
1758 3069 1907 3099 sensitiva
1930 3068 2116 3108 cognitione
2136 3071 2183 3096 est
2206 3064 2328 3105 aliquid
2351 3067 2480 3094 conserss

1415 3125 1493 3145 vans
1516 3115 1726 3155 apprehensa.
1751 3114 1838 3153 Ergo
1853 3112 1959 3143 multo
1983 3111 2098 3142 fortius
2120 3111 2155 3141 in
2178 3110 2365 3150 cognitione
2387 3107 2481 3138 intel-

1414 3159 1545 3190 lectiva:
1571 3168 1647 3190 curn
1670 3159 1711 3189 sit
1734 3157 1916 3199 perfectior.

1470 3202 1716 3234 Advertendum
1732 3201 1823 3242 quod
1846 3201 2076 3232 convenienter
2091 3209 2130 3230 ex
2152 3198 2267 3229 maiori
2282 3196 2482 3237 perfectione

1416 3248 1612 3288 cognitionis
1635 3247 1849 3278 intellectivae
1872 3255 1969 3285 supra
1991 3244 2185 3279 sensitivam,
2215 3242 2317 3282 arguit
2347 3241 2482 3271 Sanctus

1416 3293 1562 3322 Thomas
1585 3293 1619 3323 in
1642 3298 1732 3332 parte
1755 3290 1949 3321 intellectiva
1971 3289 2113 3328 speciem
2130 3287 2319 3318 conservari.
2336 3285 2484 3315 Nobilior

1417 3337 1505 3367 enim
1528 3337 1672 3377 cognitio
1696 3336 1853 3366 maiorem
1875 3333 2076 3364 nobilitatem
2106 3332 2270 3372 potentiae
2299 3330 2412 3370 arguit.
2442 3329 2485 3360 Et

1415 3380 1502 3417 ideo,
1526 3381 1552 3411 si
1576 3381 1721 3422 cognitio
1744 3379 1939 3410 intellectiva
1960 3376 2102 3407 nobilior
2126 3381 2173 3406 est
2201 3375 2389 3415 cognitione
2411 3382 2484 3404 sen-

1416 3425 1518 3461 sitiva,
1543 3434 1748 3465 consequens
1772 3428 1820 3454 est
1842 3428 1879 3453 ut
1900 3421 2046 3462 potentia
2065 3420 2258 3450 intellectiva
2281 3419 2321 3449 sit
2343 3418 2486 3448 nobilior

1416 3470 1577 3500 sensitiva.
1602 3469 1690 3500 Cum
1713 3477 1789 3508 ergo
1814 3467 1854 3497 ad
1876 3465 2078 3496 nobilitatem
2101 3470 2133 3494 et
2162 3463 2396 3504 perfectionem
2423 3472 2485 3503 po-

1416 3514 1536 3545 tentiae
1559 3515 1716 3554 pertineat
1739 3511 1829 3552 quod
1845 3516 1919 3541 actu
1934 3510 2050 3540 habeat
2065 3509 2203 3539 formam
2218 3517 2276 3548 per
2291 3516 2390 3547 quam
2405 3516 2486 3547 ope-

1417 3559 1479 3589 rari
1509 3559 1621 3598 possit,
1655 3558 1681 3588 si
1710 3557 1775 3586 hoc
1805 3555 1986 3585 attribuitur
2015 3553 2179 3593 potentiae
2202 3552 2382 3588 sensitivae,
2406 3550 2487 3582 dum

1418 3602 1552 3642 ponitur
1567 3603 1600 3632 in
1617 3603 1686 3642 ipsa
1701 3599 1823 3640 aliquid
1838 3607 2030 3630 conservans
2043 3597 2252 3637 apprehensa,
2264 3596 2369 3627 multo
2384 3596 2488 3636 magis

1418 3647 1483 3677 hoc
1506 3646 1720 3677 intellectivae
1743 3644 1825 3685 parti
1848 3648 1895 3674 est
1918 3641 2168 3673 attribuendum.

2514 595 2523 603 '
2537 593 2594 621 Cap.
2608 600 2691 617 axvm.
