2768 4134
0 1961 8 1976 ³

0 1989 10 2044 ξ

0 2076 9 2093 4.

0 2097 6 2113 't

50 2230 64 2241 ”
76 2229 210 2252 Sim
221 2233 266 2251 etc.

0 2649 11 2739 ξ

54 3082 69 3093 ·
81 3080 152 3104 Num.
164 3086 213 3109 ιη)
221 3097 227 3103 .

0 1047 14 1114 ὲ
57 1072 95 1087 ,ην
127 1072 161 1085 ιιι-ι
210 1080 213 1083 .

102 1158 139 1174 ,ιιιῑ
157 1165 175 1174 ,.ι
216 1161 217 1169 ³

49 1335 61 1346 ·
75 1333 147 1357 Nn..
156 1338 220 1361 ma.

52 1366 266 1402 2244.·=t12‚1,..w

75 1422 82 1438 ¹.
99 1435 102 1438 .
147 1428 168 1438 ι,
224 1412 266 1423 ·“·”
293 1430 359 1463 qun

14 1779 15 1782 ¹
109 1788 172 1804 ‚nun
190 1782 246 1809 πμ.)
262 1784 268 1791 ·

885 270 1074 308 SUMMA
1104 272 1327 312 CONTRA
1355 276 1630 326 GENTlLES,
1663 280 1773 318 CAP.
1799 283 1916 319 LXV.

352 346 388 378 Si
410 346 535 377 dicatur
563 347 654 388 quod
682 349 763 379 ratio
795 347 934 379 adducta
963 358 1023 388 pro
1054 349 1109 380 illa
1138 353 1373 390 propositione,

297 392 374 432 quia
397 391 518 422 scilicet
541 401 645 433 agens
668 397 715 423 est
738 393 879 424 nobilius
890 393 1036 433 patiente
1051 399 1083 424 et
1098 399 1183 430 acto,
1200 396 1244 426 ita
1260 398 1374 436 probat

297 436 339 468 de
347 435 451 477 gradu
461 436 543 467 intra
555 436 759 468 latitudinem
772 438 823 468 sui
837 437 959 468 ordinis
971 439 1054 469 sicut
1065 438 1106 469 de
1118 438 1219 479 gradu
1237 442 1372 471 omnino

297 481 466 521 superiori,
483 481 560 520 quia
576 481 673 513 etiam
687 482 772 512 intra
786 482 911 522 proprii
923 481 1045 514 ordinis
1059 483 1264 514 latitudinem
1276 494 1374 525 agens

297 531 344 557 est
366 525 510 557 nobilius
533 531 620 558 acto:
646 531 679 557 et
697 527 742 558 sic
765 526 859 558 nullo
882 526 984 558 modo
1008 533 1116 568 potest
1138 528 1246 569 aliqua
1269 529 1374 560 forma

296 569 476 611 producere
499 570 697 603 nobiliorem
720 580 765 606 se,
782 571 880 602 etiam
901 572 984 603 intra
1008 582 1100 605 suam
1124 573 1374 610 latitudinem,-

295 614 520 655 respondetur,
537 623 576 646 ex
593 615 740 646 doctrina
755 615 864 647 Sancti
873 616 1023 648 Thomae
1039 618 1200 655 Potentia,
1218 628 1250 659 q.
1259 629 1288 655 v,
1302 629 1331 650 a.
1340 619 1372 655 8,

296 658 388 700 quod
403 660 488 690 actio
503 660 663 692 sensibilis
681 659 726 691 ad
738 660 948 701 diffusionem
960 662 1187 698 ,similitudinis
1201 673 1282 694 suae
1291 664 1373 705 for-

295 713 369 736 mae
383 703 416 734 in
440 703 547 735 medio
569 705 746 736 secundum
762 706 966 745 spiritualem
983 707 1202 743 intentionem,
1220 709 1373 739 convenit

295 748 355 799 sibi
368 748 546 781 secundum
561 750 650 791 quod
665 750 844 791 participat
859 751 985 791 aliquid
1003 751 1043 782 de
1061 752 1264 792 propr-letata
1278 762 1372 793 supe-

295 793 396 824 rtoris
423 798 572 830 naturae,
596 794 718 825 scilicet
743 795 998 826 substantiarum
1023 802 1272 836 separatarum:
1296 798 1373 838 quia

294 836 447 870 iuferiora
476 848 605 880 semper
634 839 776 880 aliquam
807 841 982 880 superioris
1012 841 1293 881 participationem
1317 842 1372 872 ha-

295 882 382 914 bent.
397 882 448 914 Ex
463 892 532 924 quo
547 885 684 916 habetur
700 883 792 925 quod
807 894 904 925 agens
920 885 1012 925 quod
1027 885 1209 922 secundum
1223 892 1372 917 naturam

294 928 461 968 propriam
484 935 533 960 est
554 929 740 969 ignobilius
764 935 874 970 potest
895 929 1076 970 producere
1107 929 1247 961 formam
1277 931 1372 961 nobi-

294 971 411 1012 liorem
426 979 463 1004 ut
477 974 673 1015 participans
695 979 844 1005 naturam
867 975 1080 1015 superiorem,
1097 980 1253 1015 tanquam
1274 985 1372 1016 agens

294 1017 482 1059 proximum
505 1025 536 1050 et
557 1018 738 1050 secundum
755 1028 789 1049 se
805 1027 913 1059 agens
929 1019 1011 1050 intra
1035 1025 1144 1050 tamen
1169 1019 1372 1051 latitudinem

294 1063 345 1094 sui
369 1061 503 1094 ordinis.
528 1063 655 1095 Dicitur
677 1072 756 1103 ergo
779 1062 882 1103 quod,
906 1064 988 1094 intra
1014 1063 1217 1095 latitudinem
1248 1066 1371 1106 proprii

295 1107 427 1144 ordinis,
443 1117 512 1139 non
533 1113 665 1148 oportet
687 1106 779 1148 quod
801 1117 900 1147 agens
918 1108 1100 1140 secundum
1127 1110 1291 1149 propriam
1314 1120 1372 1141 na—

294 1158 410 1189 turam,
434 1162 500 1194 qua
523 1158 570 1184 est
593 1152 668 1188 tale,
691 1153 732 1183 sit
750 1152 894 1184 nobilius
917 1152 1022 1184 forma
1045 1153 1213 1194 producta,
1237 1154 1370 1195 quando

293 1207 362 1229 non
386 1198 452 1238 agit
474 1198 603 1228 actione
637 1206 720 1236 quae
751 1198 905 1228 convenit
928 1197 987 1228 sibi
1013 1204 1047 1229 ut
1078 1204 1126 1230 est
1155 1199 1228 1235 tale,
1252 1199 1308 1230 sed
1332 1209 1371 1230 ex

293 1242 539 1284 participatione
563 1241 739 1282 superioris
756 1247 904 1273 naturae:
924 1252 993 1283 quo
1014 1243 1115 1274 modo
1135 1244 1284 1274 sensibile
1307 1245 1371 1285 agit

294 1286 327 1318 in
350 1286 498 1318 medium
521 1292 553 1317 et
576 1287 610 1317 in
634 1295 766 1317 sensum
789 1287 1004 1327 spiritualiter.

285 1331 489 1367 ,yx-Irstd‘
502 1330 686 1363 seeundum
701 1331 719 1348 ‘⁴'
742 1330 859 1363 dicitur
882 1331 973 1372 quod
996 1333 1187 1373 phantasma
1206 1342 1274 1363 non
1291 1342 1370 1364 con-

293 1375 392 1411 eum-it
414 1375 456 1408 ad
485 1375 686 1407 causandum
716 1376 859 1416 speciem
892 1377 1016 1408 ratione
1046 1377 1196 1418 propriae
1227 1383 1370 1414 naturae,

380 1419 424 1453 ad
444 1421 627 1452 subiectum
652 1427 868 1461 comparatur,
893 1421 1074 1453 secundum
1101 1422 1250 1453 videlicet
1279 1422 1371 1463 quod

293 1471 342 1500 est
363 1465 432 1499 mle.
450 1465 615 1498 accidens:
639 1465 697 1496 sed
718 1466 915 1506 inquantum
939 1466 1116 1498 similitudo
1140 1467 1186 1498 rei
1209 1466 1249 1497 ad
1273 1473 1369 1498 extra.

293 1510 436 1552 E1>quitt
458 1520 508 1542 res
532 1509 573 1541 ad
596 1515 694 1546 extra,
718 1515 755 1540 ut
778 1510 895 1542 dicitur
916 1511 1024 1547 l'erit„
1046 1520 1078 1552 q.
1096 1521 1161 1547 vnt,
1177 1521 1207 1542 a.
1228 1519 1278 1547 ιι,
1302 1521 1370 1542 non

293 1555 363 1597 egit
373 1564 432 1596 per
445 1555 624 1590 materiam,
640 1553 698 1586 sed
713 1564 771 1595 per
786 1554 940 1591 formam;
964 1555 1051 1592 ideo,
1067 1565 1126 1596 per
1140 1565 1174 1586 se
1190 1555 1371 1596 loquendo,

293 1599 495 1634 considerata
518 1605 632 1632 natura
662 1600 796 1639 agentis,
819 1601 1010 1641 phantasma
1040 1605 1088 1631 est
1117 1599 1294 1632 similitudo
1325 1601 1371 1632 rei

293 1650 455 1687 quantum
477 1644 520 1676 ad
542 1645 693 1680 formam,
717 1644 793 1676 licet
816 1654 874 1685 per
897 1644 1057 1680 accidens,
1080 1645 1275 1685 inquantum
1291 1646 1371 1676 reci—

293 1689 382 1732 putu
402 1690 439 1722 in
465 1699 588 1731 organo
622 1689 784 1728 corporali
811 1689 1018 1725 ,materialiter
1046 1689 1233 1730 recipiente,
1257 1691 1372 1721 habeat

293 1740 333 1772 ut
344 1735 387 1768 sit
400 1735 500 1767 etium
513 1733 693 1766 similitudo
716 1735 931 1766 materialium
954 1733 1218 1774 dispositionum,
1234 1735 1372 1776 inquan-

292 1785 366 1813 tum
383 1788 428 1815 ex
453 1779 674 1814 materialitate
703 1788 764 1810 sua
792 1784 1011 1820 repraesentat
1039 1779 1136 1810 etiam
1166 1778 1372 1811 conditiones

293 1823 419 1863 imae
443 1825 566 1865 agentis
589 1823 630 1855 ad
653 1829 751 1855 extra.
775 1823 912 1865 Propter
934 1824 999 1854 hoc
1022 1824 1056 1854 in
1079 1823 1246 1855 intellectu
1262 1830 1372 1855 causat

293 1869 540 1904 similitudinem
560 1874 687 1900 tantum
708 1867 844 1905 formae,
861 1878 930 1899 non
953 1874 1062 1899 autem
1078 1869 1291 1899 materialium
1308 1869 1371 1900 dis-

291 1914 512 1956 puitionum:
537 1914 616 1954 quia
637 1913 703 1954 agit
725 1918 763 1944 ut
784 1913 963 1945 similitudo
986 1913 1110 1944 formae
1127 1922 1184 1953 per
1199 1923 1248 1950 se;
1271 1919 1304 1944 et
1325 1915 1371 1944 sic

293 1958 400 1991 forma
422 1964 561 1994 tantum,
585 1968 604 1989 a
626 1967 693 1998 qua
714 1958 853 1990 sumitur
875 1964 989 1990 natura
1018 1957 1216 1993 universalis,
1241 1964 1289 1989 est
1311 1959 1371 1989 sibi

293 2005 376 2036 ratio
399 2004 432 2035 in
457 2003 658 2034 intellectum
681 2003 967 2034 instrumentaliter
981 2001 1097 2042 agendi
1113 2011 1189 2033 cum
1206 2002 1371 2034 intellectu

295 2054 420 2090 agente.
445 2048 537 2079 Licet
560 2057 637 2088 ergo
661 2048 852 2088 phantasma
876 2048 915 2078 sit
933 2046 1111 2078 similitudo
1131 2047 1176 2077 rei
1192 2047 1370 2087 singularis,

294 2103 364 2125 non
386 2099 497 2124 tamen
516 2098 647 2134 oportet
662 2098 699 2123 ut
714 2091 873 2133 producat
888 2093 922 2122 in
937 2091 1103 2122 intellectu
1127 2091 1371 2122 similitudinem

295 2138 341 2170 rei
364 2137 547 2179 singularis:
573 2138 650 2178 quia
673 2146 742 2167 non
766 2138 831 2177 agit
854 2138 977 2168 ratione
1001 2136 1215 2167 materialium
1235 2136 1372 2177 disposi-

293 2184 425 2214 tionum
448 2182 495 2213 rei
525 2182 704 2222 singularis,
729 2181 786 2212 sed
815 2182 940 2212 ratione
970 2186 1102 2212 naturae
1125 2186 1157 2211 et
1180 2180 1303 2212 formae
1327 2181 1371 2211 la-

293 2228 392 2259 tentis
414 2228 449 2258 in
471 2227 705 2267 phantasmate.
729 2226 772 2256 Et
795 2226 870 2257 ideo
893 2226 1062 2266 responsio
1086 2225 1131 2255 ibi
1146 2226 1164 2242 ¹*
1187 2225 1260 2256 data
1285 2226 1373 2256 bona

295 2278 354 2305 est.
378 2272 420 2303 Et
443 2277 491 2302 est
515 2272 625 2303 Sancti
640 2269 790 2301 Thomae
811 2270 919 2306 Ver-it„
935 2280 967 2312 q.
984 2279 1017 2306 n,
1034 2279 1062 2300 a.
1081 2270 1111 2300 5.
1214 2270 1217 2271 ’

351 2316 404 2348 Ad
427 2317 566 2358 primam
596 2316 872 2356 improbationem
903 2315 1019 2346 dicitur
1048 2313 1150 2355 quod,
1174 2313 1249 2345 licet
1279 2323 1372 2354 agere

295 2371 366 2394 non
389 2361 429 2392 sit
451 2362 497 2392 rei
521 2360 720 2395 universalis,
736 2360 858 2390 scilicet
881 2365 916 2390 ut
940 2365 1001 2390 stat
1023 2360 1083 2390 sub
1099 2359 1280 2390 intentione
1301 2359 1374 2389 uni—

295 2405 494 2442 vei-salinas,
519 2406 596 2447 quia
619 2406 664 2436 sic
688 2414 756 2435 non
781 2405 877 2435 habet
899 2414 968 2435 esse
992 2404 1053 2434 nisi
1079 2404 1289 2440 obiectivum‚
1317 2403 1373 2434 sed

295 2453 343 2483 rei
365 2450 550 2491 singularis;
573 2451 643 2493 ipsa
666 2455 776 2480 tamen
799 2454 913 2480 natura
936 2454 1045 2489 potest
1067 2457 1137 2479 esse
1160 2449 1242 2479 ratio
1258 2448 1374 2490 agendi

296 2497 421 2528 ratione
445 2494 581 2531 formae,
603 2493 693 2526 unde
717 2494 855 2525 sumitur
884 2499 998 2524 natura
1028 2493 1226 2528 universalis,
1252 2499 1284 2523 et
1305 2503 1374 2524 non

296 2541 422 2573 ratione
435 2540 664 2572 conditionum
676 2539 901 2574 materialium,
912 2537 999 2569 unde
1012 2538 1151 2568 sumitur
1162 2538 1373 2578 singularitas.

352 2584 406 2616 Ad
426 2585 611 2616 sectmdum
633 2584 751 2616 dicitur
769 2583 871 2624 quod,
887 2583 971 2614 sicut
989 2583 1024 2614 in
1039 2591 1074 2614 re
1089 2582 1243 2623 singulari
1257 2583 1375 2614 extrin-

297 2639 392 2663 secus
414 2635 543 2662 tantum
565 2634 721 2670 apparent
744 2628 923 2660 accidentia
945 2633 978 2658 et
1000 2633 1110 2659 tamen
1126 2627 1186 2658 sub
1206 2627 1284 2668 ipsis
1298 2627 1375 2659 latet

297 2680 412 2714 natura
435 2680 467 2706 et
490 2675 678 2711 substantia,
701 2679 835 2714 propter
858 2671 949 2713 quod
972 2672 1026 2703 illa
1044 2671 1196 2703 dicuntur
1214 2671 1285 2702 talis
1301 2673 1375 2702 sub-

297 2721 432 2763 stantiae
445 2719 638 2756 accidentia;
654 2718 699 2750 ita
713 2718 838 2759 species
855 2727 939 2759 quae
955 2723 1003 2748 est
1017 2717 1051 2747 in
1067 2726 1164 2748 sensu
1177 2722 1209 2747 et
1220 2717 1375 2757 imagina-

297 2763 398 2802 tione,
421 2764 499 2796 licet
521 2765 562 2795 sit
584 2762 764 2795 similitudo
787 2771 936 2803 expresse
965 2762 1075 2793 sensui
1099 2766 1131 2792 et
1153 2762 1375 2801 imaginationi

297 2811 476 2842 extrinseca
507 2813 750 2850 repraesentans
783 2807 971 2843 accidentia,
994 2807 1118 2837 ratione
1149 2807 1376 2837 materialitatis

298 2855 436 2887 subiecti
457 2855 492 2885 in
515 2863 584 2895 quo
607 2854 773 2894 recipitur,
790 2858 838 2884 est
855 2858 965 2883 tamen
981 2851 1157 2882 virtualiter
1173 2857 1205 2881 et
1219 2852 1376 2892 implicite

298 2898 478 2935 similitudo
501 2897 626 2930 formae
649 2908 668 2928 a
691 2908 758 2940 qua
781 2903 946 2934 causatum
971 2901 1004 2927 et
1025 2901 1136 2937 potest
1164 2896 1197 2926 in
1228 2897 1375 2927 subiecto

298 2943 512 2979 immateriali,
537 2942 634 2975 simul
658 2952 735 2974 cum
757 2942 923 2974 intellectu
953 2947 1079 2982 agente,
1104 2950 1235 2971 causare
1266 2941 1376 2972 simili-

299 2986 447 3020 tudinem
470 2994 602 3019 naturae
626 2993 752 3019 tantum
776 2986 1079 3028 repraesentativam
1103 2985 1291 3022 intellectui,
1308 2995 1376 3016 non

300 3039 411 3065 autem
435 3031 652 3065 accidentium
676 3032 902 3064 materialium.

354 3077 425 3109 XII.
437 3077 501 3108 Pro
512 3077 728 3119 responsione
747 3077 787 3107 ad
798 3076 963 3111 tertium*,
980 3073 1252 3105 considerandum
1270 3075 1376 3115 primo

301 3122 403 3164 quod,
427 3122 561 3163 quando
584 3122 768 3152 intellectus
791 3121 921 3151 devenit
935 3121 969 3150 in
986 3120 1210 3160 cognitionem
1225 3120 1322 3150 unius
1339 3129 1377 3150 ex

301 3168 431 3200 alterius
453 3167 654 3208 cognitione,
677 3176 747 3198 non
769 3166 944 3206 requiritur
961 3173 1090 3204 semper
1104 3170 1141 3195 ut
1155 3165 1321 3205 propriam
1337 3163 1378 3195 de

300 3213 358 3245 illo
373 3213 518 3254 speciem
541 3212 668 3251 habeat,
692 3211 748 3242 sed
767 3211 823 3242 illa
837 3210 961 3250 species
976 3218 1035 3250 per
1050 3218 1150 3250 quam
1170 3210 1379 3249 cognoscitur

301 3258 456 3299 primum,
481 3256 628 3289 sufficere
658 3261 767 3297 potest
790 3254 831 3286 ad
853 3255 923 3285 eius
953 3254 1187 3294 cognitionem,
1212 3259 1244 3284 et
1270 3259 1379 3295 potest

302 3301 365 3335 diei
389 3302 570 3344 aliqualiter
593 3302 662 3332 eius
686 3299 879 3332 similitudo:
905 3299 997 3334 sicut,
1015 3299 1091 3339 quia
1106 3298 1140 3329 in
1156 3298 1378 3338 cognitionem

302 3347 477 3389 aliqualem
499 3347 751 3378 substantiarum
774 3349 992 3386 separatarum
1009 3353 1047 3374 ex
1063 3343 1267 3374 sensibilibus
1283 3342 1379 3374 deve-

301 3393 421 3428 nimus,
446 3401 515 3423 non
537 3397 670 3433 oportet
684 3396 721 3422 ut
735 3390 900 3432 propriam
922 3398 1035 3420 earum
1058 3387 1302 3418 similitudinem
1322 3388 1379 3418 ha-

302 3437 448 3473 beamus,
465 3436 522 3468 sed
537 3436 703 3468 sufficiunt
717 3436 842 3476 species
857 3434 1032 3468 sensibiles.
1050 3441 1134 3473 quae
1149 3432 1261 3472 aliquo
1275 3432 1378 3463 modo

302 3487 441 3522 possunt
457 3481 520 3512 dici
535 3487 680 3512 remotae
696 3479 923 3511 similitudines
945 3479 1083 3514 illarum,
1100 3476 1379 3518 quemadmodum

303 3532 336 3557 et
358 3522 447 3568 ipsae
471 3536 521 3557 res
545 3526 710 3557 sensibiles
734 3531 810 3556 sunt
833 3524 987 3564 aliquales
1019 3520 1244 3553 similitudines
1271 3531 1380 3552 rerum

302 3571 574 3602 immaterialium.
599 3571 687 3601 Cum
710 3579 787 3611 ergo
811 3569 993 3600 intellectus
1015 3577 1084 3598 non
1108 3571 1285 3606 cognoscat
1315 3566 1380 3596 sin-

302 3617 425 3656 gularia
447 3617 556 3657 primo
580 3621 613 3646 et
635 3615 768 3651 directe,
792 3613 848 3645 sed
876 3623 934 3654 per
963 3611 1184 3647 reflexionem,
1209 3611 1299 3647 dum,
1323 3620 1380 3641 co-

302 3661 391 3701 'gnita
421 3659 610 3701 quidditate,
636 3659 719 3690 redit
750 3659 790 3690 ad
821 3657 1115 3690 considerationem
1144 3657 1195 3687 sui
1227 3662 1316 3686 actus
1348 3661 1380 3692 et

2425 289 2495 326 183

1429 356 1548 394 speciei
1565 357 1795 406 intelligibilis,
1826 369 1864 389 ex
1893 370 1956 400 qua
1989 361 2028 392 ad
2058 363 2246 402 phantasma
2275 370 2307 396 et
2338 366 2496 406 singulare

1429 406 1635 450 convertitur,
1660 411 1727 432 non
1752 410 1880 442 oportet
1904 411 1940 435 ut
1962 408 2125 446 propriam
2141 408 2394 446 similitudinem,
2412 406 2495 451 quae

1429 449 1476 473 est
1499 453 1621 483 species
1645 446 1861 486 intelligibilis,
1887 449 2001 479 habeat
2030 452 2063 481 in
2094 452 2268 490 intellectu,
2291 453 2348 484 sed
2377 455 2495 487 sufficit

1428 492 1464 517 ut
1486 494 1646 519 remotam
1670 490 1833 529 quandam
1857 492 1981 524 habeat.

1429 575 1435 580 .
1485 532 1643 581 2.·Utrum
1655 539 1762 565 autem
1774 536 1808 566 in
1820 537 2006 575 cognitione
2019 538 2078 569 ista
2089 548 2146 578 per
2157 539 2365 572 reflexionem
2376 542 2494 575 formet

1427 584 1461 605 m
1477 584 1583 615 seipso
1607 577 1788 609 intellectus
1812 581 1980 620 proprium
1996 589 2192 623 conceptum
2206 585 2387 625 singularis:
2399 605 2430 621 ,-
2445 587 2492 618 di—

1427 628 1534 650 cerem
1551 630 1612 660 ego
1629 621 1720 661 quod
1735 624 1794 653 sic:
1819 625 1901 654 sicut
1917 631 1948 655 et
1963 635 2002 655 ex
2025 627 2254 666 quidditatibus
2277 631 2492 662 materialibus

1427 663 1544 694 format
1568 672 1765 706 conceptum
1781 667 1923 707 aliquem
1938 670 2106 709 proprium
2122 671 2161 701 de
2181 674 2355 705 substantia
2378 676 2491 707 imma-

1426 709 1542 744 teriali;
1563 709 1638 740 licet
1654 710 1883 751 quidditativus
1898 722 1965 743 non
1981 714 2030 749 sit,
2047 721 2178 754 propter
2192 717 2371 749 intellectus
2390 721 2492 751 nostri

1427 752 1633 784 debilitatem.
1658 755 1795 786 Moveor
1818 762 1927 788 autem
1949 756 1990 788 ad
2012 758 2076 788 hoc
2100 760 2185 798 quia,
2210 770 2285 792 cum
2312 763 2491 795 intellectus

1426 803 1528 838 ponat
1550 801 1827 839 comparationem
1849 801 1931 831 inter
1954 802 2113 842 singulare
2137 809 2168 833 et
2197 805 2385 843 universale,
2410 808 2492 839 sicut

1427 851 1503 873 cum
1526 842 1613 879 dicit,
1638 844 1748 876 Sortes
1771 850 1819 875 est
1839 845 1948 882 homo,
1973 855 2072 886 quam
2095 849 2352 887 propositionem
2374 850 2492 886 format

1425 888 1495 927 ipse
1518 887 1710 924 intellectus,
1727 894 1764 919 ut
1778 889 1894 921 dicitur
1909 890 2015 922 Prima
2027 891 2129 928 Parte,
2146 893 2201 922 ubi
2216 902 2311 933 supra
2321 895 2348 931 ξ
2364 901 2492 935 oportet
2519 898 2527 906 '

1426 937 1463 962 ut
1478 933 1622 972 cognitio
1639 932 1755 964 reflexa
1774 934 1944 974 praecedat
1966 934 2196 968 formationem
2219 943 2251 967 et
2273 939 2492 978 cognitionem

1426 976 1511 1007 illius
1535 977 1709 1017 complexi.

1481 1020 1550 1052 Nec
1566 1022 1649 1053 valet
1665 1023 1691 1053 si
1707 1021 1831 1053 dicatur
1847 1022 1937 1063 quod
1953 1023 2017 1054 hoc
2033 1033 2099 1054 non
2115 1025 2248 1065 requirit
2263 1024 2492 1059 formationem

1425 1066 1548 1106 proprii
1572 1072 1761 1107 conceptus,
1785 1067 1842 1098 sed
1873 1077 1930 1108 per
1960 1068 2102 1104 alienum
2134 1075 2341 1110 conceptum,
2365 1072 2422 1111 qui
2444 1079 2493 1104 est

1426 1110 1672 1151 quodammodo
1695 1118 1874 1152 conceptus
1889 1112 1990 1143 Sortis
2006 1114 2171 1153 arguitive,
2190 1123 2259 1144 non
2276 1123 2492 1155 repraesenta-

1424 1156 1500 1191 tive,
1516 1157 1672 1196 cognosci
1687 1162 1805 1196 potest,
1817 1157 1899 1188 sicut
1915 1157 1955 1188 de
1972 1158 2081 1197 ignota
2097 1157 2224 1195 deitate,
2237 1159 2263 1190 si
2274 1166 2440 1191 vocaretur
2452 1163 2491 1198 A,

1424 1200 1605 1232 intellectus
1629 1200 1781 1232 formaret
1804 1202 1886 1233 hanc
1910 1203 2178 1242 propositionem,
2202 1204 2228 1234 A
2253 1208 2301 1234 est
2312 1204 2492 1236 substantia

1418 1245 1541 1285 prima,
1567 1251 1642 1276 etc.:
1667 1245 1850 1276 intellectus
1872 1246 1960 1276 enim
1983 1247 2016 1277 in
2039 1245 2233 1278 formatione
2255 1248 2340 1279 illius
2370 1259 2492 1290 propo-

1424 1290 1548 1320 sitionis
1572 1290 1643 1321 solo
1667 1295 1831 1330 conceptu
1855 1290 1993 1321 confuso
2015 1296 2048 1321 et
2070 1291 2148 1332 quid
2170 1292 2310 1323 nominis
2335 1299 2384 1323 est
2413 1303 2492 1325 con-

1424 1339 1545 1365 tentus:
1569 1352 1592 1358 -
1615 1335 1690 1370 hoc,
1706 1335 1851 1375 inquam,
1867 1344 1936 1366 non
1951 1335 2044 1367 valet.
2069 1336 2158 1366 Tum
2173 1337 2250 1376 quia
2263 1346 2331 1368 non
2347 1337 2491 1378 loquitur

1424 1379 1560 1410 Sanctus
1575 1379 1719 1410 Thomas
1735 1379 1775 1410 de
1801 1380 1987 1419 cognitione
2010 1379 2146 1412 confusa
2167 1381 2345 1421 singularis,
2366 1382 2422 1414 sed
2443 1382 2491 1414 di-

1424 1424 1553 1454 stincta:
1579 1433 1655 1454 cum
1677 1423 1758 1454 illud
1781 1424 1857 1454 velit
1879 1423 2033 1455 indirecte
2057 1430 2089 1455 et
2110 1434 2168 1465 per
2196 1424 2405 1457 reflexionem
2434 1436 2490 1457 co-

1423 1469 1536 1508 gnosci
1552 1467 1644 1508 quod
1654 1474 1749 1508 negat
1766 1469 1920 1508 cognosci
1935 1468 2064 1505 directe,
2081 1469 2240 1509 singulare
2256 1470 2377 1501 scilicet
2388 1471 2422 1502 in
2433 1480 2492 1502 sua

1424 1512 1651 1553 singularitate.
1677 1513 1754 1553 quia
1777 1512 1816 1542 de
1841 1512 1896 1542 illo
1921 1513 2098 1552 quaeritur;
2123 1519 2155 1544 et
2178 1523 2216 1544 ex
2234 1514 2288 1544 tali
2304 1515 2490 1555 cognitione

1424 1557 1500 1589 velit
1524 1563 1560 1588 ut
1583 1556 1702 1588 formet
1723 1557 1806 1588 hanc
1830 1558 2098 1597 propositionem,
2121 1557 2232 1588 Sortes
2251 1563 2298 1589 est
2314 1559 2430 1596 laomo;
2452 1569 2492 1591 ex

1425 1602 1478 1632 illa
1500 1607 1610 1632 autem
1633 1601 1820 1641 cognitione
1843 1600 1980 1632 confusa
2010 1611 2077 1632 non
2107 1608 2357 1642 cognosceretur
2384 1604 2492 1634 Sortes

1425 1655 1494 1677 esse
1517 1646 1620 1677 homo
1650 1651 1686 1677 ut
1716 1645 1825 1676 Sortes
1855 1651 1912 1681 est,
1943 1645 1999 1676 sed
2029 1645 2196 1686 quoddam
2222 1647 2381 1687 singulare
2410 1648 2492 1682 indi-

1425 1691 1550 1722 stincte.
1581 1689 1675 1722 Unde
1707 1695 1738 1720 et
1767 1699 1937 1729 nunquam
1967 1696 2217 1730 cognosceretur
2244 1690 2396 1722 deitatem
2424 1701 2492 1723 esse

1425 1735 1635 1766 substantiam
1651 1735 1789 1775 primam
1805 1740 1876 1770 etc„
1900 1734 1962 1764 nisi
1985 1735 2154 1766 haberetur
2177 1735 2292 1775 aliquis
2315 1742 2493 1776 conceptus

1425 1779 1594 1811 distinctus
1609 1778 1650 1810 de
1666 1778 1793 1815 deitate,
1810 1778 1958 1819 quamvis
1973 1778 2202 1819 quidditativus
2220 1779 2407 1820 simpliciter
2424 1790 2493 1812 non

1425 1830 1518 1855 esset.
1543 1842 1564 1846 ἢ
1587 1823 1675 1854 Tum
1700 1823 1787 1864 quia,
1804 1823 1843 1853 ad
1867 1823 1930 1853 hoc
1947 1829 1983 1853 ut
1999 1823 2120 1864 aliquid
2142 1823 2346 1864 intelligatur,
2361 1834 2493 1856 necesse

1425 1875 1473 1900 est
1496 1875 1532 1900 ut
1554 1877 1706 1909 praesens
1729 1867 1784 1898 fiat
1806 1867 1983 1899 intellectui
2010 1868 2179 1898 obiective.
2209 1868 2263 1900 Ad
2291 1869 2355 1900 hoc
2384 1875 2492 1900 autem

1425 1914 1518 1954 ponit
1541 1913 1677 1944 Sanctus
1695 1912 1841 1943 Thomas
1870 1913 2087 1943 necessarium
2118 1922 2187 1943 esse
2217 1919 2424 1954 conceptum.
2452 1914 2495 1945 Et

1424 1957 1510 1994 ideo,
1523 1958 1549 1988 si
1565 1957 1662 1988 debet
1676 1956 1811 1996 intelligi
1826 1957 1984 1996 singulare
2001 1957 2034 1987 in
2050 1966 2108 1987 sua
2122 1957 2350 1997 singularitate,
2363 1964 2493 1998 oportet

1424 2008 1461 2033 ut
1483 2002 1640 2033 formetur
1663 2001 1703 2031 de
1726 2002 1798 2042 ipso
1823 2006 2001 2041 conceptus
2025 2001 2139 2042 aliquis
2162 2002 2326 2042 proprius:
2351 2008 2406 2033 aut
2432 2003 2492 2034 sci-

1424 2047 1499 2078 licet
1522 2047 1659 2077 omnino
1683 2044 1850 2076 distinctus
1871 2046 1910 2076 ab
1935 2045 1997 2075 alio
2019 2051 2192 2085 conceptu;
2218 2052 2273 2076 aut
2296 2047 2353 2087 qui
2375 2048 2492 2077 virtua-

1424 2092 1495 2122 liter
1514 2091 1622 2132 ipsum
1642 2090 1810 2131 proprium
1830 2091 2003 2126 contineat,
2020 2099 2166 2130 expresse
2190 2089 2310 2121 scilicet
2333 2091 2491 2131 singulare

1424 2137 1458 2167 in
1482 2146 1538 2166 sua
1562 2135 1778 2175 singularitate
1802 2139 2052 2174 repraesentans

1479 2180 1549 2211 Nec
1565 2180 1670 2211 obstat
1682 2179 1783 2220 quod,
1796 2178 1976 2210 secundum
1988 2178 2142 2209 Sanctum
2150 2178 2323 2214 Thomam,
2336 2185 2493 2220 repugnat

1425 2225 1603 2256 intellectui
1617 2230 1730 2256 nostro
1745 2224 1863 2255 habere
1877 2222 2122 2254 similitudinem
2137 2223 2306 2253 materialis
2325 2223 2492 2259 individui,

1425 2270 1503 2310 quia
1525 2269 1615 2300 aliter
1637 2278 1705 2300 non
1729 2268 1924 2298 abstraheret
1947 2267 1986 2297 ab
2010 2267 2062 2297 hic
2085 2272 2117 2297 et
2139 2276 2236 2298 nunc.
2261 2267 2387 2298 Dicitur
2407 2269 2492 2298 enim

1427 2313 1518 2355 quod
1541 2319 1699 2354 repugnat
1720 2313 1897 2343 intellectui
1924 2311 2042 2341 habere
2072 2311 2314 2341 similitudinem
2337 2311 2494 2343 individui

1427 2367 1510 2400 quae
1534 2359 1574 2389 sit
1597 2358 1721 2398 species
1744 2356 1951 2397 intelligibilis
1967 2365 1988 2386 a
2005 2365 2040 2385 re
2056 2360 2208 2386 causata:
2224 2356 2299 2395 quia
2314 2356 2494 2386 intellectus

1427 2404 1544 2444 accipit
1566 2403 1690 2443 species
1714 2411 1751 2432 ex
1775 2402 1921 2432 motione
1944 2401 2086 2440 ipsarum
2109 2410 2216 2430 rerum
2241 2405 2272 2430 et
2294 2409 2352 2440 per
2378 2401 2494 2431 abstra-

1428 2449 1571 2479 ctionem
1594 2457 1613 2478 a
1635 2446 1852 2478 materialibus
1885 2444 2141 2482 conditionibus;
2166 2450 2198 2475 et
2226 2444 2311 2480 ideo,
2336 2446 2432 2475 etiam
2461 2446 2494 2475 in

1426 2491 1638 2533 intelligendo
1654 2501 1691 2522 ea
1706 2500 1790 2531 quae
1806 2500 1864 2531 per
1882 2489 2006 2530 species
2022 2489 2140 2519 directe
2157 2495 2407 2529 cognoscuntur,
2424 2490 2494 2519 abs-

1427 2538 1523 2568 trahit
1545 2537 1584 2567 ab
1608 2537 1660 2567 hic
1684 2542 1716 2566 et
1738 2545 1836 2571 nunc,
1862 2544 1902 2565 eo
1929 2533 2019 2574 quod
2041 2534 2110 2574 ipsa
2132 2533 2254 2573 species
2278 2534 2495 2564 universaliter

1428 2585 1653 2623 repraesentet.
1673 2580 1750 2611 Non
1765 2585 1873 2610 autem
1889 2583 2047 2619 repugnat
2061 2578 2237 2609 intellectui
2252 2577 2495 2608 similitudinem

1427 2628 1544 2658 habere
1560 2625 1727 2665 singularis
1743 2633 1826 2664 quae
1842 2624 1882 2654 sit
1898 2628 2076 2662 conceptus
2091 2623 2130 2652 ab
2153 2623 2225 2662 ipso
2248 2621 2414 2653 intellectu
2428 2621 2494 2655 for-

1428 2677 1544 2707 matus,
1569 2670 1657 2705 dum,
1683 2667 1912 2709 cognoscendo
1937 2668 2078 2708 speciem
2101 2666 2342 2706 intelligibilem,
2365 2675 2403 2697 ex
2424 2667 2494 2707 ipsa

1429 2717 1558 2757 cognita
1581 2715 1698 2745 format
1714 2714 1748 2743 in
1763 2722 1797 2743 se
1813 2718 2010 2752 conceptum
2026 2711 2254 2751 phantasmatis
2270 2715 2302 2740 et
2315 2710 2492 2751 singularis,

1429 2771 1447 2792 a
1463 2760 1580 2801 quibus
1595 2761 1665 2799 ipsa
1680 2758 1803 2799 species
1819 2762 1866 2787 est
1881 2757 1990 2797 aliquo
2006 2755 2108 2786 modo
2125 2760 2261 2786 causata.
2281 2754 2349 2785 Nec
2365 2760 2493 2795 oportet

1428 2811 1465 2837 ut
1480 2805 1639 2836 abstrahat
1654 2803 1693 2834 ab
1710 2803 1762 2833 hic
1778 2807 1810 2833 et
1824 2810 1913 2832 nunc
1931 2801 2111 2831 intellectus
2126 2805 2283 2840 quantum
2298 2799 2338 2830 ad
2356 2809 2393 2829 ea
2409 2808 2492 2839 quae

1400 2849 1402 2864 ⁴
1430 2850 1598 2891 cognoscit
1613 2847 1740 2883 reflexe,
1756 2847 1831 2877 licet
1846 2846 1880 2876 in
1896 2855 1930 2876 se
1946 2845 2163 2876 immaterialis
2179 2846 2241 2875 sit:
2256 2844 2331 2884 quia
2345 2844 2397 2874 ille
2414 2853 2492 2874 con-

1430 2900 1553 2935 ceptus,
1577 2892 1794 2925 immaterialis
1816 2892 1954 2922 existens
1977 2896 2009 2921 et
2031 2899 2099 2920 non
2126 2889 2352 2920 determinatus
2379 2887 2418 2918 ad
2441 2889 2492 2919 hic

1430 2946 1461 2972 et
1483 2949 1572 2970 nunc
1595 2939 1628 2969 in
1652 2936 1799 2972 essend0‚
1823 2935 2001 2966 materiales
2024 2934 2225 2977 conditiones
2247 2933 2493 2964 immaterialiter

1429 2988 1655 3026 repraesentat,
1680 2983 1762 3012 sicut
1785 2986 1816 3011 et
1839 2980 1962 3021 species
1986 2979 2165 3010 intellectus
2188 2977 2331 3018 angelici.

1485 3029 1561 3060 Non
1574 3028 1679 3058 obstat
1691 3027 1788 3057 etiam
1800 3024 1891 3065 quod
1902 3025 2007 3065 inquit
2018 3024 2153 3055 Sanctus
2161 3023 2304 3053 Th0mas
2315 3021 2347 3051 in
2359 3021 2490 3058 Quaest.

1430 3074 1470 3105 de
1485 3073 1612 3107 Anima,
1630 3082 1658 3102 a.
1674 3081 1725 3107 20,
1742 3070 1782 3101 ad
1797 3071 1940 3110 primum
1955 3068 2098 3099 secundo
2115 3068 2189 3098 loco
2205 3067 2416 3101 obiectorum,
2432 3065 2492 3095 sci-

1430 3119 1505 3149 licet
1521 3117 1611 3159 quod
1627 3118 1689 3148 ista
1707 3115 1844 3155 reflexio
1868 3124 1933 3145 non
1951 3114 2123 3155 perficitur
2138 3112 2201 3142 nisi
2222 3121 2264 3142 ex
2286 3109 2493 3140 adiunctione

1431 3163 1560 3194 virtutis
1582 3161 1803 3203 imaginative.
1827 3160 1901 3190 Hoc
1924 3159 2012 3189 enim
2034 3167 2102 3188 non
2125 3156 2226 3196 arguit
2248 3155 2404 3195 singulare
2423 3163 2494 3184 non

1431 3209 1586 3249 cognosci
1609 3206 1741 3247 proprio
1766 3209 1942 3244 conceptu:
1967 3202 2023 3233 sed
2046 3201 2144 3242 quod,
2161 3201 2242 3231 sicut
2257 3200 2290 3230 in
2307 3198 2492 3239 cognitione

1431 3253 1551 3284 directa
1573 3252 1745 3292 requiritur
1769 3259 1852 3290 opus
1881 3247 2114 3287 imaginationis
2145 3243 2366 3275 constituentis
2391 3243 2493 3284 phan-

1431 3303 1532 3329 tasma
1555 3297 1589 3327 in
1613 3301 1698 3331 actu,
1721 3295 1764 3324 ita
1788 3294 1884 3324 etiam
1906 3294 1940 3323 in
1960 3291 2144 3331 cognitione
2159 3287 2275 3319 reflexa
2291 3297 2354 3328 qua
2370 3295 2493 3327 cogno-

1432 3343 1530 3373 scitur
1562 3341 1730 3381 singulare,
1759 3343 1890 3379 propter
1917 3334 2162 3376 dependentiam
2193 3338 2224 3363 et
2254 3332 2493 3373 colligationem

1432 3387 1613 3418 intellectus
1637 3386 1669 3415 in
1693 3381 1900 3423 intelligendo
1925 3380 1964 3410 ad
1986 3381 2066 3410 vires
2089 3378 2262 3409 sensitivas.

1487 3431 1570 3462 XIII.
1594 3429 1646 3461 Ad
1669 3434 1818 3469 quartum
1835 3426 1969 3457 dubium
1980 3426 1997 3441 ἃ
2016 3423 2130 3454 dicitur
2146 3421 2235 3462 quod
2250 3422 2310 3451 ista
2325 3420 2494 3452 conversio

1432 3476 1612 3506 intellectus
1636 3473 1675 3504 ad
1698 3473 1917 3513 phantasmata
1932 3478 1999 3499 non
2019 3473 2066 3498 est
2089 3467 2231 3507 cognitio
2253 3465 2493 3506 phantasmatis,

1434 3521 1525 3561 quasi
1548 3519 1738 3553 intellectus,
1763 3516 1802 3547 ad
1834 3516 1896 3545 hoc
1926 3519 1961 3543 ut
1983 3511 2087 3542 videat
2114 3511 2278 3541 obiectum
2305 3519 2412 3545 suum,
2439 3518 2495 3539 ne-

1433 3575 1520 3596 cesse
1545 3565 1584 3594 sit
1607 3569 1643 3594 ut
1666 3561 1771 3592 videat
1801 3565 1946 3590 naturam
1977 3556 2188 3587 universalem
2212 3555 2246 3585 in
2276 3555 2495 3594 phantasmate

1433 3616 1465 3640 et
1488 3619 1520 3640 re
1544 3607 1725 3648 particulari
1748 3606 1814 3635 visa
1844 3603 1882 3632 ab
1912 3603 1994 3641 ipso,
2021 3601 2104 3630 sicut
2129 3609 2179 3630 res
2205 3599 2240 3629 in
2265 3599 2335 3630 viso
2362 3597 2495 3639 speculo

1434 3653 1591 3684 videntur.
1625 3650 1688 3682 Sed
1721 3650 1802 3679 hanc
1837 3646 2083 3677 conversionem
2117 3654 2178 3684 ego
2209 3644 2253 3674 sic
2284 3643 2428 3683 intelligo
2461 3647 2497 3672 ut

2543 896 2590 924 Qu.
2605 903 2697 921 nxxxvt.
2711 904 2729 921 ιι

2519 922 2549 944 cf.
2566 929 2587 945 n.
2601 930 2623 950 v,
2640 924 2727 946 Tertio.

2521 3424 2531 3432 ·
2545 3421 2617 3444 Num.
2629 3427 2660 3445 ix.
2675 3426 2699 3448 4,
