2768 4134
626 275 814 312 SUMMA
843 275 1065 314 CONTRA
1093 276 1368 323 GENTILES,
1395 278 1491 314 LIB.
1511 279 1553 323 11,
1584 278 1694 315 CAP.
1715 278 1901 323 LXXVII,
1929 278 2130 315 LXXVIII.

277 354 377 395 ipsius
409 362 540 384 causae:
570 353 653 383 sicut
680 353 814 384 effectus
844 354 1020 385 virtualiter
1050 356 1196 386 contenti
1225 356 1259 385 in
1283 356 1351 386 sole

276 399 397 430 habent
419 398 454 428 in
477 398 547 428 sole
570 397 710 428 modum
733 403 765 428 et
793 398 1017 430 conditionem
1040 400 1141 439 ipsius
1164 400 1251 436 solis,
1275 409 1351 430 cum

276 442 356 474 nihil
380 441 467 472 aliud
490 442 524 472 in
548 442 620 482 ipso
645 442 707 472 sint
731 452 830 482 quam
855 443 914 479 sol,
939 450 994 474 aut
1018 444 1087 474 eius
1110 444 1220 474 virtus.
1245 444 1350 481 Unde,

277 496 354 518 cum
377 487 568 527 phantasma
583 487 623 517 sit
639 486 749 526 aliquo
773 487 875 517 modo
892 488 1066 524 materiale,
1082 494 1197 528 utpote
1213 489 1351 518 existens

276 532 311 562 in
334 541 458 571 organo
474 531 631 561 materiali
648 536 679 561 et
694 531 900 562 materialiter
915 542 951 562 ac
970 532 1207 563 individualiter
1225 542 1351 572 reprae-

276 581 416 612 sentans,
440 575 668 606 similitudines
698 576 914 616 intelligibiles
945 577 1117 607 existentes
1140 577 1173 607 in
1201 578 1351 617 phantas-

276 626 363 651 mate
378 620 564 656 virtualiter,
579 620 761 650 secundum
778 620 868 660 quod
883 622 916 651 in
933 622 1004 661 ipso
1021 627 1106 658 sunt,
1123 621 1233 661 aliquo
1249 621 1350 651 modo

275 665 457 696 materiales
480 670 556 695 sunt
571 670 603 694 et
626 665 813 704 singulares.
838 665 880 695 Et
894 664 981 702 ideo,
999 665 1078 696 dum
1101 666 1302 706 recipiuntur
1317 666 1351 696 in

276 709 443 740 intellectu
466 709 612 749 possibili
636 718 674 739 ex
698 711 825 740 actione
849 709 1031 740 intellectus
1048 710 1170 750 agentis
1195 716 1226 740 et
1249 710 1351 750 phan-

275 754 429 790 tasmatis,
440 754 498 783 ubi
514 754 765 784 immaterialiter
782 759 813 784 et
829 754 1050 785 universaliter
1060 754 1269 794 reciPiuntur,
1281 763 1351 784 non

275 798 396 828 habent
419 797 560 828 eundem
584 798 721 829 modum
738 798 863 829 essendi
881 808 980 839 quem
1000 799 1120 829 habent
1143 799 1176 828 in
1200 799 1350 838 phantas-

275 843 426 879 matibus,
439 841 496 873 sed
507 843 655 873 altiorem
667 849 699 873 et
711 843 884 883 superioris
897 843 1028 874 ordinis.
1041 843 1215 883 Propterea
1226 843 1350 883 optime

276 886 393 918 dicitur
409 886 500 927 quod
523 888 630 918 anima
654 888 859 924 intellectiva,
876 893 913 918 ut
929 894 976 918 est
999 888 1122 918 scilicet
1145 888 1349 924 intellectiva,

274 941 344 962 non
361 937 408 962 est
422 932 456 962 in
471 933 619 972 potentia
635 931 675 962 ad
690 932 918 963 similitudines
934 942 1042 963 rerum
1058 931 1240 962 secundum
1257 932 1350 962 illum

274 975 414 1007 modum
438 986 505 1016 quo
522 981 597 1007 sunt
620 977 653 1007 in
676 977 965 1017 phantasmatibus,
985 976 1042 1007 sed
1064 976 1238 1007 secundum
1263 976 1352 1017 quod

276 1021 447 1051 elevantur
469 1020 513 1051 ad
536 1021 662 1062 aliquid
685 1021 794 1057 altius,
819 1021 941 1052 scilicet
971 1020 1011 1051 ad
1035 1022 1236 1060 superiorem
1264 1020 1350 1051 ordi-

274 1075 362 1102 nem,
379 1066 436 1106 qui
460 1071 508 1095 est
530 1065 712 1106 specierum
730 1067 866 1096 omnino
882 1065 1143 1096 immaterialium
1167 1071 1199 1095 et
1221 1065 1350 1096 univer-

2398 279 2475 328 493

1406 355 1506 396 quod,
1531 356 1557 386 si
1580 356 1792 396 intelligibilia
1808 355 1847 386 ad
1863 365 1947 396 quae
1962 356 2144 387 intellectus
2159 362 2269 387 noster
2290 362 2338 387 est
2359 357 2393 387 in
2416 367 2477 397 po-

1405 401 1514 436 tentia,
1539 406 1645 431 essent
1667 410 1725 440 per
1752 409 1785 430 se
1816 400 2036 440 intelligibilia,
2058 406 2212 440 tanquam
2235 410 2293 441 per
2316 411 2350 431 se
2373 402 2476 432 subsi-

1404 445 1519 474 stentia
1543 450 1629 474 extra
1652 444 1829 481 materiam,
1853 444 2035 475 intellectus
2062 451 2172 475 noster
2198 445 2415 476 indifferenter
2441 455 2475 476 se

1403 488 1535 518 haberet
1559 487 1599 518 ad
1617 498 1732 518 omnes
1756 489 1947 518 substantias
1971 495 2130 529 separatas
2158 489 2410 529 cognoscendas.
2435 491 2476 521 Et

1405 533 1460 569 sic,
1478 538 1601 572 quanto
1621 532 1729 572 aliqua
1748 538 1853 562 essent
1878 533 2059 563 secundum
2081 543 2114 563 se
2131 535 2232 573 magis
2254 534 2474 574 intelligibilia,

1404 582 1494 607 tanto
1510 577 1612 616 magis
1627 577 1881 616 intelligerentur
1897 587 1915 606 a
1933 578 2038 608 nobis.
2056 578 2238 608 Intellectus
2249 579 2347 616 ,enim
2366 585 2476 609 noster

1404 627 1498 651 natus
1511 627 1559 651 est
1570 630 1769 661 cognoscere
1782 630 1820 651 ea
1832 631 1915 661 quae
1932 622 1991 651 sub
2008 631 2068 652 suo
2081 622 2210 652 obiecto
2226 624 2474 663 proportionato

1405 666 1630 701 continentur;
1655 671 1687 695 et
1709 665 1817 705 aliqua
1840 671 1929 695 tanto
1954 666 2055 705 magis
2075 672 2197 706 quanto
2222 666 2262 697 de
2286 668 2409 698 ratione
2425 667 2475 698 sui

1406 710 1525 740 obiecti
1548 709 1787 749 proportionati
1811 709 1913 749 magis
1943 710 2149 749 participant:
2183 711 2275 747 sicut,
2303 712 2474 751 supposito

1404 753 1495 794 quod
1519 753 1680 793 quidditas
1698 753 1743 783 rei
1765 753 1936 783 materialis
1953 754 1992 783 sit
2008 754 2173 784 obiectum
2191 756 2475 794 proportionatum

1403 798 1581 828 intellectui
1604 803 1727 834 nostro,
1751 798 1853 838 magis
1869 798 2099 837 cognoscimus
2123 807 2160 828 ea
2184 807 2267 838 quae
2290 801 2391 839 magis
2414 801 2475 830 hac

1403 843 1528 873 ratione
1552 843 1754 882 participant.
1771 841 1805 872 Si
1821 847 1930 872 autern
1945 842 2157 882 intelligibilia
2172 843 2347 873 materialia
2370 849 2475 874 essent

1403 896 1461 927 per
1476 896 1511 917 se
1526 887 1740 923 subsistentia,
1757 891 1836 917 tunc
1853 887 2029 917 substantia
2044 892 2188 926 separata
2203 887 2378 917 subsistens
2394 894 2476 918 esset

1404 932 1570 962 obiectum
1585 937 1697 962 nostro
1713 931 1891 962 intellectui
1907 931 2192 971 proportionatum
2208 936 2240 961 et
2256 932 2474 962 connaturale.

1403 975 1445 1006 Et
1468 976 1523 1012 sic,
1548 981 1671 1016 quanto
1699 975 1806 1015 aliqua
1835 975 2010 1005 substantia
2041 980 2123 1006 esset
2146 975 2247 1015 magis
2278 981 2421 1016 separata
2444 981 2476 1007 et

1403 1029 1461 1060 per
1492 1029 1697 1060 consequens
1727 1021 1829 1060 magis
1859 1019 2040 1050 secundum
2073 1029 2107 1050 se
2136 1019 2353 1059 intelligibilis,
2384 1025 2474 1050 tanto

1402 1065 1504 1104 magis
1527 1074 1545 1094 a
1568 1065 1662 1094 nobis
1687 1064 1914 1104 cognoscibilis
1931 1069 2023 1095 esset.
2040 1064 2176 1104 Propter
2198 1065 2263 1094 hoc
2286 1065 2411 1104 optime
2426 1065 2475 1095 in-

29 1186 198 1236 hffi‘ssss'sffi
207 1187 247 1209 ⁰¹²

0 1815 5 1848 ζ
30 1810 245 1839 ὀιμιιινῃίηὶι

275 1110 404 1140 salium:
429 1110 554 1150 species
569 1111 658 1140 enim
673 1111 707 1141 in
722 1110 891 1141 intellectu
906 1110 1053 1150 possibili
1069 1115 1101 1140 et
1123 1110 1349 1140 immateriales

274 1160 350 1185 sunt
373 1160 406 1185 et
427 1155 634 1185 universales.

330 1198 399 1229 XII.
433 1198 528 1230 Circa
558 1199 688 1230 tertium
723 1198 847 1230 dictum
877 1199 1098 1239 responsionis
1114 1199 1147 1235 *‚
1179 1197 1348 1229 sciendum

1403 1108 1464 1139 fert
1487 1108 1623 1139 Sanctus
1647 1109 1792 1139 Thomas
1824 1108 1924 1148 quod,
1956 1110 2062 1149 posita
2089 1109 2246 1149 opinione
2269 1108 2412 1139 Platonis
2435 1108 2475 1139 de

1402 1153 1492 1189 ideis,
1524 1158 1689 1194 oporteret
1718 1152 1818 1193 quod,
1847 1159 1970 1193 quanto
2000 1153 2107 1193 aliqua
2134 1158 2210 1183 sunt
2237 1152 2417 1184 secundum
2441 1163 2475 1184 se

1403 1198 1504 1237 magis
1527 1197 1748 1237 intelligibilia,
1769 1203 1858 1228 tanto
1883 1197 1984 1238 magis
2007 1197 2260 1237 intelligerentur
2284 1208 2302 1227 a
2325 1197 2430 1228 nobis.

1320 1288 1431 1330 mm,

538 1437 1022 1494 CAPITULUM
1060 1436 1776 1493 SEPTUAGESIMUM
1814 1437 2213 1493 OCTAVUM

709 1565 885 1618 QUOD
918 1565 1048 1605 NON
1084 1565 1226 1605 FUIT
1260 1540 1610 1608 SENTENTIA
1644 1565 2048 1606 ARISTOTELIS

407 1628 492 1668 DE
524 1626 916 1668 INTELLECTU
949 1626 1204 1667 AGENTE
1238 1626 1414 1677 QUOD
1449 1626 1543 1667 SIT
1578 1626 1967 1667 SUBSTANTIA
2002 1626 2343 1676 SEPARATA,

749 1688 868 1729 SED
903 1687 1095 1729 MAGIS
1129 1688 1305 1739 QUOD
1340 1687 1435 1729 SIT
1469 1688 1725 1740 ALIQUID
1761 1688 2001 1728 ANIMAE

286 1813 319 1853 ,χῖ
334 1819 451 1862 ,3155st
469 1813 529 1839 υῐΑ
556 1812 652 1838 vero
670 1801 801 1850 plures
820 1799 997 1851 opinioni
1022 1812 1141 1850 supra
1168 1800 1316 1850 positae
1329 1800 1350 1822 '¹‘

288 1865 292 1870 ·
320 1850 436 1906 {⁹232
463 1881 465 1884 ι
484 1854 696 1892 assentiunt
719 1854 919 1891 credentes
943 1865 1031 1891 eam
1053 1853 1170 1891 fuisse
1199 1853 1350 1903 opinio-

321 1908 329 1913 ’
484 1919 579 1945 nem
588 1907 813 1953 Aristotelis,
825 1906 1013 1944 ostenden
1019 1906 1117 1944 dum
1132 1913 1188 1943 est
1202 1919 1249 1955 ex
1263 1919 1349 1943 ver-

295 1975 377 2000 m»
430 1958 454 1998 ³⁵„
485 1960 545 1997 bis
574 1960 656 1997 eius
685 1960 795 2009 quod
823 1959 906 2009 ipse
934 1960 1011 1996 hoc
1039 1971 1120 1997 non
1155 1959 1271 1996 sensit
1299 1960 1348 1997 de

275 2013 469 2052 intellectu
497 2020 644 2062 agente,
666 2013 774 2062 quod
794 2012 841 2050 sit
859 2012 1071 2050 substantia
1091 2019 1276 2062 separata.

330 2066 432 2105 Dicit
450 2066 555 2104 enirn
568 2066 600 2112 *,
621 2066 761 2116 primo,
781 2065 900 2115 quod,
916 2067 1008 2103 sicut
1027 2067 1065 2102 in
1085 2067 1191 2103 omni
1214 2071 1350 2103 natura

1405 1808 1461 1837 est
1481 1800 1626 1850 aliquid
1645 1800 1757 1850 quasi
1775 1799 1946 1846 materia,
1976 1800 2085 1849 quod
2104 1808 2161 1837 est
2179 1799 2219 1837 in
2237 1800 2409 1849 potentia
2427 1801 2476 1838 ad

1406 1866 1453 1891 ea
1472 1865 1573 1903 quae
1593 1862 1684 1891 sunt
1702 1853 1801 1891 illius
1819 1853 1980 1902 generis,
1997 1861 2033 1890 et
2052 1853 2197 1903 aliquid
2217 1853 2328 1903 quasi
2347 1865 2474 1902 agens,

1406 1907 1514 1956 quod
1534 1907 1683 1944 reducit
1701 1906 1915 1956 potentiam
1943 1906 1983 1943 in
2007 1914 2148 1952 actum,
2169 1906 2266 1943 sicut
2294 1906 2333 1943 in
2359 1907 2475 1944 artifi-

1405 1959 1566 1997 cialibus
1585 1967 1642 1996 est
1660 1971 1721 1996 ars
1740 1967 1776 1996 et
1801 1959 1972 1996 materia.
1994 1960 2072 1997 Sed
2096 1959 2228 1996 anima
2246 1959 2475 2003 intellectiva

1372 2028 1381 2048 s
1405 2020 1461 2050 est
1488 2013 1684 2062 quaedam
1703 2020 1841 2049 natura
1869 2012 1908 2049 in
1928 2024 2007 2061 qua
2035 2012 2231 2049 invenitur
2249 2012 2419 2062 potentia
2438 2021 2475 2050 et

1405 2073 1530 2103 actus:
1551 2078 1643 2103 curn
1659 2066 1897 2115 quandoque
1913 2065 1959 2102 sit
1973 2073 2060 2102 actu
2076 2065 2285 2114 intelligens
2300 2073 2336 2102 et
2351 2078 2473 2115 quan-

228 2118 235 2126 ’
276 2126 328 2158 est
355 2120 497 2171 aliquid
528 2121 635 2170 quasi
669 2121 828 2157 materia
861 2121 898 2156 in
937 2131 1160 2169 unoquoque
1195 2130 1347 2169 genere,

277 2179 312 2212 et
337 2175 409 2211 hoc
436 2178 487 2211 est
514 2175 552 2210 in
577 2174 744 2223 potentia
772 2173 824 2210 ad
853 2174 982 2210 omnia
1015 2184 1111 2222 quae
1140 2178 1225 2209 sunt
1253 2172 1350 2209 illius

275 2229 444 2278 generis,·
476 2233 510 2263 et
537 2227 657 2264 altera
684 2238 799 2263 causa
827 2231 879 2262 est
912 2227 1020 2275 quasi
1045 2226 1222 2274 efficiens,
1251 2225 1352 2274 quod

273 2281 368 2328 facil
395 2281 525 2318 omnia
543 2292 640 2330 quae
656 2285 741 2316 sunl
761 2279 858 2316 illius
875 2280 1038 2329 generis,
1058 2280 1151 2316 sicut
1177 2291 1218 2315 se
1241 2279 1351 2315 habet

277 2345 343 2372 ars
361 2333 413 2371 ad
429 2334 627 2370 materiam
639 2346 651 2369 :
679 2344 826 2369 necesse
840 2338 891 2369 est
909 2337 943 2369 et
971 2333 1008 2369 in
1029 2333 1159 2369 anima
1178 2343 1256 2369 esse
1282 2333 1350 2369 has

278 2386 517 2437 differentias.
538 2387 586 2423 Et
604 2386 816 2423 huiusmodi
835 2385 994 2435 quidem,
1015 2385 1156 2423 scilicet
1182 2385 1291 2435 quod
1310 2384 1350 2421 in

278 2440 410 2478 anima
429 2447 486 2477 est
512 2439 610 2476 sicut
635 2438 806 2484 materia,
826 2444 879 2476 est
905 2439 1106 2476 intellectus
1129 2437 1350 2488 (possibilis)

278 2495 317 2531 in
347 2506 420 2543 quo
437 2495 542 2541 fiunt
569 2494 699 2530 omnia
718 2492 976 2542 intelligibilia.
998 2492 1070 2529 Ille
1090 2503 1193 2538 vero,
1222 2491 1291 2541 qui
1311 2491 1352 2528 in

278 2546 411 2584 anima
438 2554 494 2582 est
522 2545 620 2583 sieut
646 2545 818 2583 efficiens
845 2557 974 2592 causa,
1003 2551 1055 2582 est
1084 2546 1285 2582 intellectus
1312 2546 1350 2581 in

281 2612 353 2650 quo
373 2605 424 2636 est
442 2601 572 2637 omnia
585 2600 724 2648 facere
741 2598 897 2647 (scilicet
916 2598 1159 2648 intelligibilia
1178 2598 1218 2635 in
1237 2600 1351 2644 actu),

281 2653 378 2690 idest
395 2652 606 2690 intellectus
626 2664 754 2701 agens,
776 2654 841 2702 qui
857 2657 909 2689 est
930 2653 1023 2689 sicut
1040 2653 1196 2698 habitus,
1217 2659 1254 2688 et
1272 2663 1354 2688 non

280 2706 378 2744 sicut
405 2705 587 2755 potentia.
617 2705 793 2753 Qualiter
811 2713 944 2742 autem
961 2705 1098 2742 dixerit
1121 2705 1354 2742 intellectum

280 2766 459 2808 agentem
491 2760 669 2804 habitum,
707 2758 865 2808 exponit
893 2757 1131 2806 subiungens
1163 2758 1271 2806 quod
1299 2764 1356 2794 est

281 2814 373 2850 sieut
391 2813 538 2849 lumen:
566 2812 728 2862 quodam
757 2813 856 2848 enim
884 2811 997 2848 modo
1025 2811 1150 2848 lumen
1170 2811 1270 2859 facit
1287 2823 1355 2860 po—

281 2867 396 2903 tentia
417 2866 561 2903 colores
579 2876 656 2902 esse
674 2869 758 2902 actu
782 2865 935 2910 colores,
962 2863 1195 2913 inquantum
1218 2863 1357 2900 scilicet

282 2919 370 2956 facit
393 2930 460 2956 eos
479 2917 647 2955 visibiles
675 2925 779 2955 actu:
809 2918 887 2954 hoc
904 2924 1035 2954 autem
1063 2917 1163 2954 circa
1186 2916 1356 2965 intelligi—

282 2972 372 3010 bilia
400 2971 618 3009 attribuitur
645 2970 851 3008 intellectui
879 2970 1015 3018 agenti.

338 3026 397 3063 Ex
416 3025 476 3062 his
495 3024 695 3065 manifeste
710 3024 876 3061 habetur
888 3023 998 3073 quod
1017 3022 1227 3060 intellectus
1242 3035 1358 3071 agens

284 3090 366 3116 non
402 3077 449 3115 sit
485 3077 697 3114 substantia
729 3083 913 3126 separata,
947 3076 1015 3113 sed
1052 3075 1174 3124 magis
1213 3075 1358 3125 aliquid

285 3131 454 3169 animae:
476 3142 654 3180 expresse
674 3130 781 3167 enim
799 3129 890 3166 dicit
913 3129 1020 3179 quod
1040 3127 1250 3166 intellectus
1269 3141 1358 3178 pos-

283 3184 403 3222 sibilis
422 3180 460 3221 et
487 3196 603 3232 agens
632 3191 722 3221 sunt
741 3182 973 3232 differentiae
998 3184 1160 3228 animae,
1189 3190 1226 3219 et
1250 3182 1359 3232 quod

286 3245 376 3276 sunt
404 3240 441 3275 in
466 3239 607 3275 anima.
628 3238 779 3274 Neutra
797 3247 888 3284 ergo
908 3247 1044 3273 earum
1063 3243 1119 3272 est
1147 3235 1359 3272 substantia

284 3299 473 3341 separata.

1405 2119 1537 2168 doque
1566 2118 1605 2156 in
1632 2118 1814 2168 potentia.
1846 2119 1912 2156 Est
1940 2118 2054 2167 igitur
2080 2118 2121 2156 in
2148 2126 2288 2155 natura
2320 2119 2473 2156 animae

1405 2172 1656 2209 intellectivae
1684 2171 1830 2221 aliquid
1858 2171 1968 2221 quasi
1995 2171 2168 2217 materia,
2202 2172 2310 2221 quod
2345 2179 2400 2209 est
2434 2172 2474 2209 in

1404 2225 1576 2275 potentia
1603 2225 1652 2262 ad
1682 2225 1815 2262 omnia
1842 2224 2100 2272 intelligibilia,
2125 2225 2234 2274 quod
2261 2224 2400 2262 dicitur
2419 2227 2474 2262 in-

1404 2279 1565 2316 tellectus
1582 2279 1780 2328 possibilis:
1801 2285 1838 2315 et
1853 2277 1998 2328 aliquid
2024 2277 2133 2327 quasi
2155 2290 2272 2315 causa
2291 2278 2472 2325 efficiens,

1405 2332 1514 2381 quod
1541 2331 1628 2368 facit
1656 2331 1789 2368 omnia
1824 2331 1863 2367 in
1899 2339 1998 2377 actu,
2037 2338 2074 2367 et
2107 2330 2245 2367 dicitur
2277 2332 2476 2368 intellectus

1405 2397 1534 2435 agens.
1555 2407 1581 2412 -
1601 2385 1772 2433 Uterque
1791 2383 1904 2433 igitur
1922 2384 2144 2430 intellectus,
2165 2385 2383 2421 secundum
2410 2384 2476 2421 de-

1405 2437 1727 2475 monstrationem
1755 2437 1976 2484 Aristotelis,
2006 2445 2062 2474 est
2089 2437 2129 2474 in
2148 2445 2286 2474 natura
2310 2437 2474 2483 animae,

1406 2499 1444 2529 et
1471 2503 1554 2529 non
1581 2490 1727 2540 aliquid
1750 2498 1971 2540 separatum
1991 2490 2208 2527 secundum
2233 2502 2315 2527 esse
2343 2503 2367 2528 a
2393 2502 2476 2528 cor-

1368 2560 1390 2580 ις
1407 2556 1504 2594 pore
1531 2543 1643 2581 cuius
1671 2543 1802 2581 anima
1829 2551 1885 2580 est
1913 2551 2031 2581 actus.

1462 2597 1653 2647 Amplius.
1670 2596 1890 2634 Aristoteles
1903 2596 1994 2633 dicit
2008 2595 2116 2645 quod
2131 2596 2341 2633 intellectus
2360 2608 2476 2644 agens

1409 2658 1465 2688 est
1491 2652 1584 2687 sicut
1610 2651 1756 2688 habitus
1783 2650 1883 2700 quod
1909 2655 1959 2687 est
1987 2649 2124 2686 lumen.
2155 2649 2320 2686 Habitus
2345 2657 2475 2686 autem

1410 2716 1492 2741 non
1520 2702 1757 2751 significatur
1783 2710 1826 2739 ut
1853 2702 1998 2752 aliquid
2026 2714 2096 2751 per
2128 2714 2169 2739 se
2202 2701 2378 2747 existens,
2408 2702 2476 2739 sed

1411 2756 1572 2794 alicuius
1591 2756 1780 2793 habentis.
1800 2756 1894 2800 Non
1913 2763 1970 2792 est
1992 2755 2104 2803 igitur
2122 2755 2332 2792 intellectus
2360 2767 2477 2803 agens

1384 2826 1397 2839 o
1411 2809 1541 2859 aliqua
1569 2809 1780 2846 substantia
1808 2808 2014 2858 separatim
2037 2820 2107 2857 per
2135 2820 2174 2845 se
2203 2808 2379 2855 existens,
2409 2808 2477 2845 sed

1411 2870 1468 2900 est
1495 2862 1638 2912 aliquid
1667 2859 1829 2899 animae
1849 2862 2057 2899 humanae.

1464 2916 1559 2953 Non
1587 2923 1718 2953 autem
1738 2914 1955 2963 intelligitur
1972 2914 2093 2952 littera
2112 2914 2322 2951 Aristotelis
2349 2921 2392 2951 ut
2410 2914 2477 2950 ha-

1412 2969 1514 3006 bitus
1542 2969 1692 3006 dicatur
1718 2981 1801 3006 esse
1830 2968 1989 3006 effectus
2017 2968 2227 3005 intellectus
2255 2966 2410 3015 agentis,
2435 2974 2485 3013 ut·

1413 3022 1459 3059 sit
1474 3034 1627 3059 sensus:
1645 3024 1773 3070 Agens
1791 3021 1878 3059 facit
1897 3021 2099 3058 hominem
2114 3020 2318 3068 intelligere
2334 3019 2477 3065 omnia,

1373 3091 1397 3111 25
1413 3076 1522 3125 quod
1542 3083 1598 3112 est
1616 3075 1714 3112 sicut
1732 3075 1897 3112 habitus.
1913 3076 2025 3111 Haec
2044 3076 2142 3111 enim
2162 3080 2214 3111 est
2233 3074 2395 3121 definitio
2413 3074 2478 3109 ha-

1413 3131 1518 3175 bitus,
1547 3136 1590 3165 ut
1619 3129 1915 3165 Commentator
1948 3129 2140 3164 Averroes
2167 3126 2312 3163 ibidem
2331 3126 2351 3147 ²*
2379 3125 2478 3171 dicit,

1414 3241 1465 3272 est
1491 3236 1563 3272 sibi
1578 3237 1779 3285 proprium
1798 3246 1847 3271 ex
1864 3246 1904 3270 se
1926 3240 1959 3270 et
1988 3234 2136 3283 quando
2155 3234 2323 3278 voluerit,
2344 3234 2481 3281 absque

1414 3290 1485 3325 hoc
1503 3288 1604 3338 quod
1621 3288 1786 3338 indigeat
1804 3289 1842 3324 in
1858 3299 1901 3323 eo
1917 3287 2041 3335 aliquo
2057 3289 2274 3323 extrinseco.
2292 3286 2480 3334 Expresse

341 3345 494 3381 Adhuc.
525 3344 639 3382 Ratio
664 3343 746 3380 eius
766 3344 842 3380 hoc
861 3342 966 3379 idem
988 3341 1164 3378 ostendit.
1187 3341 1292 3389 Quia
1319 3340 1360 3378 in
1375 3359 1400 3378 ιο
1415 3341 1520 3378 enim
1539 3340 1722 3378 assimilat
1740 3340 1888 3377 habitui
1908 3352 1988 3376 non
2008 3339 2138 3388 ipsum
2157 3340 2311 3384 factum,
2332 3338 2399 3375 sed
2427 3340 2481 3375 in-

287 3397 399 3435 omni
426 3405 565 3435 natura
593 3397 632 3434 in
661 3409 740 3446 qua
768 3395 964 3433 invenitur
986 3394 1157 3445 potentia
1180 3403 1216 3432 et
1241 3402 1358 3440 actuS,

341 3519 360 3543 4
378 3511 428 3536 hoc
447 3511 509 3545 non]
529 3519 583 3536 non
601 3512 630 3542 Z,
648 3519 701 3536 non
719 3511 771 3536 hoc
788 3510 821 3535 G.
896 3516 928 3534 ιο
946 3509 1049 3541 generis
1068 3515 1111 3533 om
1130 3507 1210 3533 EGN.

287 3546 385 3580 buitur]
406 3547 558 3572 attributum
576 3552 618 3572 est
635 3546 706 3572 EGN
725 3549 752 3571 et
766 3546 804 3571 sY
822 3553 840 3570 α
857 3546 998 3577 scriptore.

288 3625 386 3644 sensus
404 3618 551 3643 intellectus
570 3618 619 3646 Pa,
637 3623 667 3643 ur
685 3618 723 3643 sic
741 3625 822 3650 agens
841 3617 866 3642 b.
955 3623 988 3647 ²4
1007 3615 1142 3640 hominem
1160 3621 1203 3639 om
1223 3614 1333 3639 «Dwx.

288 3654 387 3679 seilicet
404 3654 514 3678 aDWX.

1286 3515 1320 3540 ¹4
1338 3506 1392 3541 qui]
1413 3515 1481 3541 quae
1499 3507 1549 3532 «D.

1090 3550 1124 3575 24
1141 3544 1180 3569 Ex
1198 3542 1248 3576 his]
1269 3549 1356 3568 autem
1373 3543 1481 3569 addunt
1498 3543 1565 3568 DPc.

343 3589 376 3615 17
395 3582 468 3615 quod
486 3587 528 3607 est
545 3582 644 3615 lumen]
664 3583 737 3615 quod
755 3582 845 3606 lumen
862 3581 914 3611 BC,
933 3580 1004 3614 quod
1023 3579 1111 3604 lumen
1130 3584 1171 3604 est
1189 3579 1258 3610 PsH,
1281 3584 1323 3604 est
1340 3579 1391 3612 pH,
1411 3578 1487 3612 quasi
1506 3578 1595 3603 lumen
1615 3579 1639 3604 b.

1414 3395 1596 3431 tellectum
1625 3407 1697 3444 quo
1726 3399 1776 3430 εει
1804 3395 1931 3430 omnia
1949 3394 2096 3440 jacere.

1624 3507 1655 3532 15
1677 3508 1702 3532 in
1721 3507 1782 3540 quo]
1803 3514 1857 3539 quo
1878 3507 1906 3531 Ρ.
1980 3513 2008 3531 21
2032 3514 2092 3532 esse
2110 3514 2153 3532 om
2173 3506 2289 3531 EGNZb.
2364 3506 2394 3531 23
2415 3507 2485 3532 atu-i-

1743 3577 1775 3602 23
1794 3582 1823 3602 ut
1841 3578 1874 3602 sit
1897 3576 2001 3610 sensus]
2026 3582 2055 3602 ut
2076 3577 2113 3602 sic
2136 3577 2266 3602 intellectu
2303 3584 2326 3608 c,
2345 3577 2393 3602 sed
2405 3582 2434 3602 ut
2451 3577 2486 3603 sit

1425 3613 1456 3639 25
1477 3614 1543 3639 sicut
1560 3621 1602 3639 om
1623 3613 1747 3638 aDWXb.
1840 3611 1872 3637 26
1891 3612 2030 3645 Averroes]
2050 3613 2195 3637 Alexander
2212 3612 2253 3645 Np
2276 3630 2283 3637 .
2375 3611 2408 3637 30
2427 3612 2484 3646 sed]

2507 3137 2517 3146 ·
2541 3135 2674 3157 Comment.
2691 3134 2720 3156 ad

2507 3166 2562 3184 text.
2580 3162 2614 3188 «8,
2628 3162 2668 3184 fol.
2682 3161 2719 3184 ¹61

1414 3183 1514 3232 quod
1549 3183 1688 3219 hahens
1720 3183 1884 3219 habitum
1918 3181 2099 3230 intelligat
2125 3192 2197 3230 per
2228 3182 2348 3229 ipsum
2383 3178 2483 3228 quod
2509 3189 2576 3216 (ven-
2589 3188 2658 3217 ¹5⁶2)-
