2768 4134
71 508 79 515 ”
95 506 131 528 Cf.
144 511 164 527 c.
175 511 227 526 cxx.

62 1289 70 1296 ”
86 1287 124 1308 Cf.
141 1286 274 1318 Comment.

61 1319 80 1335 c.
93 1320 154 1340 xcix,
170 1317 219 1335 init.

60 1431 68 1438 ‘¹
84 1429 140 1456 Cap.
156 1435 205 1456 seq.

60 1471 68 1479 ·
84 1469 140 1496 Cap.
152 1475 196 1490 exv
207 1475 259 1497 sqq.

59 1698 67 1706 ·
83 1697 119 1718 Cf.
136 1703 155 1718 c.
167 1703 218 1718 va.

58 1922 66 1929 ·
82 1920 117 1941 Cf.
134 1926 153 1942 c.
165 1925 225 1941 axvi.

57 2942 65 2951 ·
80 2941 137 2969 Cap.
148 2948 199 2964 axv.

61 3394 69 3402 '¹
85 3393 120 3414 Cf.
140 3395 271 3416 (jommcni.

62 3425 82 3441 c.
99 3426 183 3447 praec,
194 3421 244 3443 init.

320 270 391 317 178

314 345 528 395 Singularia
548 353 679 382 autem
708 350 798 380 sunt
825 342 987 388 infinita,
1009 342 1057 379 ad
1087 341 1219 379 minus
1248 341 1287 378 in
1316 353 1386 391 po-

312 400 438 437 tentia.
464 397 704 448 Impossibile
731 396 845 445 igitur
863 395 1018 433 videtur
1037 395 1145 445 quod
1175 395 1283 432 Deus
1311 395 1387 432 sin-

310 451 454 502 gularia
482 458 699 500 cognoscat.

364 506 479 543 Sexta
506 513 562 542 est
591 517 637 541 ex
665 503 750 553 ipsa
777 503 918 541 vilitate
947 501 1201 550 singularium
1219 501 1250 538 ²¹².
1282 501 1385 539 Cum

310 559 415 596 enim
442 557 622 596 nobilitas
643 557 822 596 scientiae
842 570 889 595 ex
910 555 1107 593 nobilitate
1127 554 1268 592 scibilis
1287 567 1385 604 quo-

309 611 525 649 dammodo
550 618 746 661 pensetur,
775 610 899 648 vilitas
923 609 1039 646 etiam
1068 607 1208 645 scibilis
1237 607 1276 645 in
1302 607 1385 645 vili-

308 673 426 702 tatem
446 664 625 702 scientiae
646 664 865 701 redundare
885 663 1048 700 videtur.
1066 661 1233 699 Divinus
1252 668 1384 698 autem

308 714 520 756 intellectus
549 717 812 756 nobilissimus
842 725 907 753 est.
932 717 1031 753 ·Non
1061 714 1175 763 igitur
1202 714 1285 752 eius
1314 727 1384 752 no-

308 772 431 810 bilitas
450 772 592 822 patitur
611 772 719 821 quod
739 772 847 809 Deus
867 770 1063 820 quaedam
1083 768 1267 806 vilissima
1287 768 1385 806 inter

307 826 515 876 singularia
544 833 762 873 cognoscat.

360 950 375 975 7
396 941 527 975 scientiae]
548 941 626 966 etiam
645 939 767 966 scientiae
786 946 826 964 otc.
917 938 934 964 8
954 937 1019 971 eius]
1039 942 1110 963 tanta
1129 937 1173 963 ΝΖ
1191 938 1321 971 campa.

362 978 375 1003 3
396 979 496 1003 malum
515 977 612 1010 autem]
633 977 732 1002 malum
752 975 861 1008 (malitia
879 975 910 1006 Z)
929 979 1018 999 autem
1037 981 1098 999 cum
1117 974 1152 999 ait
1169 973 1281 1007 privatio
1299 973 1344 998 ΝΖ
1363 981 1425 998 cum
1444 974 1495 1007 pA.

306 1014 355 1039 hoc
374 1014 441 1044 GW,
460 1021 491 1038 ex
511 1020 565 1046 quo
583 1013 613 1038 Z.
703 1012 836 1037 Deusom
858 1010 900 1035 ΝΖ
919 1018 979 1036 cum
999 1010 1049 1043 pA.

816 265 1004 302 SUMMA
1035 264 1255 301 CONTRA
1286 263 1565 308 GENTILES,
1597 264 1709 301 CAP.
1729 266 1861 313 LXIII,
1880 267 2014 303 LXIV.

1498 341 1673 391 Septima
1691 350 1748 380 est
1766 355 1815 381 ex
1833 344 1978 382 malitia
2001 356 2103 394 quae
2122 344 2163 381 in
2186 344 2424 394 quibusdam
2443 345 2520 383 sin-

1441 394 1639 443 gularibus
1658 395 1855 434 invenitur
1867 397 1898 434 ²¹⁸.
1921 398 2025 435 Cum
2045 397 2150 434 enim
2170 398 2370 447 cognitum
2389 399 2436 436 sit
2454 399 2520 436 ali-

1442 460 1523 498 quo
1543 449 1666 486 modo
1686 448 1726 486 in
1746 458 2020 499 cognoscente;
2041 452 2191 488 malum
2211 458 2344 489 autem
2371 451 2410 489 in
2433 452 2520 491 Deo

1442 514 1525 539 esse
1545 513 1627 539 non
1645 501 1778 551 possit,
1798 511 1842 541 ut
1860 515 1978 554 supra
1991 504 2012 526 *
2035 512 2238 542 ostensum
2265 513 2338 542 est:
2366 505 2521 543 videtur

1410 572 1418 592 s
1442 554 1552 604 sequi
1571 555 1681 604 quod
1701 555 1809 593 Deus
1827 558 1978 596 malum
2007 565 2044 595 et
2069 557 2330 607 privationem
2355 558 2520 597 omnino

1441 620 1523 645 non
1551 616 1772 657 cognoscat,
1797 609 1866 646 sed
1894 612 2023 648 solum
2051 611 2266 649 intellectus
2293 611 2360 661 qui
2393 619 2451 649 est
2481 612 2520 650 in

1440 661 1629 712 potentia3
1658 661 1825 712 privatio
1849 663 1955 700 enim
1974 676 2056 702 non
2075 665 2148 703 nisi
2168 665 2208 702 in
2234 665 2407 716 potentia
2435 677 2519 703 esse

1439 722 1576 765 potest.
1597 715 1647 752 Et
1666 727 1714 752 ex
1733 715 1810 753 hoc
1829 716 2004 765 sequitur
2022 719 2130 768 quod
2149 730 2231 756 non
2251 719 2392 757 habeat
2410 719 2520 756 Deus

1439 769 1488 806 de
1509 768 1766 817 singularibus
1785 768 1975 818 notitiam,
1994 769 2035 807 in
2054 770 2198 820 quibus
2216 774 2367 811 malum
2388 781 2424 810 et
2442 772 2519 823 pri-

1399 839 1425 854 ιο
1439 822 1543 861 vatio
1573 822 1779 860 invenitur.

1413 945 1430 971 9
1448 937 1578 964 vilissima
1595 945 1639 963 om
1658 937 1688 964 Ζ.

1587 981 1603 1007 7
1623 973 1780 1007 privatio...
1799 978 1886 1007 potest
1903 981 2003 1008 margo
2021 975 2054 1006 A,
2071 981 2115 1000 om
2128 973 2183 1000 ΝΖ.
2248 972 2250 975 '
2273 975 2290 1000 8
2309 975 2342 1001 Et
2359 983 2391 1002 α
2409 977 2468 1010 hoc]
2489 984 2520 1002 ex

1067 1098 1408 1132 commentaria
1438 1098 1752 1132 Fen-ariensis

359 1209 505 1231 osmuAM
539 1199 762 1230 determinavit
789 1198 926 1229 Sanctus
949 1197 1095 1228 Thomas
1126 1197 1165 1228 de
1195 1198 1383 1238 cognitione

307 1212 467 1276 pdivina
498 1250 658 1285 quantum
688 1243 729 1274 ad
760 1243 927 1274 obiectum
957 1243 991 1274 in
1024 1243 1205 1279 communi,
1230 1252 1320 1274 nunc
1343 1241 1383 1273 ad

303 1290 525 1331 cognitionem
549 1290 650 1330 ipsius
674 1289 757 1319 circa
781 1288 984 1329 particularia
1007 1287 1132 1319 accedit
1147 1289 1174 1318 “.
1200 1287 1295 1319 Circa
1318 1287 1383 1318 hoc

302 1341 412 1366 autem
434 1334 494 1366 tria
518 1334 607 1365 facit:
633 1334 740 1374 primo
766 1334 854 1364 enim
878 1332 1010 1364 adducit
1036 1333 1179 1363 rationes
1201 1333 1383 1364 volentium

302 1381 439 1421 probare
463 1379 554 1422 quod
585 1379 674 1410 Deus
704 1378 878 1418 singularia
909 1387 977 1409 non
1009 1383 1200 1418 cognoscat3
1226 1378 1382 1414 secundo,

300 1425 457 1466 proponit
472 1424 621 1456 ordinem
644 1423 908 1464 respondendi&
933 1424 1029 1454 tertio
1050 1423 1090 1454 de
1114 1423 1247 1454 materia
1270 1423 1384 1454 unius-

301 1471 461 1511 cuiusque
485 1470 666 1511 argumenti
691 1474 804 1499 tractat
819 1470 846 1499 θ.

356 1515 526 1554 Quantum
550 1514 590 1545 ad
613 1515 768 1556 primum,
792 1514 826 1544 in
850 1513 914 1544 hoc
946 1513 1050 1553 capite
1080 1518 1207 1554 septem
1239 1513 1381 1543 rationes

301 1559 522 1647 addtlijguitup·
537 1604 621 1635 enim
634 1603 744 1644 primo
761 1603 817 1634 sic.
836 1602 1021 1633 Intellectus
1037 1608 1158 1639 noster,
1175 1601 1251 1642 quia
1266 1602 1382 1632 imma-

301 1649 418 1680 terialis
434 1655 491 1686 est,
509 1648 680 1689 singularia
697 1647 872 1679 materialia
888 1657 957 1678 non
974 1648 1155 1688 cognoscit.
1173 1648 1260 1688 Ergo
1276 1647 1382 1678 multo

300 1695 410 1725 minus
433 1694 616 1724 intellectus
641 1692 779 1728 divinus,
796 1692 851 1733 qui
868 1693 1008 1723 maxime
1025 1703 1043 1722 a
1058 1693 1193 1723 materia
1216 1691 1337 1723 recedit
1353 1693 1381 1723 *.

356 1737 516 1770 Secundo.
534 1738 715 1779 Singularia
730 1747 798 1768 non
815 1747 943 1779 semper
959 1743 1044 1768 sunt.
1057 1738 1125 1769 Aut
1140 1738 1238 1778 igitur
1254 1747 1383 1779 semper

301 1784 443 1814 scientur
466 1794 483 1814 a
508 1784 595 1815 Deo:
621 1788 676 1813 aut
700 1781 900 1823 quandoque
925 1783 1078 1818 scientur,
1096 1783 1296 1823 quandoque
1313 1792 1380 1813 non

300 1829 452 1860 scientur.
470 1829 545 1859 Non
563 1829 721 1869 primurn:
740 1827 816 1868 quia
832 1826 872 1858 de
889 1838 930 1858 eo
947 1827 1038 1868 quod
1051 1837 1119 1858 non
1132 1833 1180 1858 est
1192 1837 1260 1858 non
1273 1833 1381 1868 potest

301 1882 369 1904 esse
392 1874 536 1904 scientia.
552 1873 622 1904 Nec
638 1873 736 1904 etiam
752 1873 950 1903 secundum:
976 1873 1053 1913 quia
1072 1871 1173 1903 divini
1197 1872 1381 1903 intellectus

300 1918 444 1958 cognitio
469 1924 518 1949 est
540 1918 679 1948 omnino
702 1917 908 1949 invariabilis.
933 1917 1020 1958 Ergo
1045 1922 1105 1948 etc.
1122 1918 1139 1934 ⁴*

359 1963 479 1993 Tertio.
504 1963 552 1994 De
578 1962 693 1994 futuris
724 1962 988 2002 contingentibus
1019 1962 1164 2003 cognitio
1197 1967 1282 1992 certa
1310 1971 1379 1993 esse

1437 1207 1505 1228 non
1521 1202 1644 1238 potest:
1670 1206 1747 1228 cum
1763 1197 1956 1238 oppositum
1972 1197 2043 1228 eius
2059 1197 2151 1238 quod
2165 1198 2358 1238 cognitione
2379 1203 2519 1235 tenetur,

1437 1243 1566 1274 evenire
1590 1243 1704 1283 possit.
1728 1242 1870 1273 Scientia
1893 1247 2002 1273 autem
2027 1243 2090 1274 Dei
2111 1248 2199 1274 certa
2222 1248 2271 1274 est
2285 1248 2319 1274 et
2332 1242 2518 1275 infallibilis.

1437 1287 1524 1328 Ergo
1547 1297 1616 1318 non
1640 1292 1750 1329 potest
1773 1287 1814 1318 de
1836 1287 1900 1318 illis
1922 1295 1992 1318 esse
2008 1289 2035 1318 ἦ
2439 1306 2443 1309 ⁷

1495 1332 1635 1370 Quarto.
1661 1332 1772 1363 Motus
1795 1332 1972 1363 voluntatis
1994 1342 2013 1363 a
2035 1332 2129 1364 nullo
2153 1338 2291 1373 possunt
2313 1341 2372 1373 per
2387 1334 2518 1364 certitu-

1436 1377 1546 1409 dinem
1562 1378 1720 1418 cognosci
1735 1377 1798 1408 nisi
1821 1387 1840 1408 a
1862 1376 2005 1408 volente.
2022 1378 2111 1418 Ergo
2126 1378 2328 1418 impossibile
2345 1383 2394 1409 est
2409 1378 2518 1410 Deum

1435 1422 1476 1454 de
1499 1423 1716 1464 singularibus
1740 1432 1825 1463 quae
1849 1430 1980 1453 causam
2006 1432 2045 1454 ex
2067 1423 2237 1454 voluntate
2263 1428 2408 1459 sumunt,
2431 1423 2519 1455 noti-

1434 1468 1513 1499 tiam
1537 1474 1658 1499 certam
1683 1468 1800 1498 habere
1816 1469 1843 1498 “.
2513 1474 2517 1479 ’

1494 1513 1627 1550 Quinto.
1653 1512 1833 1554 Singularis
1856 1520 1932 1545 sunt
1954 1511 2091 1548 infinita,
2116 1511 2156 1543 ad
2179 1511 2288 1544 minus
2304 1513 2339 1543 in
2359 1513 2516 1554 potentia.

1434 1558 1522 1599 Ergo
1538 1558 1743 1600 impossibile
1757 1563 1806 1589 est
1819 1558 1928 1591 Deum
1944 1557 1999 1590 illa
2014 1566 2229 1599 cognoscere:
2247 1558 2324 1599 quia
2340 1557 2517 1595 infinitum,

1433 1603 1630 1644 inquantum
1653 1602 1854 1641 huiusmodi,
1878 1608 1927 1635 est
1948 1604 2101 1643 ignotum
2117 1602 2144 1632 ⁶.

1490 1647 1601 1678 Sexto.
1627 1648 1813 1679 Intellectus
1836 1648 1965 1680 divinus
1987 1647 2210 1678 nobilissimus
2229 1653 2287 1679 est.
2312 1648 2400 1688 Ergo
2417 1657 2517 1689 quae-

1434 1692 1509 1724 dam
1532 1692 1716 1733 singularia,
1740 1702 1825 1734 quae
1848 1699 1924 1725 sunt
1948 1693 2111 1729 vilissima,
2127 1702 2196 1723 non
2220 1693 2412 1734 cognoscit:
2426 1693 2517 1724 Patet

1433 1738 1686 1779 consequentia:
1718 1738 1796 1779 quia
1826 1739 1931 1770 vilitas
1961 1737 2081 1770 scibilis
2111 1738 2145 1768 in
2176 1736 2333 1769 vilitatem
2362 1738 2516 1771 scientiae

1434 1782 1614 1814 redundare
1638 1781 1765 1814 videtur
1779 1783 1808 1814 “.
2491 1781 2510 1793 ’“

1490 1827 1643 1869 Septimo.
1668 1827 1704 1858 In
1728 1827 1800 1858 Deo
1825 1828 1949 1859 malum
1974 1837 2043 1858 esse
2066 1836 2135 1858 non
2163 1831 2282 1868 potest.
2313 1827 2402 1868 Ergo
2426 1826 2516 1858 Deus

1433 1881 1502 1903 non
1526 1872 1624 1904 habet
1645 1872 1796 1903 notitiam
1820 1871 1860 1904 de
1884 1873 2112 1913 singularibus,
2133 1872 2168 1903 in
2192 1872 2314 1913 quibus
2335 1871 2517 1909 maiman

1433 1917 1571 1957 privatio
1595 1918 1768 1948 invenitur.
1792 1917 1953 1949 Probatur
1975 1917 2225 1959 consequentia:
2249 1917 2327 1958 quia
2345 1911 2516 1962 copim

1433 1967 1482 1993 est
1505 1961 1616 2002 aliquo
1641 1961 1744 1994 modo
1767 1962 1803 1993 in
1825 1967 2047 2003 cognoscente
2063 1963 2091 1993 “.
2462 1961 2514 1988 -⁵-⁵'²-

615 2271 1102 2328 CAPITULUM
1140 2272 1686 2330 SEXAGESIMU
1687 2274 1752 2330 Μ
1790 2273 2196 2352 QUARTUM

1206 2399 1271 2429 18r
1309 2399 1380 2439 b17

1411 2400 1480 2430 sine
1503 2400 1609 2431 titulo.

488 2497 674 2538 ORDO
726 2497 1186 2539 DICENDORUM
1237 2498 1442 2540 CIRCA
1492 2499 1791 2541 DIVINAM
1842 2500 2326 2543 COGNITIONEM

332 2635 393 2676 ‚³105
416 2638 461 2669 y„
485 2642 488 2646 ,
513 2631 536 2656 n
564 2618 682 2656 huius
710 2627 843 2656 autem
862 2618 1003 2656 erroris
1023 2619 1306 2666 exclusionem;
1334 2628 1376 2658 ut

326 2666 427 2730 'UA
440 2671 483 2734 §Is
530 2672 647 2710 etiam
666 2671 821 2710 divinae
846 2672 1028 2710 scientiae
1044 2673 1228 2723 perfectio
1247 2681 1376 2711 osten-

316 2728 352 2770 'A
381 2743 437 2768 ἠ
454 2725 501 2774 ’ς’
526 2725 659 2771 datur3
689 2734 842 2776 oportet
870 2726 1070 2775 diligenter
1089 2726 1291 2764 veritatem
1320 2727 1377 2765 in-

307 2791 314 2801 ¹
356 2756 453 2809 §²³15
471 2773 501 2815 Χ
526 2780 680 2829 quirere
709 2779 809 2817 circa
838 2779 987 2828 singula
1010 2780 1312 2830 praedictorum,
1337 2789 1378 2818 ut

299 2843 344 2870 ea
359 2843 461 2881 quae
481 2841 570 2870 sunt
588 2832 737 2871 veritati
758 2833 951 2871 contraria
971 2835 1216 2883 repellantur.
1243 2833 1377 2872 Primo

299 2897 389 2934 ergo
428 2887 681 2924 ostendemus
717 2887 826 2937 quod
864 2887 1022 2925 divinus
1054 2887 1268 2925 intellectus
1302 2888 1378 2926 sin·

749 2941 936 2986 secundo,
966 2941 1075 2991 quod
1108 2941 1305 2990 cognoscit
1332 2954 1379 2980 ea

298 2939 442 2989 gularia
470 2940 668 2989 cognoscit
681 2940 718 2987 ¹⁸⁸3

351 3063 368 3087 4
387 3055 490 3088 singula
509 3056 711 3089 praedictorum]
731 3056 873 3090 singularia
890 3056 921 3082 Z.
1012 3063 1028 3089 7
1049 3055 1088 3090 eal
1108 3057 1197 3082 omnia
1215 3057 1268 3082 NZ.

352 3098 366 3116 2
386 3090 472 3117 futura
491 3091 616 3117 infallibili
634 3092 782 3126 cognitione
801 3099 846 3118 om
864 3092 900 3122 Z;
919 3091 1045 3118 infallibili
1065 3092 1213 3125 cognitione
1231 3099 1274 3118 om
1294 3093 1326 3119 N.

1432 2632 1534 2670 quae
1563 2633 1645 2658 non
1673 2629 1764 2659 sunt
1791 2621 1832 2660 in
1859 2629 1949 2660 actu
1962 2621 1999 2668 *;
2028 2621 2152 2670 tertio,
2178 2622 2288 2673 quod
2316 2621 2515 2672 cognoscit
2541 2623 2551 2633 ‘

1431 2673 1693 2723 contingentia
1711 2675 1840 2713 futura
1859 2674 2043 2714 infallibili
2069 2675 2289 2725 cognitione
2302 2675 2340 2723 *ς
2358 2683 2513 2726 quarto,
2541 2676 2551 2685 ⁶

1433 2728 1541 2778 quod
1570 2728 1769 2777 cognoscit
1794 2736 1926 2766 motus
1953 2729 2211 2774 voluntatis*;
2228 2729 2380 2780 quinto,
2402 2730 2513 2780 quod
2540 2729 2550 2739 ⁶

1433 2781 1631 2831 cognoscit
1658 2782 1808 2820 infinita
1823 2782 1860 2828 *ς
1891 2790 2013 2827 sexto,-
2032 2783 2141 2834 quod
2168 2783 2367 2833 cognoscit
2393 2794 2513 2834 quae-
2539 2783 2549 2793 ‘

1401 2850 1409 2870 x
1434 2835 1523 2872 libet
1546 2835 1638 2874 vilia
1657 2843 1694 2873 et
1713 2835 1878 2878 minima
1901 2835 1941 2874 in
1966 2835 2174 2883 entibus*;
2202 2837 2382 2889 septimo,
2402 2837 2512 2888 quod
2540 2836 2550 2846 ‘

1433 2888 1631 2938 cognoscit
1658 2890 1762 2928 mala
1796 2897 1833 2927 et
1866 2890 2103 2940 privationes
2137 2890 2328 2942 quaslibet
2354 2892 2418 2930 vel
2445 2891 2513 2930 de-
2539 2942 2550 2952 ²

1435 2942 1556 2980 fectus
1573 2942 1605 2980 ³⁸⁸.

1421 3101 1439 3125 4
1458 3094 1593 3128 cognoscit
1610 3092 1717 3128 infinie-1
1738 3094 1811 3120 Deua
1835 3093 1932 3120 infinita
1951 3094 2088 3128 cognoscit
2105 3095 2174 3122 GW.
2271 3095 2405 3129 quaelibet
2418 3064 2514 3124 Ι«ιιι-Ζ,

1063 3180 1402 3215 Commentario.
1433 3182 1746 3216 Ferit-ariensis

303 3287 450 3351 posi-ris
474 3279 672 3319 argumentis
696 3279 815 3320 quibus
835 3267 1078 3320 particularium
1096 3279 1241 3320 cognitio
1266 3289 1283 3310 a
1306 3279 1378 3311 Deo
1405 3280 1408 3318 ζ
1431 3280 1606 3322 specialem
1631 3281 1736 3322 exigat
1759 3280 2064 3313 considerationem.
2089 3279 2194 3317 Unde,
2214 3279 2298 3311 sicut
2321 3286 2511 3322 argumenta

354 3322 480 3354 videtur
502 3325 673 3360 removeri,
697 3333 798 3360 nunc,
823 3323 863 3355 ad
895 3333 1011 3355 eorum
1042 3324 1241 3355 solutionem
1265 3324 1379 3356 volens
1406 3330 1407 3350 ἑ
1432 3331 1522 3357 erant
1545 3331 1680 3367 septem,
1705 3326 1748 3356 ita
1772 3331 1898 3367 septem
1921 3325 2069 3358 ordinate
2089 3324 2323 3356 consideranda
2344 3327 2510 3367 proponit.

300 3366 436 3398 Sanctus
468 3367 614 3400 Thomas
645 3368 815 3405 accedere,
847 3369 1007 3409 proponit
1037 3369 1188 3400 ordinem
1222 3368 1379 3401 dicendo-

1405 3362 1407 3404 Ι
1433 3370 1474 3402 Et
1497 3370 1543 3401 sic
1566 3375 1691 3412 septem
1715 3377 1812 3402 erunt
1833 3370 2064 3402 conclusiones
2085 3369 2306 3402 declarandae.

300 3421 372 3442 rum
389 3413 419 3442 ἰ
452 3422 491 3443 eo
524 3413 613 3454 quod
645 3423 863 3454 unaquaeque
899 3413 1026 3444 illarum
1058 3414 1378 3454 argumentationum
1404 3422 1407 3451 λ

1350 3575 1449 3618 „w

2548 401 2556 408 ·
2572 398 2609 420 Cf.
2625 404 2644 420 c.
2655 405 2718 421 cxxi.

2548 507 2556 515 ·
2572 505 2629 532 Cap.
2640 511 2719 526 xxxix.

2545 1289 2555 1299 ·
2571 1287 2607 1311 cf.
2621 1294 2641 1311 c.
2652 1294 2724 1311 um.

2545 1470 2555 1480 ·
2569 1469 2605 1492 ef.
2617 1476 2639 1493 c.
2647 1475 2730 1492 unit.

2544 1608 2553 1618 ·
2568 1606 2605 1630 Cf.
2621 1612 2641 1630 c.
2651 1613 2716 1630 uu.

2543 1784 2705 1808 ‘ene-ux.

2542 1964 2552 1974 ·
2569 1962 2607 1986 Cf.
2621 1968 2642 1986 e.
2651 1968 2714 1985 un.
