2716 4302
155 1411 174 1419 x

55 1485 210 1514 ’stri-1²-
225 1485 275 1514 23⁶·

1274 156 1539 210 Appia-mx

302 250 344 281 sit
366 249 555 284 necessaria,
573 249 599 278 si
616 254 723 279 tamen
741 258 836 279 causa
861 250 1008 290 proxima
1025 250 1063 280 sit
1084 250 1286 290 contingenS‚
1304 248 1380 281 effess

302 305 394 332 ctum
410 299 655 339 contingentem
675 309 754 335 esse,
779 300 863 330 sicut
879 304 904 328 ιἰι
919 304 1054 337 effectibus
1063 308 1141 336 patet
1165 307 1251 342 patet
1275 302 1306 331 in
1333 302 1380 332 his

303 359 389 392 quae
404 351 489 381 circa
501 349 653 380 inferiora
670 360 808 391 corpora
824 351 984 388 accidunt,
998 362 1082 393 quae
1100 352 1233 392 quidem
1255 353 1380 382 contin-

302 403 411 443 gentia
434 407 509 432 sunt
533 407 666 442 propter
687 404 907 442 proximarum
926 414 1094 434 causarum
1114 405 1380 445 contingentiam,

304 453 453 495 quamvis
469 462 583 483 causae
601 459 755 489 remotae,
769 464 852 494 quae
869 461 943 485 sunt
961 462 1070 485 motus
1087 456 1250 491 caelestes,
1268 456 1329 486 sint
1343 466 1380 485 ex

305 505 506 536 necessitate.
527 508 645 541 Requirit
663 505 750 533 autern
770 510 836 533 ordo
855 510 966 534 universi
983 511 1070 543 aliqua
1089 518 1149 535 esse
1169 511 1273 535 mobilia
1293 516 1318 535 et
1339 518 1381 535 va-

304 559 410 590 riabilia,
429 559 496 584 sicut
509 564 535 584 et
547 567 607 584 esse
627 567 745 592 corpora,
758 567 818 584 nam
833 568 927 592 corpus
948 569 1000 585 non
1019 566 1105 594 potest
1118 569 1194 594 agere
1214 569 1261 586 nec
1275 569 1382 589 movere

305 612 353 637 nisi
372 617 484 647 motum,
505 617 532 636 ut
551 619 631 644 supra
650 611 789 644 probatum
809 617 858 637 est.
874 608 951 639 Vult
973 610 1068 649 igitur
1090 610 1177 640 Deus
1200 610 1306 649 aliqua
1326 620 1383 638 esse

304 660 530 700 contingenter
562 660 701 689 evenire.
726 661 744 698 §
761 659 936 690 Praeterea.
966 661 1144 690 Necessitas
1170 671 1207 690 ex
1231 661 1382 700 supposi-

303 713 394 744 tione
418 724 471 742 που
482 719 573 749 potest
586 717 746 741 concludere
761 724 793 742 ne
812 713 844 743 in
862 723 958 743 causa
974 724 1040 746 non
1059 720 1165 754 potest
1187 713 1382 744 concludere

305 765 528 796 necessitatem
546 764 727 795 absolutam
741 765 772 794 in
790 764 917 795 effectu.
936 765 1023 795 Deus
1041 772 1148 795 autem
1171 777 1222 793 non
1243 764 1310 795 vult
1327 764 1382 794 ali-

305 815 385 857 quid
401 817 434 847 in
458 822 603 846 creatura
626 826 694 846 non
718 817 909 847 necessitate
925 817 1072 846 absoluta
1094 824 1123 844 ut
1145 828 1227 852 supra
1247 823 1382 845 ostensum

303 875 345 896 est
363 867 420 898 sed
432 867 540 898 solum
554 868 744 898 necessitate
757 877 840 907 quae
858 874 905 898 est
926 877 963 898 ex
981 868 1219 908 suppositione,
1236 873 1271 897 ut
1288 876 1383 906 supra

305 925 473 950 ostensum
497 924 555 950 est.
582 919 628 949 Ex
654 919 820 949 voluntate
837 920 933 959 igitur
949 919 1055 950 divina
1081 929 1146 949 non
1173 924 1279 958 potest
1304 927 1383 948 con-

304 969 393 1000 cludi
417 974 443 998 in
465 973 524 999 Deo
543 973 596 999 nisi
614 981 630 998 n
655 970 688 1000 in
714 970 808 1000 rebus
833 971 946 1000 creatis
966 974 1017 998 nisi·
1029 970 1208 1011 *necessitas
1224 969 1381 999 absoluta.

305 1021 396 1052 Haec
412 1027 521 1053 autem
540 1044 547 1052 .
563 1045 570 1052 .
585 1045 592 1052 .
610 1031 627 1051 a
652 1021 747 1051 rebus
772 1021 878 1051 volitis
903 1021 1168 1061 contingentiam.
1195 1020 1270 1050 Non
1287 1021 1383 1059 igitur

303 1074 460 1113 sequitur,
488 1073 514 1103 si
544 1073 634 1103 Deus
661 1073 729 1103 vult
753 1072 884 1113 aliquid,
910 1073 1001 1113 quod
1026 1073 1104 1103 illud
1130 1072 1169 1102 de
1194 1072 1383 1102 necessitate

304 1125 441 1161 eveniat,
459 1124 517 1155 sed
533 1124 624 1165 quod
641 1125 720 1155 haec
737 1124 966 1155 conditionalis
979 1125 1018 1154 sit
1035 1133 1108 1155 vera
1123 1124 1167 1164 (et
1179 1123 1383 1160 necessaria),

304 1177 339 1209 Si
354 1177 444 1208 Deus
463 1176 586 1217 aliquid
603 1177 671 1207 vult
695 1176 775 1207 illud
796 1177 869 1206 erit:
895 1185 1100 1216 consequens
1125 1182 1232 1206 tamen
1258 1184 1324 1204 non
1345 1183 1384 1203 est

304 1234 436 1269 oportet
460 1237 528 1258 esse
553 1228 780 1258 necessarium.

256 1366 259 1367 ⁷
290 1358 422 1371 ,od-w«
453 1341 538 1380 (ἴας’.
563 1339 736 1385 LXXXVI.
765 1339 862 1377 Qron
888 1348 1014 1369 nrvrxaa·
1041 1347 1234 1367 VOLUNTATIS

626 1387 742 1420 Ρὸτκετ
768 1400 862 1420 nario
887 1399 1059 1420 assitit-tatu.

348 1488 367 1526 ξ
383 1485 548 1526 Colligere
573 1491 683 1516 autern
700 1494 738 1515 ex
755 1483 926 1524 praedictis
943 1492 1118 1523 possumus
1143 1481 1233 1522 quod
1257 1481 1384 1512 divinae

295 1537 480 1570 *voluntatis
503 1537 585 1567 ratio
615 1536 767 1576 assignari
800 1540 917 1575 potest.
947 1534 1036 1564 Finis
1061 1534 1148 1564 enim
1167 1556 1174 1563 .
1189 1533 1275 1563 ..ab
1299 1533 1383 1572 ipso.

302 1590 322 1628 5
337 1589 471 1620 Rursus.
500 1591 570 1616 Illud
582 1590 654 1623 quod
667 1594 706 1614 est
719 1589 851 1621 optimum
874 1591 900 1613 et
916 1589 1066 1621 perfectum
1088 1588 1114 1612 in
1139 1583 1270 1614 Bonum
1289 1583 1385 1623 parti-

303 1639 412 1671 culare
437 1638 605 1669 ordinatur
628 1636 668 1666 ad
693 1636 817 1665 bonurn
843 1634 942 1664 totius
969 1635 1052 1664 sicut
1077 1634 1116 1664 ad
1141 1633 1240 1664 tinem
1266 1639 1300 1664 ut
1325 1634 1385 1663 im-

305 1689 487 1732 perfectum
518 1687 558 1718 ad
589 1687 782 1727 perfectum.
812 1689 882 1714 Deus
905 1694 992 1713 autem
1016 1689 1072 1713 vuit
1097 1688 1196 1713 bonum
1222 1688 1335 1712 universi
1360 1692 1386 1711 et

302 1743 514 1777 unumquodque
532 1741 687 1775 particulare
705 1740 814 1770 bonum.
827 1745 856 1764 ut
874 1746 953 1772 supra
970 1744 1108 1764 ostensum
1121 1743 1171 1764 est.
1185 1735 1251 1774 (Sic
1276 1740 1384 1764 autem

303 1779 424 1824 cadunt
447 1791 556 1832 aliqua
578 1790 639 1820 sub
655 1788 764 1819 divina
781 1788 947 1819 voluntate
971 1786 1152 1818 secundum
1174 1786 1263 1826 quod
1280 1795 1313 1816 se
1330 1786 1385 1815 ha-

304 1844 384 1875 bent
398 1844 433 1874 in
453 1841 567 1873 ordine
584 1839 688 1882 boni.)
704 1839 914 1880 Relinquitur
933 1839 1031 1878 igitur
1055 1837 1145 1878 quod
1168 1842 1240 1866 Deus
1259 1837 1385 1866 bonum

304 1894 447 1926 universi
470 1894 510 1924 sit
542 1893 624 1923 ratio
655 1901 754 1932 quare
780 1891 868 1922 Deus
898 1890 967 1920 vult
995 1888 1259 1929 unumquodque
1289 1888 1385 1927 parti-

304 1946 412 1978 culare
436 1946 562 1976 bonurn
580 1942 642 1985 (in)
659 1943 825 1973 universo.
843 1943 861 1980 §
877 1941 968 1972 Item.
986 1940 1076 1971 Sicut
1093 1949 1189 1980 supra
1208 1963 1213 1969 .
1230 1962 1237 1969 .
1253 1962 1259 1969 .
1278 1939 1385 1978 requi-

303 2003 430 2029 tuntur.
459 1995 559 2035 Quod
591 2000 700 2025 autem
731 1994 784 2024 alii
809 1993 1033 2023 necessitatem
1062 1991 1202 2031 imponit
1233 1996 1278 2020 est
1303 1990 1408 2022 ratio³

303 2059 403 2091 quate
428 2047 508 2079 illud
531 2048 580 2083 sit,
611 2057 672 2075 nam
691 2049 723 2074 ab
743 2049 836 2074 eodem
856 2048 953 2081 aliquid
977 2047 1055 2072 habet
1077 2053 1133 2071 esse
1151 2049 1177 2071 et
1200 2045 1383 2070 necessitatem

303 2110 331 2130 et
354 2111 424 2130 esse.
442 2100 538 2130 Ratio
564 2099 660 2139 igitur
677 2121 684 2127 .
699 2121 706 2127 .
721 2121 728 2127 .
746 2096 930 2137 requiritur.
954 2096 973 2134 ξ
996 2094 1048 2126 Sic
1073 2094 1169 2134 igitur
1188 2117 1216 2124 ..
1231 2117 1238 2123 .
1257 2093 1383 2123 bonita-

302 2157 371 2183 tem
395 2151 506 2191 ipsius.
539 2151 557 2189 ξ
578 2149 655 2180 Non
683 2154 792 2179 tamen
812 2171 819 2178 .
834 2171 841 2178 .
856 2170 863 2177 .
882 2152 1015 2188 propter
1039 2146 1155 2176 melius
1179 2146 1290 2185 ipsius.
1316 2144 1383 2174 Ali—

303 2203 437 2244 quando
458 2203 555 2243 igitur
579 2201 660 2232 ratio
685 2199 812 2231 divinae
837 2198 1010 2229 voluntatis
1035 2197 1181 2228 continet
1197 2196 1303 2227 solum
1327 2195 1383 2226 de-

303 2255 455 2291 centiam,
473 2252 648 2294 aliquando
667 2255 850 2280 necessitatem
869 2254 991 2278 utilitates
1010 2248 1190 2284 utilitatem,
1207 2246 1382 2288 aliquando

254 2314 259 2316 ’
303 2312 414 2337 autem
437 2305 664 2336 necessitatem
681 2312 766 2343 quae
783 2308 830 2332 est
847 2311 884 2332 ex
902 2301 1140 2341 suppositione,
1159 2299 1383 2329 necessitatem

57 2625 84 2648 25
94 2626 107 2642 Ι·
115 2626 164 2649 ι39
172 2629 183 2636 —
192 2626 216 2647 p.
226 2620 283 2648 238:

58 3033 95 3056 ib.
111 3033 135 3056 b.
151 3041 172 3056 ι.

59 3193 88 3216 lb
110 3199 124 3215 a
139 3198 186 3222 mg.
201 3193 243 3215 inf.

63 3238 98 3261 lb.
114 3239 128 3260 b
139 3245 160 3267 5.

63 3705 91 3728 25
101 3706 112 3722 r
127 3700 141 3722 b
154 3700 192 3722 18-
199 3706 222 3727 p.
230 3705 280 3728 ²39·

67 3907 77 3916 ”
92 3905 146 3926 Vid.
162 3905 191 3926 ad
206 3905 251 3926 loc.

279 4023 288 4037 l>

303 2363 382 2389 vero
407 2357 589 2388 absolutam
613 2355 722 2385 solum
747 2363 823 2384 cum
849 2353 916 2383 vult
940 2352 1094 2391 seipsum.

452 2467 534 2508 Cap.
559 2465 747 2497 LXXXVII.
772 2465 870 2503 Quot)
895 2473 1022 2494 nrvmaa
1045 2471 1241 2493 νοιυκτΑτιε

621 2527 706 2548 isnin.
731 2526 847 2547 porasr
872 2525 942 2546 assa
966 2524 1075 2545 causa.

348 2616 367 2653 §
383 2613 542 2652 Quamvis
566 2617 675 2642 autem
704 2611 811 2651 aliqua
843 2609 924 2639 ratio
953 2607 1081 2638 divinae
1111 2606 1285 2636 voluntatis
1310 2605 1385 2634 assi-

303 2666 395 2706 gnari
419 2665 531 2705 possit,
551 2672 619 2694 non
637 2668 747 2693 tamen
771 2661 918 2701 sequitur
942 2658 1034 2699 quod
1054 2657 1228 2688 voluntatis
1252 2657 1321 2686 eius
1346 2656 1385 2685 sit

305 2715 535 2756 aliqua-aliquid
559 2725 666 2746 causa.
692 2713 860 2744 Voluntati
878 2712 964 2742 enim
982 2719 1077 2741 causa
1094 2707 1226 2738 volendi
1243 2713 1290 2738 est
1313 2706 1385 2736 finis

303 2773 371 2797 sicut
390 2777 416 2797 et
434 2771 539 2797 cuilibet
559 2771 689 2803 potentiae
708 2774 795 2794 motae
811 2776 826 2793 a
838 2775 888 2792 suo
900 2767 1012 2791 obiecto.
1028 2761 1116 2791 Finis
1133 2765 1241 2790 autem
1259 2758 1385 2789 divinae

304 2819 481 2850 voluntatis
506 2823 553 2848 est
575 2827 633 2848 sua
657 2817 793 2847 bonitas.
823 2814 895 2854 Ipsa
918 2814 1014 2854 igitur
1037 2818 1084 2842 est
1113 2811 1184 2842 Deo
1209 2819 1305 2840 causa
1329 2818 1386 2839 vo-

304 2871 402 2907 lendi,
428 2879 512 2910 quae
538 2874 585 2899 est
609 2868 706 2898 etiam
725 2867 831 2906 ipsum
850 2874 946 2895 suum
962 2863 1055 2894 velle.
1080 2866 1138 2891 Alia
1156 2873 1219 2890 vero
1243 2873 1311 2897 quae
1331 2865 1387 2888 vult

305 2927 387 2958 Deus,
407 2933 476 2959 quae
494 2925 615 2950 videntur
635 2931 695 2947 esse
715 2922 813 2955 (quasi)
837 2919 903 2944 fines
927 2920 968 2944 vel
991 2918 1079 2948 medii,
1104 2918 1165 2950 quia
1188 2916 1342 2941 ordinantur
1361 2916 1386 2940 in

304 2978 448 3003 bonitatem
469 2975 582 3001 divinam
603 2978 628 2999 et
647 2973 697 2998 alia
715 2973 869 2997 ordinantur
889 2971 914 2994 in
933 2971 998 3002 ipsa,
1018 2977 1070 2993 non
1090 2968 1140 2992 alio
1165 2972 1222 2992 actu
1241 2967 1297 2991 vult
1316 2966 1387 2990 Deus

304 3036 386 3062 quam
404 3028 419 3043 ⁸
433 3035 510 3052 suam
530 3026 681 3054 bonitatem,
696 3029 725 3048 ut
744 3023 830 3047 saltim
850 3022 898 3046 dici
913 3020 996 3053 possit
1011 3020 1082 3052 quod
1102 3019 1188 3043 saltim
1207 3022 1335 3051 quantum
1355 3017 1387 3041 ad

304 3081 420 3113 aliquem
436 3084 524 3103 actum
543 3077 640 3109 aliquid
659 3075 728 3100 aliud
749 3075 781 3098 sit
801 3074 824 3098 ei
844 3080 922 3098 causa
942 3071 1059 3096 volendi:
1079 3078 1139 3095 nam
1160 3070 1180 3094 si
1201 3077 1253 3094 uno
1273 3075 1331 3093 actu
1344 3076 1388 3093 ve-

305 3133 384 3158 limus
403 3129 483 3155 finem
502 3129 627 3153 ultimum
646 3132 672 3151 et
691 3126 788 3151 multos
809 3125 874 3149 alios
900 3122 965 3148 fines
985 3128 1010 3147 et
1030 3122 1108 3146 volita
1126 3121 1243 3145 ordinata
1263 3121 1288 3144 in
1308 3120 1388 3151 ipsos,

305 3185 381 3209 solus
400 3183 510 3207 ultimus
530 3180 589 3206 finis
608 3184 649 3204 est
675 3179 701 3204 ei
728 3185 807 3203 causa
827 3177 939 3202 volendi.
967 3173 983 3189 ἰ’
1003 3170 1165 3212 (Aliorum
1207 3173 1315 3199 autem
1334 3191 1341 3198 .
1357 3190 1364 3197 .
1379 3190 1386 3196 .

306 3230 394 3264 aliud
411 3228 517 3271 velle.)
534 3230 550 3245 ἕ
562 3230 580 3267 g
594 3229 698 3263 Exque
717 3231 795 3254 etiam
816 3225 906 3255 Patet
919 3223 1055 3263 (tamen)
1074 3221 1164 3262 quod
1177 3230 1245 3251 non
1258 3225 1389 3259 oportet

306 3284 489 3315 discursum
507 3281 649 3320 aliquem
665 3287 787 3319 ponere
805 3278 838 3307 in
851 3276 911 3306 Dei
926 3275 1093 3305 voluntate
1114 3282 1221 3309 propter
1235 3275 1389 3308 praeniissa.

305 3336 391 3366 Nam
408 3334 463 3365 ubi
480 3338 527 3363 est
544 3341 628 3362 unus
645 3335 745 3365 actus,
764 3338 831 3359 non
849 3326 1070 3357 consideratur
1095 3324 1266 3357 discursus,
1284 3328 1319 3351 ut
1335 3331 1387 3351 su-

306 3396 364 3426 pra
387 3386 471 3416 circa
489 3382 690 3414 intellectum
708 3387 875 3410 ostensum
893 3383 950 3408 est.
971 3377 1073 3417 (Deus
1091 3381 1199 3405 autem
1213 3396 1222 3404 .
1237 3397 1243 3403 .
1261 3397 1265 3403 .
1281 3382 1388 3402 essen-

306 3436 374 3479 tia.)
390 3438 409 3476 §
425 3436 485 3467 Per
502 3433 665 3475 praedicta
683 3455 689 3462 .
706 3456 711 3462 .
727 3455 734 3462 .
754 3431 864 3462 omnia
881 3439 980 3469 opera
996 3438 1064 3458 sua.
1086 3431 1117 3455 Et
1136 3429 1297 3462 Augustinus
1310 3428 1388 3452 etiarn

307 3492 368 3517 dicit
386 3492 459 3524 quod
478 3490 599 3516 voluntas
618 3489 663 3513 Dei
684 3486 865 3517 irrationabilis
885 3492 945 3509 esse
965 3491 1017 3508 non
1038 3486 1133 3515 potest.

331 3599 412 3639 Cap.
438 3598 640 3629 LXXXVIII.
666 3596 763 3634 Quot>
793 3605 823 3624 15<
849 3594 919 3624 Dao
944 3602 997 3622 asr
1026 3598 1160 3620 meatum
1186 3596 1364 3617 ARBITRIUM.

353 3695 372 3732 ἓ
389 3693 436 3724 Ex
462 3691 632 3733 praedictis
657 3696 766 3721 autem
794 3687 921 3719 ostendi
953 3690 1059 3726 potest
1084 3681 1173 3722 quod
1198 3682 1229 3711 in
1255 3681 1326 3710 Deo
1351 3680 1387 3709 li-

309 3746 425 3776 berum
448 3744 616 3774 arbitrium
641 3742 814 3773 invenitur.
833 3739 917 3770 Nam
933 3738 1070 3768 liberum
1088 3733 1254 3764 arbitrium
1272 3731 1389 3761 dicitur

310 3801 460 3837 respectu
484 3804 600 3826 eorum
625 3803 709 3833 quae
726 3802 794 3822 non
819 3790 1007 3821 necessitate
1024 3796 1128 3815 naturae
1146 3784 1217 3824 quis
1238 3782 1316 3817 vult,
1333 3781 1389 3812 sed

309 3847 442 3888 propria
461 3851 589 3886 sponte,
607 3849 681 3882 quasi
699 3847 826 3873 voluntati
840 3847 866 3871 in
885 3853 931 3871 sua
946 3849 1037 3869 natura
1050 3839 1228 3866 consideratae
1247 3843 1390 3870 utrumque

309 3903 344 3927 sit
361 3901 520 3932 indifferens,
532 3907 554 3931 s.
573 3895 660 3927 unde
679 3896 712 3926 in
724 3895 819 3926 nobis
834 3893 907 3935 (est)
921 3894 937 3910 Ψ
953 3892 1090 3922 liberum
1107 3886 1271 3918 arbitrium
1286 3899 1336 3916 non
1352 3897 1390 3918 est

382 4010 398 4035 b
420 4009 452 4042 37
472 4010 560 4034 locum
579 4007 666 4041 habet]
688 4007 708 4032 E
727 4007 833 4040 regione
851 4006 944 4031 horum
964 4005 1104 4029 verborum
1124 4002 1227 4035 ponitur
1246 4001 1271 4024 in
1292 3992 1415 4032 margine.
1435 3998 1494 4023 Hoc
1508 4001 1586 4030 patet
1598 4004 1650 4029 per·
1668 3996 1858 4030 Augustinum.
1877 3995 1935 4020 Vid.
1955 3995 1987 4020 ad
2006 3995 2055 4019 loc.

1400 728 1424 742 10

1399 985 1421 1004 ¹5

1399 1243 1425 1256 2⁰

1399 1495 1422 1514 ²5

1402 1751 1427 1769 30

1398 2263 1424 2282 4⁰

1400 2515 1424 2534 ις

2436 177 2507 214 35*

1436 261 1554 288 respectu
1574 256 1737 283 beatitudinis
1757 259 1917 291 appetendae
1937 260 1983 284 sed
1998 262 2146 296 respectu
2164 256 2232 286 eius
2249 256 2339 296 quod
2356 257 2507 288 volumus
2550 280 2561 287 κ

1436 313 1562 334 currere
1579 303 1628 334 vel
1654 305 1826 336 ambulare.
1854 306 1941 337 Deus
1965 313 2083 343 autem,
2101 312 2149 336 etsi
2173 319 2251 336 suum
2275 320 2334 337 esse
2357 314 2414 338 velit
2435 321 2472 338 ex
2491 321 2507 337 n

1437 359 1584 384 necessario
1604 361 1757 385 necessitate
1775 366 1890 391 naturae,
1913 358 1974 389 alia
1997 368 2083 392 tamen
2101 360 2133 399 (a
2149 359 2196 396 se)
2217 370 2283 390 non
2309 370 2346 391 ex
2371 362 2508 391 necessi-

1437 412 1500 436 tate
1526 407 1602 443 vult,
1621 413 1655 437 ut
1679 418 1774 450 supra
1792 415 1958 440 ostensum
1977 416 2032 442 est.
2051 410 2121 441 Deo
2147 411 2241 450 igitur
2265 412 2401 443 liberum
2426 413 2508 443 arbi-

1438 458 1534 488 trium
1559 459 1675 489 habere
1701 461 1868 499 competit.
1893 461 2053 499 §Adhuc
2079 462 2237 492 Voluntas
2261 463 2377 499 divina,
2403 464 2433 494 in
2458 464 2508 494 his

1438 508 1477 538 ad
1502 518 1583 548 quae
1609 510 1788 540 secundum
1814 521 1904 541 suam
1923 512 2097 551 (naturam)
2116 524 2181 543 non
2200 513 2439 551 determinatur,
2460 516 2508 545 in-

1438 559 1574 590 clinatur
1599 561 1741 600 quodam
1767 562 1867 592 modo
1893 573 1949 603 per
1971 575 2047 592 suam
2068 570 2230 594 voluntatem
2254 567 2362 605 (suum
2385 567 2507 596 intelle-

1438 612 1540 649 ctum)
1567 618 1600 641 ut
1625 622 1720 651 supra
1745 619 1912 644 ostensum
1929 621 1985 645 est.
2006 615 2068 645 Sed
2089 626 2126 645 ex
2151 617 2214 646 hoc
2232 640 2238 646 .
2254 640 2260 646 .
2276 640 2283 646 .
2302 623 2348 646 est
2373 617 2508 648 liberum

1438 664 1614 694 arbitrium.
1639 665 1760 702 §Item
1786 665 1973 696 Secundum
1996 667 2229 707 philosophum
2301 678 2383 708 quae
2408 669 2447 699 ad
2470 669 2509 699 fi-

1438 725 1513 745 nem
1538 722 1622 746 sunt.
1641 715 1726 746 Cum
1753 718 1847 756 igitur
1872 718 1958 748 Deus
1976 719 2117 758 seipsum
2135 726 2289 759 tanquam
2307 719 2404 750 finem
2423 721 2508 755 velit,

1438 766 1498 796 alia
1517 778 1529 794 s
1549 776 1626 797 vero
1643 768 1725 798 sicut
1742 777 1825 807 quae
1850 768 1888 799 ad
1913 769 2010 799 finem
2036 776 2111 800 sunt
2129 793 2135 799 .
2151 794 2157 799 .
2173 794 2180 800 .
2198 772 2364 810 competit.
2384 773 2402 810 ,ὃ
2414 771 2508 801 Prae-

1438 822 1534 846 terea.
1559 817 1672 847 Homo
1688 841 1711 848 ..
1726 842 1731 847 .
1746 819 1882 849 liberum
1908 820 2073 850 arbitrium
2098 821 2202 851 habet.
2226 822 2244 858 ξ
2257 821 2330 851 Hoc
2348 822 2441 851 etiam
2458 845 2466 851 .
2481 846 2487 851 .
2501 845 2508 851 .

1440 877 1523 907 quae
1540 868 1628 898 Deus
1645 875 1701 898 est.
1722 874 1738 905 ξ
1752 873 1798 897 His
1817 874 1895 898 etiam
1914 880 2063 898 sanctorum
2085 877 2240 899 documenta
2260 882 2412 905 consonant,
2434 884 2508 908 prae-

1439 918 1513 950 cipue
1533 919 1678 951 Augustini,
1697 920 1742 952 qui
1765 920 1789 944 in
1812 920 1866 944 Deo
1885 920 1995 945 liberum
2016 921 2150 946 arbitrium
2171 922 2249 952 ponit.

1744 954 1756 961 -
2078 958 2085 967 ι

1606 1061 1686 1100 Cap.
1714 1061 1884 1093 LXXXIX.
1910 1062 2006 1099 Qrou
2033 1072 2061 1091 {N
2088 1062 2158 1091 Dao
2184 1072 2247 1092 nor<
2271 1072 2346 1092 SUNT

1786 1123 1946 1142 PASSIONES
1971 1123 2163 1143 AFFECTUUM.

1484 1225 1502 1262 ξ
1520 1224 1565 1253 Ex
1591 1225 1771 1263 praemissis
1796 1230 1903 1254 autem
1928 1225 1998 1253 sciri
2026 1230 2132 1264 potest
2157 1224 2245 1264 quod
2275 1226 2439 1264 passiones
2463 1224 2508 1255 af-

1440 1274 1586 1305 fectuum
1611 1276 1642 1305 in
1669 1275 1739 1305 Deo
1763 1285 1830 1305 non
1855 1282 1939 1306 sunt.
1957 1275 2145 1306 Secundum
2171 1276 2257 1306 enim
2282 1276 2510 1306 intellectivam

1439 1325 1643 1356 affectionem
1669 1336 1735 1356 non
1761 1333 1807 1356 est
1832 1327 1938 1366 aliqua
1971 1327 2088 1366 passio,
2114 1326 2169 1356 sed
2200 1326 2305 1356 solum
2331 1327 2510 1357 secundum

1439 1378 1633 1412 sensitivam,
1661 1384 1694 1407 ut
1719 1378 1872 1416 probatur
1897 1378 1927 1407 in
1947 1387 1987 1406 vn
2005 1377 2086 1416 phis.
2104 1382 2195 1406 Divina
2214 1387 2299 1407 autem
2320 1382 2439 1407 voluntas
2459 1390 2511 1407 non

1439 1439 1479 1458 est
1498 1433 1599 1458 affectio
1618 1439 1783 1464 consequens
1799 1439 1917 1462 sensum,
1929 1433 1975 1457 sed
1989 1433 2075 1456 solum
2089 1432 2257 1459 intellectum.
2271 1437 2299 1457 ut
2312 1440 2342 1458 cx
2362 1434 2512 1465 praemissis

1439 1485 1527 1510 baberi
1557 1489 1651 1517 potest,
1681 1492 1728 1509 nec
1757 1483 1845 1516 aliqua
1869 1479 1978 1519 (Nulla
2006 1486 2114 1510 autem
2141 1479 2200 1522 alia)
2228 1480 2297 1510 talis
2321 1479 2447 1510 affectio
2479 1481 2510 1510 in

1440 1533 1511 1562 Deo
1537 1541 1604 1562 esse
1629 1537 1745 1571 potest,
1771 1540 1845 1560 cum
1867 1529 1947 1560 desit
1963 1531 2022 1560 sibi
2046 1532 2194 1561 sensitiva
2219 1532 2373 1570 cognitio,
2399 1537 2433 1560 ut
2457 1541 2512 1570 per

1439 1594 1534 1624 supra
1560 1583 1643 1613 dicta
1669 1589 1714 1613 est
1746 1582 1963 1613 manifestum.
1996 1583 2202 1622 Relinquitur
2234 1584 2328 1622 igitur
2359 1583 2448 1622 quod
2479 1583 2511 1612 in

1442 1636 1512 1666 Deo
1537 1645 1604 1665 non
1629 1635 1667 1665 sit
1692 1634 1836 1664 affectiva
1862 1635 1977 1674 passiO.
2003 1636 2021 1671 ξ
2038 1634 2213 1665 Praeterea.
2236 1634 2351 1664 Omnis
2368 1633 2511 1664 affectiva

1442 1686 1549 1725 passio
1564 1709 1570 1715 .
1587 1709 1593 1715 .
1610 1709 1615 1715 .
1631 1687 1662 1715 in
1681 1686 1751 1724 ipso
1769 1685 1912 1715 affectiva
1930 1686 2047 1724 passiO.
2072 1686 2089 1723 ξ
2108 1685 2195 1715 Item.
2215 1685 2249 1714 In
2266 1685 2355 1714 omni
2374 1707 2381 1714 .
2397 1707 2403 1714 .
2419 1708 2425 1714 .
2444 1694 2512 1714 esse

1441 1747 1508 1767 non
1526 1743 1673 1777 possunt.
1693 1738 1711 1774 ξ
1727 1737 1887 1776 Amplius.
1913 1736 2028 1766 Omnis
2045 1736 2172 1766 affectio
2191 1759 2197 1766 .
2213 1759 2219 1765 .
2235 1759 2241 1765 .
2255 1737 2422 1775 passionis.
2441 1736 2512 1766 Pas—

1441 1789 1490 1819 sio
1515 1789 1602 1818 enim
1619 1789 1778 1828 impetum
1796 1788 1891 1817 habet
1908 1787 1947 1817 ad
1964 1787 2085 1827 aliquid
2111 1797 2224 1822 unum,
2250 1787 2331 1817 sicut
2349 1792 2379 1817 et
2401 1792 2513 1816 natura

1442 1851 1493 1868 non
1513 1842 1583 1867 enim
1603 1849 1649 1875 per
1668 1842 1879 1867 deliberationem
1900 1847 1948 1871 est,
1973 1844 2003 1867 et
2027 1843 2159 1877 propter
2183 1838 2246 1867 hoc
2271 1838 2394 1867 ratione
2419 1842 2515 1873 indiget

1441 1889 1586 1930 (oportet
1617 1887 1702 1929 cam)
1731 1890 1859 1929 reprimi
1893 1895 1923 1919 et
1947 1890 2093 1929 regulari.
2123 1889 2239 1919 Divina
2264 1895 2371 1919 autem
2398 1889 2512 1919 volun-

1440 1947 1487 1972 tas
1505 1963 1535 1971 ..
1550 1964 1558 1970 .
1576 1940 1782 1971 affectionem
1811 1941 1962 1980 aliquam.
1988 1941 2005 1978 ξ
2029 1939 2155 1970 Adhuc.
2186 1939 2301 1969 Omnis
2333 1940 2438 1979 passio
2467 1945 2513 1969 est

1440 1993 1575 2023 alicuius
1600 1991 1773 2032 (potentia)
1799 1992 1961 2033 existentis
1978 1996 2051 2020 cuius
2071 1995 2149 2019 etiam
2169 1999 2209 2019 est
2229 1999 2326 2020 motus.
2343 1990 2430 2020 Deus
2455 2000 2511 2020 au-

1439 2050 1504 2074 tem
1533 2049 1580 2073 est
1605 2043 1741 2073 omnino
1770 2043 1849 2072 liber
1873 2053 1890 2072 a
1915 2043 2136 2083 potentiazsed
2157 2051 2196 2071 est
2219 2039 2308 2084 (cum
2334 2041 2385 2081 sit)
2412 2051 2512 2081 purus

1439 2100 1538 2125 actus.
1574 2094 1629 2124 Est
1662 2095 1826 2134 igitur...
1850 2094 1958 2124 locum
1991 2094 2096 2124 habet.
2129 2092 2171 2134 (ξ)
2199 2093 2250 2124 Sic
2283 2094 2378 2133 igitur
2406 2092 2512 2122 omnis

1438 2147 1544 2186 passio
1568 2147 1691 2176 ratione
1710 2146 1834 2185 generis
1852 2155 1868 2175 a
1886 2145 1956 2175 Deo
1974 2151 2157 2175 removetur
2175 2148 2192 2181 ἐ
2212 2143 2379 2182 Quaedam
2405 2149 2512 2173 autem

1440 2199 1606 2237 passiones
1638 2203 1845 2227 removentur
1869 2207 1886 2226 a
1911 2197 1981 2227 Deo
2007 2207 2072 2227 non
2098 2197 2203 2227 solum
2231 2197 2353 2226 ratione
2381 2196 2429 2225 sui
2457 2205 2511 2235 ge-

1440 2250 1534 2287 neris,
1557 2248 1613 2279 sed
1637 2249 1733 2278 etiam
1750 2249 1874 2278 ratione
1898 2249 2027 2288 speciei.
2045 2248 2162 2279 Omnis
2187 2249 2273 2278 enim
2292 2272 2298 2277 .
2314 2271 2320 2277 .
2337 2271 2342 2277 .
2361 2256 2511 2287 praesens
2532 2265 2535 2267 -

1441 2306 1471 2330 et
1496 2300 1651 2330 habiturn.
1678 2299 1819 2329 Tristitia
1845 2299 1939 2339 igitur
1963 2305 1993 2329 et
2017 2298 2111 2329 dolor
2135 2308 2172 2329 ex
2193 2310 2204 2326 s
2225 2299 2292 2338 ipsa
2315 2299 2362 2328 sui
2388 2298 2512 2327 ratione

1439 2352 1473 2381 in
1498 2351 1570 2381 Deo
1595 2360 1664 2381 esse
1681 2360 1747 2380 non
1766 2356 1911 2390 possunt.
1936 2352 1954 2388 ἓ
1971 2350 2097 2380 Adbuc.
2123 2351 2217 2380 Ratio
2235 2350 2352 2379 obiecti
2378 2349 2512 2379 alicuius

1441 2403 1600 2442 passionis
1624 2412 1689 2432 non
1716 2402 1821 2431 solum
1847 2402 1983 2432 sumitur
2001 2411 2037 2431 ex
2059 2402 2148 2432 bono
2173 2407 2204 2431 et
2228 2401 2324 2439 malo,
2342 2399 2398 2430 sed
2417 2399 2512 2429 etiam

1441 2464 1478 2484 ex
1503 2455 1566 2484 hoc
1591 2453 1681 2494 quod
1698 2453 1878 2493 aliqualiter
1894 2454 1965 2493 quis
1990 2463 2022 2483 se
2048 2453 2142 2483 habet
2164 2452 2202 2482 ad
2224 2452 2358 2482 alterum
2379 2452 2511 2481 horum:

1441 2509 1504 2534 alias
1523 2503 1584 2546 (sic
1610 2506 1711 2543 enirn)
1737 2514 1809 2544 spes
1835 2510 1865 2534 et
1888 2504 2042 2544 gaudium
2067 2516 2119 2532 non
2139 2507 2270 2532 differrent
2293 2502 2453 2534 differunt.
2479 2501 2510 2531 Si

1441 2557 1537 2596 igitur
1551 2579 1558 2586 .
1573 2579 1580 2585 .
1597 2579 1604 2586 .
1618 2566 1685 2586 non
1711 2556 1819 2585 habiti.
1849 2556 1894 2593 *g*
1911 2555 2070 2595 Amplius.
2101 2554 2190 2585 Sicut
2219 2553 2325 2584 divina
2356 2552 2512 2593 perfectio

1440 2606 1576 2648 impedit
1611 2607 1789 2647 potentiam
1826 2606 1998 2636 additionis
2028 2606 2163 2635 alicuius
2192 2605 2269 2635 boni
2301 2603 2466 2634 obtinendi
2496 2615 2512 2634 a

1422 2658 1524 2695 ,Deo‚
1549 2659 1592 2688 ita
1617 2659 1724 2693 etiarn,
1741 2663 1772 2687 et
1796 2657 1900 2687 multo
1925 2657 2074 2696 amplius,
2099 2659 2211 2691 impedit
2233 2654 2374 2686 excludit
2397 2661 2512 2694 poten-

1401 2770 1426 2790 50

1402 3027 1425 3047 55

1402 3279 1429 3299 6⁰

1402 3534 1426 3560 65

1403 3797 1429 3816 70

1439 2709 1514 2738 tiam
1538 2708 1578 2738 ad
1601 2708 1723 2738 malum
1743 2712 1815 2745 quod
1834 2719 1885 2736 non
1905 2716 1945 2736 est
1959 2712 1976 2729 '¹‘
1995 2712 2102 2745 privatio
2120 2715 2193 2735 actus
2214 2711 2239 2734 in
2254 2710 2374 2743 potentia,
2395 2714 2424 2734 ut
2443 2714 2512 2741 patet

1440 2763 1465 2787 in
1485 2770 1510 2787 ix
1530 2763 1643 2796 metaph.
1664 2759 1780 2789 Timor
1804 2765 1911 2789 autem
2004 2758 2093 2799 quod
2118 2762 2225 2798 potest
2249 2757 2361 2787 inesse.
2387 2758 2405 2795 ἓ
2421 2756 2510 2786 Item.

1441 2814 1518 2838 Sicut
1539 2814 1647 2838 divinae
1663 2814 1825 2847 perfectioni
1853 2814 1879 2838 ln
1898 2814 1968 2838 omni
1993 2821 2025 2838 eo
2050 2813 2122 2846 quod
2146 2817 2266 2836 movetur
2284 2817 2325 2836 est
2346 2811 2460 2844 potentia
2479 2812 2512 2835 ad

1442 2871 1585 2898 utrumque
1609 2871 1786 2891 extremorum
1808 2871 1904 2890 motus.
1929 2866 1980 2890 Sed
2005 2862 2207 2891 Poenitentia
2234 2870 2276 2887 mo
2298 2860 2511 2889 mutationem

1441 2920 1471 2952 es
1486 2912 1618 2944 affectus
1647 2914 1800 2953 importat
1823 2912 1847 2941 Δ,
1868 2918 1964 2941 scilicet
1989 2918 2020 2941 de
2044 2917 2114 2941 malo
2137 2917 2161 2940 in
2186 2916 2284 2940 bonum
2309 2915 2340 2939 ad
2366 2915 2452 2939 minus
2472 2922 2513 2938 se-

1442 2970 1557 2995 cundum
1577 2969 1794 2994 aestimationem.
1815 2965 1913 3004 Igitur
1936 2970 1967 2994 et
1990 2965 2070 2994 ratio
2093 2963 2311 3003 poenitentiae
2330 2962 2400 2992 Deo
2417 2971 2512 3001 repu-

1441 3022 1528 3058 gnat,
1550 3025 1618 3046 non
1644 3016 1751 3046 solum
1777 3016 1852 3055 quia
1876 3017 1998 3055 species
2022 3016 2164 3045 tristitiae
2189 3020 2235 3044 est
2259 3022 2284 3042 et
2303 3025 2350 3050 per
2368 3017 2416 3042 hoc
2435 3016 2514 3041 habet

1441 3072 1574 3097 obiectum
1599 3072 1698 3096 malum
1727 3071 1798 3103 quod
1825 3077 1864 3095 est
1887 3078 2011 3103 praesens
2035 3071 2075 3095 vel
2101 3076 2128 3095 ut
2152 3077 2275 3102 praesens
2303 3069 2433 3101 accipitur,
2457 3063 2514 3094 sed

1443 3120 1542 3150 etiam
1570 3119 1646 3158 quia
1677 3119 1891 3149 mutationem
1920 3118 2093 3148 voluntatis
2116 3118 2278 3157 importat.
2303 3116 2513 3154 §Praeterea.

1442 3171 1577 3210 Absque
1603 3179 1710 3200 errore
1727 3192 1735 3199 .
1751 3193 1757 3199 .
1773 3193 1780 3199 .
1799 3175 1833 3199 ut
1856 3169 1988 3199 malum.
2014 3169 2082 3199 Nec
2107 3174 2153 3198 est
2173 3169 2231 3198 nisi
2260 3166 2317 3208 (in)
2345 3166 2514 3206 particula-

1442 3222 1532 3252 ribus
1556 3222 1650 3251 bonis
1675 3226 1710 3251 ut
1734 3221 1862 3250 alterius
1890 3221 2011 3250 malum
2044 3221 2145 3260 possit
2164 3223 2211 3247 sibi
2231 3220 2355 3248 bonum
2380 3218 2513 3248 existere

1443 3271 1573 3314 (alteri),
1599 3273 1631 3302 in
1657 3272 1774 3311 quibus
1799 3272 1964 3311 corruptio
1989 3272 2084 3301 unius
2109 3276 2156 3300 est
2182 3270 2345 3310 generatio
2373 3268 2511 3298 alterius.

1444 3323 1622 3354 Universali
1648 3329 1754 3352 autem
1847 3331 1915 3352 esse
1940 3323 2074 3352 bonum.
2105 3322 2172 3351 Nec
2197 3326 2303 3360 potest
2327 3329 2394 3349 esse
2418 3325 2454 3349 ut
2480 3318 2512 3348 id

1443 3375 1533 3415 quod
1562 3380 1608 3404 est
1633 3374 1821 3414 simpliciter
1844 3374 1967 3403 bonum
1994 3379 2024 3403 et
2048 3383 2114 3402 non
2141 3378 2187 3402 est
2210 3372 2269 3401 sibi
2300 3370 2432 3408 malurn,
2458 3380 2513 3410 ap-

1444 3426 1620 3467 prehendat
1637 3431 1672 3455 ut
1688 3426 1811 3454 bonum
1829 3426 1855 3460 ἦ,
1881 3425 1956 3464 quia
1973 3434 2028 3454 sua
2046 3424 2178 3454 scientia
2195 3429 2241 3453 est
2258 3423 2378 3462 absque
2395 3431 2512 3457 errore,

1442 3484 1478 3508 ut
1504 3487 1600 3517 supra
1617 3483 1784 3506 ostensum
1802 3482 1858 3505 est.
1884 3475 2038 3505 Invidiam
2063 3476 2158 3514 igitur
2174 3475 2206 3504 in
2223 3474 2295 3504 Deo
2314 3472 2512 3512 impossibile

1443 3535 1489 3560 est
1506 3538 1575 3559 esse
1593 3528 1689 3558 etiam
1709 3526 1889 3556 secundum
1905 3536 1981 3556 suae
1997 3526 2117 3565 speciei
2136 3526 2305 3559 rationem,
2322 3533 2389 3554 non
2406 3515 2513 3554 solum

1443 3581 1518 3620 quia
1537 3579 1654 3610 invidia
1679 3578 1804 3618 species
1828 3578 1969 3608 tristitiae
1994 3583 2050 3615 est,
2075 3576 2131 3607 sed
2155 3577 2250 3606 etiam
2276 3576 2351 3616 quia
2375 3575 2514 3604 tristatur

1443 3631 1482 3662 de
1508 3631 1599 3660 bono
1625 3630 1752 3663 alterius
1777 3635 1807 3659 et
1827 3631 1871 3659 sic
1896 3629 2012 3668 accipit
2036 3629 2159 3658 bonum
2186 3625 2339 3667 (alterius)
2359 3632 2514 3666 tanquam

1444 3682 1567 3712 malum
1593 3680 1691 3721 (sibi).
1718 3684 1763 3709 Sic
1788 3684 1869 3709 etiam
1897 3691 1948 3709 non
1971 3686 2064 3715 posset
2087 3683 2113 3707 in
2139 3682 2198 3707 Deo
2222 3689 2277 3707 esse
2298 3681 2390 3714 passio
2409 3680 2514 3713 gaudii.

1443 3734 1460 3771 ξ
1479 3732 1605 3762 Adhuc.
1631 3730 1784 3762 Eiusdem
1816 3731 1947 3761 rationis
1967 3736 2013 3760 est
2031 3753 2037 3760 .
2053 3754 2059 3760 .
2075 3753 2081 3759 .
2099 3730 2285 3760 aestimatur
2307 3729 2442 3758 bonurn.
2468 3727 2514 3756 Ira

1444 3790 1554 3815 autern
1570 3788 1618 3814 est
1634 3783 1795 3823 appetitus
1815 3794 1914 3818 poenae
1933 3786 2040 3810 alicuius
2060 3792 2106 3817 per
2129 3792 2209 3817 quam
2233 3783 2276 3808 fiat
2294 3783 2404 3808 vindicta
2425 3778 2513 3818 (mali

1444 3835 1572 3866 alterius
1597 3838 1694 3862 scilicet
1718 3833 1758 3863 ad
1785 3831 1984 3867 vindictam.)
2010 3832 2057 3862 Ira
2081 3832 2177 3872 igitur
2204 3841 2221 3861 a
2249 3831 2319 3861 Deo
2345 3830 2440 3868 longe
2468 3834 2515 3858 est

1444 3890 1662 3915 secundum.non
1691 3883 1870 3915 secundum
1894 3884 2052 3913 rationem
2077 3892 2153 3912 suae
2171 3882 2299 3922 speciei,
2316 3890 2382 3910 non
2407 3879 2513 3908 solum

2142 3993 2182 4024 37,
2198 3992 2229 4016 38
2249 3991 2290 4016 Sic
2300 4009 2307 4015 .
2318 4008 2324 4015 .
2336 4008 2342 4015 .
2356 3987 2512 4020 removetur]

312 4055 382 4080 Haec
401 4054 482 4079 verba
500 4054 572 4086 prius
592 4051 755 4085 pertinebant
768 4051 800 4075 ad
814 4050 971 4083 praecedens
992 4046 1198 4082 paragraphum;
1217 4046 1271 4073 sed.
1291 4045 1387 4068 inserto
1407 4050 1475 4067 novo
1489 4042 1564 4074 siglo,
1585 4047 1610 4066 et
1630 4041 1696 4073 siglo
1710 4046 1768 4065 ante
1785 4040 1923 4071 Quaedam
1944 4040 2037 4067 deleto,
2057 4046 2155 4062 novum
2175 4034 2362 4069 paragraphum
2382 4033 2511 4058 inchoant.

2537 1236 2585 1258 25v
2601 1236 2716 1257 tlt-§Lm

2541 2562 2587 2584 25v
2603 2557 2647 2577 bi.

2539 2710 2548 2719 ·
2565 2709 2625 2730 Casu
2640 2715 2687 2730 om.
2699 2715 2713 2729 n

2539 2736 2575 2757 vel
2585 2735 2672 2763 aliquid
2681 2735 2716 2756 hui

2540 2762 2612 2783 modi.

2540 3422 2549 3430 ·
2558 3421 2640 3441 bovum!
2648 3427 2702 3441 casu
2712 3427 2716 3447 1

2540 3447 2634 3495 ἷηαΙιιηι.
2658 3446 2710 3468 Vid.

2549 3480 2586 3495 oc.
