2756 4322
101 521 112 538 r
127 516 141 537 b
156 521 196 543 mg
210 514 252 536 inf.
264 525 275 530 —

0 910 8 918 .
30 875 35 878 ⁴
58 886 115 908 ⁴⁴⁷1
127 885 184 909 ¹35·

11 2674 171 2728 ''augrny

1274 182 1538 220 APPENDIX

394 351 475 393 Cap.
502 352 643 383 XLVIII.
668 353 766 391 Qtron
791 364 997 386 suasus-run
1021 366 1290 387 leELanrtiamzs

405 396 409 400 ’
552 413 629 433 suxr
654 414 755 434 manat
780 415 915 435 marran
940 417 971 435 in
996 417 1135 437 memo.

351 516 381 555 t*
394 514 495 553 Quod
520 515 716 545 substantiae
740 516 973 547 intellectuales
998 526 1071 548 sunt
1093 519 1179 549 liberi
1207 519 1323 549 arbitrii
1349 520 1381 548 in

305 565 443 605 agendo.
459 584 478 587 —
494 567 514 605 §
526 565 573 596 Ex
589 566 654 596 hoc
669 572 778 597 autem
790 574 922 607 apparet
935 568 1024 608 quod
1039 569 1218 609 praedictae
1236 571 1380 600 substan-

305 618 368 648 tiae
391 624 467 648 sunt
497 617 588 648 liberi
613 618 732 649 arbitrii
756 619 789 649 in
815 620 991 659 operando.
1025 620 1125 658 Quod
1149 621 1234 651 enim
1252 621 1381 651 arbitrio

306 675 402 710 agant
425 668 632 699 manifestum
656 675 712 705 est,
729 679 768 700 eo
787 670 876 710 quod
893 680 950 711 per
966 672 1187 712 cognitionem
1213 672 1382 702 intellecti-

306 730 380 751 vam
403 719 560 751 iudicium
587 721 703 751 habent
727 721 767 751 de
784 722 967 762 operandis,
988 723 1183 753 Libertatem
1200 722 1309 753 vautem
1327 733 1382 753 ne-

306 781 395 803 cesse
426 777 474 802 est
505 781 558 802 eas
582 772 700 804 habere
728 774 753 803 si
784 774 903 804 habent
934 774 1117 804 dominium
1143 776 1191 805 sui
1216 781 1315 811 actus,
1348 780 1382 804 ut

307 829 475 854 ostensum
496 829 554 859 est,
574 833 637 852 nam
656 827 768 852 liberum
787 831 828 853 est
846 829 919 861 quod
935 836 1019 854 causa
1036 829 1080 855 sui
1098 832 1145 855 est.
1169 826 1251 856 Sunt
1286 827 1383 866 igitur

306 874 490 914 praedictae
507 875 704 906 substantiae
728 875 818 906 liberi
843 876 961 906 arbitrii
986 877 1018 906 in
1042 877 1193 917 agendo.)
1218 879 1234 893 ὕ
1250 879 1268 915 §
1292 877 1382 913 Item,

305 937 366 954 cum
387 925 525 956 liberum
545 930 578 954 sit
598 926 672 966 (est)
698 926 788 966 quod
813 927 861 957 sui
887 937 982 957 causa
1006 934 1062 958 est.
1088 927 1189 965 Quod
1214 937 1290 968 ergo
1315 937 1382 958 non

306 983 351 1007 est
372 978 432 1008 sibi
457 987 552 1008 causa
577 977 704 1017 agendi,
729 987 797 1008 non
821 985 867 1008 est
892 978 1027 1009 liberum
1051 980 1084 1009 in
1110 979 1247 1019 agendo.
1273 979 1382 1017 Quae-

307 1038 451 1070 cumque
476 1035 585 1060 autem
610 1038 678 1059 non
709 1035 882 1060 moventur
909 1039 1018 1070 neque
1042 1036 1141 1070 agunt
1164 1031 1223 1060 nisi
1251 1031 1290 1060 ab
1315 1030 1382 1060 aliis

307 1084 407 1116 mota,
432 1090 500 1110 non
522 1086 597 1111 sunt
621 1081 681 1110 sibi
706 1081 782 1120 ipsis
806 1090 901 1111 causa
926 1081 1051 1121 agendi,
1077 1086 1125 1110 sed
1146 1086 1203 1111 sola
1228 1093 1288 1111 mov
1307 1082 1382 1112 Sola

307 1141 384 1172 ergo
409 1133 575 1162 moventia
599 1133 703 1173 seipsa
727 1133 905 1164 libertatem
931 1134 963 1163 in
991 1133 1118 1174 agendo
1147 1133 1266 1164 habent
1290 1144 1381 1163 eorum

305 1191 397 1214 autem
416 1195 486 1221 quae
504 1190 612 1214 movent
639 1188 727 1221 seipsa
759 1191 790 1215 et
820 1185 900 1216 haec
923 1185 990 1216 sola
1018 1185 1140 1216 iudicio
1164 1192 1274 1225 agunt.
1298 1186 1382 1216 Nam

306 1245 444 1267 movens
468 1259 475 1266 .
491 1259 498 1265 .
513 1258 520 1266 .
546 1235 683 1266 liberum
708 1236 874 1267 arbitrium
909 1237 1036 1267 habere.
1062 1238 1078 1253 ἃ
1108 1238 1126 1275 §
1146 1236 1274 1268 Adhuc.
1305 1241 1384 1271 Quod

305 1291 396 1317 nolum
415 1290 447 1315 ab
467 1291 518 1316 alio
536 1295 665 1320 movetur.
686 1290 796 1315 liberum
815 1298 876 1315 esse
894 1298 947 1315 non
966 1295 1061 1324 potest.
1080 1292 1191 1324 Oportet
1210 1293 1286 1324 igitur
1305 1301 1384 1318 omne

257 1340 571 1377 Vssjfflnssestrliberum
590 1349 604 1365 a
623 1347 653 1365 se
673 1341 780 1365 moveri.
800 1340 888 1366 Omne
907 1346 993 1366 autem
1018 1348 1128 1366 movens
1152 1347 1178 1366 et
1202 1349 1280 1374 agens
1307 1342 1386 1368 habet

307 1391 421 1417 formam
440 1392 555 1425 aliquam
570 1399 616 1424 per
636 1400 717 1425 quam
737 1398 826 1417 movet
839 1398 864 1417 et
877 1393 939 1425 agit,
952 1393 1012 1426 quia
1031 1394 1117 1417 omnis
1130 1393 1196 1418 actio
1210 1399 1251 1418 est
1263 1401 1278 1419 a
1291 1394 1386 1419 forma.

307 1444 387 1475 Quod
409 1449 496 1470 autem
516 1449 637 1469 movetur
656 1452 709 1469 non
729 1450 815 1477 potest
833 1444 931 1469 habere
945 1450 1003 1470 actu
1024 1445 1134 1470 sormam
1158 1453 1227 1478 quae
1251 1451 1291 1471 est
1316 1447 1385 1478 prin-

307 1496 404 1529 cipium
423 1501 512 1520 motus
532 1495 678 1520 secundum
697 1503 758 1520 esse
776 1500 883 1521 naturae
902 1494 973 1529 (sed)
994 1501 1035 1520 est
1054 1497 1158 1528 (enim)
1179 1497 1204 1521 in
1220 1497 1334 1529 potentia
1354 1497 1385 1521 ad

306 1548 388 1577 inam.
407 1547 526 1572 nondum
544 1547 614 1572 enim
638 1547 710 1580 quod
735 1546 820 1572 calefit
841 1552 882 1572 est
904 1552 963 1571 actu
989 1547 1099 1571 calidum
1106 1555 1113 1578 ;
1139 1546 1223 1572 forma
1248 1552 1336 1572 autem
1361 1547 1385 1572 in

307 1598 423 1632 potentin
441 1598 555 1623 existens
574 1605 627 1622 non
646 1595 740 1622 sufficit
754 1579 784 1622 u⁴t
802 1597 836 1622 sit
855 1597 1010 1630 principium
1024 1598 1155 1622 movendi.
1170 1597 1282 1630 Oportet
1300 1598 1386 1630 igitur,

307 1650 331 1674 si
348 1649 375 1674 in
393 1656 426 1674 eo
445 1649 517 1681 quod
540 1653 662 1672 movetur
680 1647 774 1672 debeat
798 1654 858 1672 esse
882 1647 969 1679 aliqua
988 1647 1073 1672 forma
1092 1655 1160 1680 quae
1179 1649 1213 1672 sit
1230 1649 1385 1682 principium

306 1707 321 1726 ε
339 1707 451 1726 movens
470 1700 566 1731 ipsum,
587 1695 660 1731 qu'od
682 1698 715 1723 sit
735 1698 760 1722 in
779 1705 812 1723 eo
830 1705 877 1731 per
900 1699 1009 1723 modum
1038 1699 1197 1724 intentionis
1223 1700 1318 1732 speciei
1343 1707 1386 1724 co-

307 1751 469 1785 gno-cibun,
493 1751 560 1776 sicut
584 1749 670 1775 forma
695 1750 811 1775 sanitatis
837 1756 877 1775 est
905 1750 930 1774 in
954 1750 1058 1775 medico
1085 1756 1194 1776 sanante
1221 1751 1299 1776 etiem
1327 1759 1386 1776 cum

307 1802 426 1835 seipsum
450 1806 534 1828 sanat.
564 1801 626 1826 Sola
654 1801 730 1834 igitur
757 1801 931 1834 cognitionem
960 1801 1079 1826 habentia
1104 1808 1211 1827 movent
1236 1803 1324 1835 seipsa
1341 1810 1387 1834 per

307 1854 421 1880 &armam
439 1853 642 1887 apprehensam.
662 1853 733 1878 Haec
752 1858 839 1878 autem
853 1849 972 1879 Forma
989 1848 1218 1892 (apprehensa)
1238 1858 1279 1880 est
1296 1862 1388 1880 secun-

308 1907 373 1933 dum
392 1913 474 1940 quam
494 1906 633 1931 indicatur
651 1905 685 1930 de
703 1905 810 1932 actione
823 1905 864 1930 vel
882 1908 955 1930 niatu
973 1909 1020 1932 est
1036 1904 1233 1943 principium
1252 1914 1388 1935 movens

308 1954 490 1988 secundum
511 1953 602 1995 quod
619 1952 873 1994 apprehenditur
897 1954 956 1984 sub
982 1955 1106 1985 ratione
1131 1957 1208 1986 boni
1233 1956 1283 1986 vel
1308 1966 1387 1987 con-

309 2007 478 2040 venientis.
503 2007 600 2038 Actio
620 2010 697 2043 igitur
716 2004 831 2045 (enim)
857 2007 995 2036 exterior
1011 2007 1044 2037 in
1061 2008 1269 2038 moventibus
1285 2010 1389 2050 seipsa

309 2058 457 2100 procedit
489 2068 526 2088 ex
559 2058 680 2088 iudicio
717 2066 784 2097 quo
816 2057 976 2087 iudicatur
1009 2057 1131 2098 aliquid
1162 2068 1231 2088 esse
1263 2060 1386 2090 bonum

309 2111 360 2142 vel
385 2110 586 2141 conveniens
605 2113 654 2139 hoc
675 2115 765 2138 autem
786 2113 914 2138 iudicium
935 2119 991 2149 per
1016 2109 1152 2140 formam
1179 2111 1387 2150 praedictam.

309 2163 343 2194 Si
359 2163 456 2203 igitur
473 2162 619 2193 iudicans
635 2161 674 2192 ad
691 2161 902 2192 iudicandum
927 2162 1070 2201 seipsum
1094 2168 1234 2198 moveat,
1259 2169 1388 2203 oportet

310 2214 402 2255 quod
432 2223 490 2255 per
513 2214 655 2254 aliquam
677 2213 824 2243 altiorem
850 2213 987 2243 formam
1013 2213 1248 2253 apprehensam
1267 2225 1299 2245 se
1317 2225 1388 2246 mo—

310 2271 382 2296 veat
413 2265 454 2296 ad
488 2264 701 2295 iudicandum
725 2267 792 2292 sicut
814 2274 861 2299 per
886 2266 997 2291 formam
1023 2267 1180 2299 praedictam
1200 2275 1229 2292 se
1249 2273 1338 2293 movet
1357 2270 1388 2294 ad

309 2319 450 2355 agendum.
469 2317 564 2355 Quae
581 2316 714 2356 quidem
731 2325 800 2346 esse
825 2325 891 2345 non
917 2321 1023 2355 potest
1045 2316 1104 2345 nisi
1122 2316 1190 2356 ipsa
1207 2318 1287 2346 ratio
1312 2318 1389 2348 boni

310 2369 361 2401 vel
385 2369 621 2404 convenientis,
646 2377 703 2408 per
727 2376 826 2407 quam
843 2366 883 2397 de
900 2367 1046 2406 quolibet
1067 2367 1282 2399 determinato
1299 2370 1388 2400 bono

311 2421 360 2452 vel
397 2420 607 2452 convenienti
644 2419 815 2449 iudicatur.
854 2418 906 2448 Illa
942 2419 1039 2457 igitur
1149 2420 1389 2452 intellectualia.

310 2472 388 2504 Sola
419 2473 516 2512 igitur
547 2470 778 2501 intellectualia
810 2479 842 2500 se
861 2474 899 2499 ad
917 2479 984 2500 non
1016 2470 1121 2500 solum
1154 2471 1192 2501 ad
1226 2472 1388 2512 agendum

310 2524 367 2555 sed
391 2524 489 2554 etiam
519 2522 558 2553 ad
586 2521 799 2552 iudicandum
825 2529 969 2552 movent.
999 2522 1076 2552 Sola
1102 2522 1199 2562 igitur
1222 2524 1291 2563 ipsa
1316 2531 1390 2555 sunt

310 2575 411 2606 libera
438 2575 470 2604 in
496 2573 682 2610 iudicando,
714 2573 803 2614 quod
833 2579 879 2604 est
910 2574 1047 2604 liberum
1072 2574 1237 2604 arbitrium
1261 2575 1389 2605 habere.

310 2628 328 2666 ξ
352 2626 514 2666 Amplius.
542 2627 570 2655 A
594 2625 813 2665 conceptione
830 2647 838 2655 .
853 2648 860 2655 .
876 2648 882 2654 .
901 2625 1038 2655 liberum
1061 2625 1237 2655 arbitrium.
1262 2626 1280 2663 ξ
1297 2625 1390 2656 Prae-

310 2685 407 2708 terea.
442 2676 555 2707 Iudicii
581 2699 588 2706 .
634 2699 641 2705 .
667 2675 814 2706 similiter
845 2681 953 2706 autem
985 2676 1017 2705 in
1051 2676 1130 2705 aliis,
1162 2677 1178 2691 Ψ
1202 2675 1389 2713 Quaecum—

311 2739 376 2770 que
400 2729 497 2768 igitur
521 2729 639 2758 habent
661 2726 818 2757 iudicium
843 2726 883 2756 de
907 2726 1039 2766 agendis
1055 2736 1121 2756 non
1140 2726 1387 2757 determinatum

311 2791 329 2812 a
358 2787 471 2811 natura
501 2779 541 2809 ad
565 2787 668 2808 unum
688 2785 753 2806 sunt
765 2781 786 2806 ιι·
805 2786 936 2808 necesse
969 2783 1015 2807 est
1047 2777 1135 2807 liberi
1165 2778 1283 2807 arbitrii
1309 2787 1388 2808 esse.

311 2831 511 2863 Huiusmodi
543 2836 652 2861 autem
686 2836 760 2860 sunt
793 2830 903 2859 omnia
933 2828 1176 2859 intellectualia:
1207 2829 1388 2860 intellectus

312 2885 399 2914 enim
425 2881 638 2923 apprehendit
662 2890 730 2911 non
761 2880 869 2910 solum
900 2880 963 2909 hoc
989 2879 1038 2909 vel
1063 2879 1143 2909 illud
1168 2880 1304 2916 bonum,
1334 2881 1389 2911 sed

312 2939 397 2972 ipsam
419 2935 525 2975 ipsum
544 2934 668 2963 bonum
686 2941 864 2962 commune
884 2935 909 2959 in
929 2935 999 2967 quod
1019 2939 1140 2958 movetur
1159 2935 1280 2959 voluntas
1299 2935 1331 2959 ab
1351 2936 1389 2959 in-

311 2992 416 3020 tellectu
430 2991 497 3015 sicut
509 2990 535 3014 in
549 2988 685 3022 proprium
697 2987 838 3012 obiectum.
855 2982 948 3014 Unde
963 2992 1038 3013 cum
1055 2982 1238 3013 intellectus
1251 2993 1308 3022 per
1324 2982 1388 3013 for-

312 3049 399 3071 mam
431 3026 666 3078 apprehensam
698 3042 828 3066 moveat
849 3035 1079 3070 'voluntatem,
1104 3041 1210 3070 oportet
1237 3041 1326 3063 autem
1355 3036 1389 3065 in

313 3091 466 3121 omnibus
490 3095 599 3119 autem
625 3097 760 3117 movens
786 3094 816 3117 et
833 3093 960 3116 motum
986 3092 1135 3126 oporteat
1160 3095 1227 3116 esse
1252 3095 1389 3126 propor—

311 3144 445 3178 tionata,
467 3141 616 3171 voluntas
641 3139 837 3169 substantiae
863 3138 1086 3168 intellectualis
1112 3147 1177 3168 non
1204 3139 1262 3168 erit
1285 3137 1390 3168 deter-

312 3194 432 3224 minata
454 3202 471 3222 a
487 3198 599 3221 natura
617 3191 676 3220 nisi
694 3190 733 3220 ad
758 3191 882 3220 bonurn
901 3199 1087 3219 commune.
1110 3188 1275 3228 Quicquid
1294 3189 1389 3228 igitur

313 3243 466 3275 offeretur
483 3243 541 3272 sibi
565 3243 625 3272 sub
642 3242 766 3271 ratione
783 3236 860 3271 borii
881 3244 936 3268 sive
954 3244 988 3268 sit
1005 3251 1097 3268 vei-um
1117 3243 1215 3268 bonurn
1236 3244 1291 3268 sive
1310 3251 1388 3276 appa-

2437 189 2507 226 55*

1556 340 1636 379 Cap.
1662 339 1773 369 XLIX.
1799 340 1897 377 Quor>
1921 351 2105 372 snas‘ras‘rla
2131 353 2387 377 israussc'ruazts

1833 400 1896 420 xor<
1921 402 1966 422 srr
1990 402 2116 423 conpos.

1491 488 1513 506 5
1661 466 1895 506 Fragmentum
1921 478 1962 498 ex
1990 470 2109 511 Autog.
2135 472 2281 503 Ambros.

1440 581 1455 597 ᾳ
1485 583 1499 597 =1<
1530 583 1544 598 a«
1573 575 1618 600 est
1643 580 1772 611 corpus.
1796 573 1814 610 ξ
1830 572 1920 603 Item.
1950 574 2037 605 Nihil
2061 577 2124 616 agit
2215 587 2282 608 non
2297 585 2353 609 -est
2377 590 2504 621 corpus.

1436 621 1454 657 ξ
1471 619 1596 651 Adhuc.
1623 621 1656 652 Si
1680 623 1855 653 substantia
1873 647 1879 654 .
1895 648 1902 654 .
1919 648 1925 654 .
1944 627 2116 665 probatum
2141 634 2197 658 est.
2222 628 2371 661 Potentia
2398 638 2507 663 autem

1437 671 1619 702 intellectus
1643 678 1690 703 est
1720 674 1862 713 quodam
1891 676 1993 707 modo
2017 677 2142 709 infinita
2168 679 2200 710 in
2224 680 2449 721 intelligendo:
2473 684 2508 714 in

1399 742 1423 756 ,ο
1437 720 1600 752 infinitum
1625 724 1712 754 enim
1735 724 1884 765 intelligit
1908 729 2031 768 species
2055 739 2266 762 numerorum
2279 743 2331 768 per
2342 737 2508 764 additionem

1438 777 1551 803 unitatis
1574 775 1739 815 augendo;
1765 782 1796 806 et
1820 778 1965 809 similiter
1988 781 2110 820 species
2134 781 2308 823 figurarum
2325 791 2357 815 et
2371 795 2508 827 propor-

1437 824 1575 855 tionum.
1603 825 1783 866 Cognoscit
1814 829 1909 859 etiam
1938 831 2127 869 universale,
2156 834 2245 874 quod
2273 842 2320 866 est
2334 848 2372 872 po
2391 838 2507 868 virtute

1438 875 1602 908 infinitum
1634 878 1814 910 secundum
1839 890 1936 912 suum
1953 883 2121 920 ambitum,
2146 886 2292 917 continet
2315 888 2403 918 enim
2426 889 2509 920 indi-

1439 926 1534 956 vidua
1558 937 1643 968 quae
1667 935 1742 959 sunt
1769 931 1915 970 potentia
1943 931 2079 964 infinita.
2113 935 2295 968 Intellectus
2319 939 2415 978 igitur
2439 949 2507 970 non

1401 999 1422 1019 ,ς
1439 984 1485 1007 est
1505 987 1635 1019 corpus.
1660 981 1678 1019 §
1695 981 1854 1021 Amplius.
1872 982 2075 1024 Impossibile
2093 1009 2099 1016 .
2115 1009 2123 1016 .
2138 1009 2145 1016 .
2163 993 2364 1020 contentum.
2386 994 2510 1020 Duorum

1438 1035 1528 1078 autent
1553 1034 1734 1061 intellectuum
1761 1044 1829 1062 unus
1849 1034 1924 1065 Duo
1956 1042 2064 1067 autem
2094 1038 2275 1070 intellectus
2305 1050 2339 1071 se
2370 1042 2509 1073 invicem

1440 1082 1608 1113 continent
1632 1089 1663 1114 et
1687 1085 1979 1124 comprehendunt,
2004 1087 2082 1118 dum
2107 1099 2191 1121 unus
2213 1094 2283 1121 alius
2299 1092 2397 1123 alium
2418 1094 2511 1124 intel—

1439 1133 1516 1173 ligit.
1534 1133 1608 1164 Non
1627 1139 1674 1165 est
1690 1135 1786 1175 igitur
1802 1137 1984 1168 intellectus
2000 1148 2128 1180 corpus.
2153 1142 2171 1179 ἓ
2183 1140 2274 1172 Item.
2295 1142 2423 1174 Nullius
2440 1154 2511 1175 cor-

1439 1185 1526 1224 poris
1544 1208 1550 1215 .
1566 1209 1594 1215 ..
1614 1187 1674 1216 alia
1697 1192 1796 1217 mota.
1822 1188 2006 1220 Intellectus
2031 1196 2139 1222 autem
2157 1196 2229 1222 actio
2248 1203 2344 1234 supra
2367 1195 2510 1236 seipsum

1399 1253 1425 1266 ,ο
1439 1236 1565 1276 agendo
1583 1236 1770 1269 reflectitur:
1799 1240 1947 1280 intelligit
1963 1242 2050 1272 enim
2074 1244 2216 1284 seipsum
2241 1254 2307 1276 non
2332 1246 2438 1277 solum
2462 1257 2511 1278 se-

1439 1287 1584 1318 cundum
1601 1294 1726 1328 partem
1743 1289 1799 1320 sed
1815 1291 1996 1322 secundum
2016 1298 2132 1324 totum.
2157 1294 2232 1325 Non
2258 1301 2305 1326 est
2328 1297 2424 1336 igitur
2439 1307 2510 1328 cor-

1439 1350 1510 1380 pus.
1535 1341 1553 1379 ξ
1569 1340 1697 1372 Adhuc.
1724 1342 1819 1372 Actio
1845 1344 1991 1383 corporis
2009 1368 2015 1374 .
2031 1367 2038 1374 .
2054 1368 2060 1375 .
2078 1355 2144 1376 non
2171 1352 2218 1376 est
2238 1356 2366 1388 corpus.
2391 1349 2409 1386 §
2424 1349 2511 1380 Hinc

1440 1396 1487 1421 est
1511 1390 1601 1431 quod
1623 1395 1650 1420 in
1671 1401 1758 1422 sacra
1789 1394 1872 1433 scrip
1902 1394 2098 1426 substantiae
2122 1397 2388 1429 *intellectuales
2407 1403 2513 1430 nomine

1440 1443 1569 1482 spiritus
1593 1445 1751 1480 nominat,
1776 1454 1834 1484 per
1857 1455 1955 1486 quem
1981 1446 2117 1477 modum
2142 1450 2312 1480 consuevit
2331 1450 2438 1482 Deum
2463 1453 2512 1483 in-

1401 1510 1423 1530 25
1441 1503 1639 1533 corporeum
1662 1496 1841 1532 nominare,
1867 1496 2047 1528 secundum
2067 1498 2147 1529 illud
2170 1499 2203 1529 io
2220 1509 2261 1536 ιν,
2278 1500 2367 1531 Deus
2383 1503 2512 1542 spiritus

1441 1550 1498 1574 est.
1527 1544 1653 1575 Dicitur
1676 1551 1785 1576 autem
1805 1571 1811 1576 .
1828 1570 1834 1577 .
1850 1571 1856 1577 .
1875 1548 2100 1588 intelligibiles.
2125 1551 2143 1589 §
2162 1550 2223 1581 Per
2246 1551 2309 1582 hoc
2333 1559 2441 1584 autem
2459 1578 2466 1584 .
2481 1578 2488 1585 .
2505 1578 2511 1584 .

1442 1594 1640 1626 huiusmodi.
1659 1596 1767 1634 Quam
1785 1597 1917 1637 quidem
1935 1599 2127 1639 opinionem
2145 1601 2177 1631 in
2194 1600 2293 1632 fidem
2310 1603 2514 1635 christianam

1442 1646 1576 1686 quidam
1593 1647 1747 1678 inducere
1765 1653 1838 1678 sunt
1856 1650 1974 1686 conati,
1993 1649 2135 1681 dicentes
2152 1653 2292 1683 animam
2310 1662 2378 1684 esse
2394 1664 2514 1695 corpus

1442 1696 1628 1736 effigiatum,
1654 1699 1737 1728 sicut
1751 1702 1829 1727 homo
1848 1703 1971 1728 exter-ior
1981 1704 2026 1738 fig
2046 1711 2163 1741 corpus
2181 1704 2316 1734 exterius
2333 1704 2514 1744 figuratur?

1404 1767 1428 1785 30

1586 1847 1667 1887 Cap.
1695 1849 1729 1878 L.
1756 1849 1853 1885 Qron
1879 1860 2084 1880 srasraxrmz
2109 1862 2375 1884 IN·1·E1,1.E‹:TUALES

1811 1910 1887 1929 svxr
1913 1911 2148 1932 unimammas.

1405 2023 1426 2042 3,-
1488 2006 1587 2043 Quod
1624 2008 1818 2038 substantiae
1853 2008 2084 2040 intellectuales
2120 2018 2192 2042 sunt
2229 2013 2462 2046 immateriales.
2494 2035 2514 2038 —

1443 2058 1460 2095 ξ
1477 2057 1523 2087 Ex
1550 2057 1612 2087 hoc
1630 2064 1738 2088 autem
1757 2082 1763 2088 .
1779 2082 1785 2088 .
1801 2081 1807 2088 .
1826 2058 1987 2090 dividitur.
2013 2061 2029 2076 ⁴*
2047 2060 2213 2092 Subtracta
2230 2064 2315 2094 enim
2337 2066 2514 2106 quantitate

1443 2112 1549 2137 materia
1570 2107 1771 2150 (substantia)
1805 2109 2006 2141 indivisibilis
2037 2118 2093 2142 est.
2123 2113 2298 2145 Ostensum
2313 2139 2320 2146 .
2335 2140 2341 2146 .
2357 2140 2363 2146 .
2378 2126 2514 2158 compo-

1443 2160 1512 2188 sita.
1537 2160 1554 2197 §
1570 2159 1731 2199 Amplius.
1750 2159 1840 2191 Sicut
1857 2161 1957 2191 homo
1977 2185 2002 2192 ..
2019 2186 2025 2192 .
2040 2173 2115 2193 cum
2132 2165 2308 2196 intellectu.
2326 2167 2420 2198 Unde
2439 2172 2514 2197 intel-

1443 2215 1525 2240 lectus
1545 2215 1624 2240 etiam
1647 2211 1705 2251 (et)
1724 2213 1922 2243 intellectum
1936 2220 2064 2253 oportet
2082 2225 2149 2245 esse
2167 2217 2287 2256 absque
2311 2220 2442 2249 materia
2466 2220 2513 2250 in-

1405 2275 1430 2294 40
1443 2261 1606 2292 dividuali.
1639 2262 1713 2292 Non
1746 2269 1793 2293 est
1824 2264 1920 2303 igitur
1937 2288 1943 2294 .
1960 2289 1966 2294 .
1982 2288 1988 2295 .
2007 2267 2197 2306 composita.
2230 2269 2247 2306 §
2268 2268 2394 2300 Adhuc.
2418 2271 2514 2301 Actio

1444 2314 1615 2344 cuiuslibet
1647 2323 1683 2344 ex
1716 2315 1846 2345 materia
1879 2322 1910 2346 et
1941 2316 2044 2347 forma
2069 2320 2242 2358 compositi
2273 2329 2339 2350 non
2365 2328 2412 2351 est
2445 2328 2514 2352 tan-

1444 2371 1513 2395 tuin
1542 2364 1664 2395 foi-mae
1702 2375 1761 2395 nec
1800 2371 1925 2396 tantum
1949 2369 2109 2405 materiae,
2142 2369 2197 2400 sed
2228 2372 2411 2411 compositi.
2437 2373 2514 2403 Eius

1444 2417 1529 2446 enim
1545 2439 1552 2445 .
1568 2439 1574 2446 .
1590 2439 1596 2446 .
1612 2417 1711 2456 ipsius
1729 2418 1913 2456 compositi.
1944 2419 2044 2448 Actus
2060 2426 2168 2450 autem
2186 2422 2373 2452 terminatur
2396 2422 2435 2453 ad
2460 2423 2515 2453 ali—

1445 2467 1524 2507 quid
1547 2467 1651 2498 simile
1683 2469 1799 2508 agenti.
1825 2472 1902 2498 Sicut
1921 2474 2007 2506 igitur
2024 2481 2100 2506 comp
2120 2471 2213 2502 Unde
2237 2479 2268 2502 et
2295 2474 2514 2514 compositum

1405 2535 1428 2555 ⁴5
1443 2529 1600 2561 generans
1625 2529 1692 2550 non
1716 2526 1846 2559 generat
1871 2520 2007 2550 formam
2033 2522 2088 2551 sed
2108 2524 2338 2562 compositum.
2365 2523 2396 2554 Si
2422 2525 2516 2564 igitur

1443 2571 1622 2611 intelligere
1642 2572 1681 2600 sit
1705 2571 1788 2600 actio
1810 2573 1995 2611 compositi,
2012 2582 2078 2602 non
2096 2573 2290 2613 intelligetur
2307 2574 2395 2615 (nec)
2414 2574 2515 2606 forma

1444 2633 1504 2653 nec
1540 2623 1682 2658 materia,
1714 2622 1769 2652 sed
1805 2627 1929 2652 tanturn
1967 2625 2198 2664 compositum.
2235 2625 2308 2655 Hoc
2336 2631 2514 2656 autem...

1444 2674 1557 2704 forma.
1583 2675 1601 2712 §
1618 2673 1708 2703 Item.
1736 2673 1874 2703 Formae
1902 2683 2007 2704 rerum
2037 2676 2234 2706 sensibilium
2262 2676 2434 2716 perfectius
2453 2685 2516 2706 sunt

1444 2729 1470 2754 in
1490 2729 1624 2753 inteuectu
1643 2734 1721 2760 quam
1753 2733 1821 2753 esse
1847 2724 1965 2754 habent
1989 2726 2020 2755 in
2045 2726 2208 2756 intellectu
2242 2737 2339 2767 quam
2363 2728 2395 2757 in
2420 2729 2515 2758 rebus

1406 2791 1430 2811 50
1443 2775 1648 2806 sensibilibus
1672 2778 1828 2811 inquantum
1854 2781 1927 2805 sunt
1956 2777 2041 2806 enim
2067 2777 2278 2817 simpliciores
2305 2785 2334 2808 et
2360 2778 2399 2809 ad
2423 2779 2516 2819 plura

1443 2837 1476 2858 se
1493 2827 1712 2863 extendentes,
1739 2837 1795 2868 per
1820 2837 1916 2858 unam
1943 2829 2029 2858 enim
2059 2828 2195 2859 formam
2220 2830 2360 2860 hominis
2385 2830 2515 2866 (intelli-

1441 2879 1586 2918 gibilem)
1613 2887 1727 2908 omnes
1752 2879 1899 2908 homines
1921 2878 2099 2908 intellectus
2125 2881 2301 2919 cognoscit.
2328 2881 2443 2910 Forma
2462 2904 2467 2910 .
2484 2905 2490 2910 .
2507 2904 2514 2910 .

1444 2931 1636 2960 coloratum.
1654 2930 1686 2960 Si
1704 2936 1811 2960 autem
1829 2940 1894 2959 non
1922 2930 2014 2960 faciat
2038 2929 2186 2971 (aliquid)
2212 2941 2279 2961 esse
2297 2932 2369 2968 tale,
2387 2938 2433 2962 est
2456 2933 2514 2962 im-

1443 2981 1585 3022 perfecte
1602 2982 1635 3011 in
1653 2981 1720 3017 illo,
1737 2982 1819 3011 sicut
1837 2980 1939 3010 forma
1958 2981 2074 3011 coloris
2098 2982 2128 3011 in
2147 2991 2217 3012 aere
2236 2988 2270 3012 ut
2287 2983 2317 3012 in
2341 2982 2514 3018 deferente,

1405 3049 1427 3069 55
1444 3039 1475 3063 et
1498 3034 1581 3063 sicut
1606 3033 1703 3062 virtus
1730 3033 1822 3072 primi
1849 3033 1969 3071 agentis
1995 3034 2024 3062 in
2043 3034 2267 3064 instrumento.
2293 3033 2324 3064 Si
2349 3035 2444 3074 igitur
2467 3035 2515 3064 in-

1443 3085 1590 3115 tellectus
1607 3085 1647 3114 sit
1664 3094 1701 3114 ex
1720 3084 1851 3113 materia
1869 3090 1899 3113 et
1918 3083 2019 3114 forma
2041 3085 2252 3124 compositus,
2270 3084 2392 3115 formae
2409 3095 2514 3114 rerum

1446 3137 1681 3167 intellectarum
1716 3135 1830 3165 facient
1861 3135 2058 3165 intellectum
2091 3146 2159 3166 esse
2187 3142 2260 3166 actu
2291 3137 2360 3167 talis
2384 3143 2514 3166 naturae

1443 3191 1527 3224 qualis
1549 3187 1671 3226 (quale)
1691 3193 1737 3216 est
1762 3186 1851 3225 quod
1868 3187 2064 3225 intelligitur.
2090 3187 2130 3216 Et
2154 3188 2199 3218 sic
2216 3188 2361 3227 sequitur
2379 3211 2386 3218 .
2401 3211 2408 3217 .
2423 3211 2430 3217 .
2449 3197 2515 3218 ma-

1442 3239 1518 3269 teria
1550 3244 1580 3268 et
1609 3237 1722 3267 forma.
1748 3238 1765 3275 ξ
1782 3237 1955 3267 Praeterea.
1974 3237 2080 3267 Omne
2098 3237 2187 3278 quod
2211 3244 2257 3268 est
2278 3239 2310 3268 in
2335 3238 2444 3278 aliquo
2463 3262 2469 3268 .
2485 3262 2491 3268 .
2507 3262 2514 3268 .

312 3307 374 3325 rens
392 3303 492 3323 tantum
513 3293 632 3333 poterit
657 3292 806 3322 voluntas
830 3291 974 3321 inclinari
1000 3292 1032 3320 in
1057 3291 1147 3326 illud,
1173 3291 1260 3320 nulla
1285 3290 1388 3320 deter—
1402 3301 1429 3320 ⁶0
1443 3290 1613 3320 existentes
1631 3290 1662 3318 in
1681 3288 1856 3318 intellectu.
1882 3289 1897 3304 ²*
1922 3289 1939 3325 ξ
1955 3288 2044 3319 Item.
2062 3289 2198 3319 Formae
2216 3290 2491 3320 contrariorum..
2507 3313 2513 3319 .

308 3347 492 3378 ‘minatione
510 3345 646 3375 naturali
663 3345 694 3374 in
712 3344 910 3374 contrarium
928 3344 1131 3383 prohibente.
1157 3343 1276 3373 Omnia
1294 3343 1389 3382 igitur

312 3397 542 3429 intellectualia
566 3397 698 3426 liberam
724 3395 924 3425 voluntatem
946 3395 1065 3424 habent
1090 3405 1127 3424 ex
1148 3398 1345 3423 indeterminato
1363 3404 1388 3422 et

312 3454 396 3479 libero
413 3448 536 3480 iudicio
554 3447 735 3478 intellectus
751 3447 947 3476 venientem.
965 3446 1064 3484 Quod
1083 3452 1129 3476 est
1152 3446 1289 3476 liberum
1307 3446 1388 3475 arbi-

312 3501 412 3531 trium
435 3500 564 3532 habere.
581 3498 671 3538 quod
692 3497 843 3528 definitur
860 3507 929 3527 esse
947 3497 1083 3527 liberum
1101 3496 1140 3527 de
1157 3498 1280 3526 ratione
1305 3496 1388 3526 iudi—

1443 3341 1617 3380 expellunt.
1644 3339 1830 3369 Secundum
1857 3344 1930 3375 quod
1955 3345 2061 3370 autem
2087 3340 2177 3380 quod
2201 3347 2275 3371 sunt
2292 3341 2323 3370 in
2340 3340 2515 3376 intellectu,

1442 3402 1509 3422 non
1535 3398 1610 3422 sunt
1642 3392 1830 3426 contrariae,
1864 3390 1918 3420 sed
1955 3400 2055 3420 unum
2089 3391 2323 3421 contrariorum
2358 3397 2404 3421 est
2435 3392 2515 3421 ratio

1441 3447 1555 3472 atterius
1574 3442 1782 3481 intelligibilis
1806 3441 1945 3476 alterius,
1971 3442 2045 3480 quia
2072 3451 2172 3471 unum
2197 3451 2254 3482 per
2278 3441 2363 3471 aliud
2393 3451 2516 3481 cogno—

1443 3495 1550 3524 scitur.
1577 3494 1650 3524 Non
1677 3493 1793 3533 igitur.
1809 3516 1815 3522 .
1836 3516 1842 3523 .
1858 3492 1970 3522 forma.
2000 3494 2017 3530 §
2034 3492 2161 3523 Adhuc.
2191 3493 2322 3523 Materia
2342 3516 2348 3523 .
2365 3517 2370 3522 .
2387 3516 2392 3522 .
2411 3498 2516 3523 muta-

314 3554 411 3583 cium.
437 3556 454 3589 ξ
468 3556 541 3582 Item.
560 3555 665 3585 Quanto
684 3555 769 3586 aliqua
793 3555 877 3578 forma
896 3560 936 3578 est
950 3554 1115 3586 propinquio
1135 3554 1218 3585 magis
1237 3553 1386 3583 materialis,
1402 3559 1425 3583 σς
1442 3546 1576 3575 tionem.
1605 3544 1788 3574 Intellectus
1809 3549 1915 3573 autem
1942 3553 2009 3573 non
2027 3550 2176 3573 movetur
2199 3553 2258 3584 per
2273 3544 2336 3573 hoc
2361 3542 2451 3583 quod
2467 3552 2515 3573 re-

313 3614 386 3634 tanto
405 3614 445 3634 est
463 3609 573 3633 debilior
592 3609 616 3632 in
636 3608 738 3640 agendo
752 3613 778 3632 et
797 3607 948 3639 pauciorum
966 3607 1163 3638 operationum:
1183 3606 1289 3630 materia
1309 3605 1387 3633 enim,

313 3667 372 3684 cum
393 3660 426 3685 sit
448 3667 496 3684 ens
517 3659 543 3684 in
565 3660 687 3692 potentia.
703 3664 832 3691 quantum
858 3662 897 3682 est
921 3658 952 3681 de
977 3665 1006 3681 se
1030 3657 1121 3681 minuit
1139 3656 1260 3680 virtutem
1280 3655 1387 3686 agentis.

314 3719 366 3736 non
391 3711 461 3735 enirn
485 3715 526 3734 est
549 3717 627 3742 agere
652 3710 700 3734 nisi
725 3714 782 3734 actu
807 3709 882 3734 entis.
909 3708 959 3732 Sed
984 3708 1128 3732 intellectus
1152 3712 1194 3731 est
1211 3707 1319 3730 omnino
1339 3706 1387 3729 im-

313 3762 463 3792 materialis,
482 3767 511 3786 ut
531 3768 610 3793 supra
635 3765 772 3786 ostensum
793 3765 840 3785 est.
871 3759 915 3784 Est
938 3759 1014 3789 igitur
1043 3759 1097 3783 eius
1126 3758 1206 3781 virtus
1231 3757 1342 3780 maxima
1362 3756 1386 3779 in

313 3813 423 3846 agendo,
444 3818 470 3837 et
488 3813 661 3846 plurimarum
680 3812 811 3836 actionum
832 3810 956 3836 effectiva.
977 3811 1032 3834 Non
1054 3810 1129 3842 igitur
1148 3808 1335 3832 determinatur
1355 3806 1386 3830 ad

312 3865 363 3890 hoc
379 3865 419 3890 vel
439 3865 511 3893 illud,
530 3864 578 3890 sed
597 3863 774 3889 indifferenter
793 3871 822 3887 se
840 3862 918 3887 habet
937 3862 968 3886 ad
987 3861 1114 3894 opposita,
1134 3859 1204 3892 quod
1225 3864 1264 3883 est
1278 3858 1388 3882 liberum

313 3917 447 3941 arbitrium
466 3916 571 3940 habere.
592 3915 757 3940 §ubstantiae
776 3915 852 3947 igitur
871 3914 1057 3938 intellectuales
1078 3917 1137 3935 sunt
1157 3911 1227 3934 liberi
1248 3909 1352 3934 arbitrii.

1443 3596 1520 3635 cipit
1549 3594 1679 3630 formas,
1704 3593 1759 3624 sed
1784 3594 1884 3633 magis
1911 3593 2083 3633 perficitur,
2109 3600 2139 3623 et
2165 3594 2333 3633 quiescens
2358 3593 2516 3633 intelligit,

1442 3650 1502 3675 Non
1517 3650 1602 3682 igitur
1622 3644 1796 3685 impeditur
1812 3650 1920 3675 autern
1939 3646 1969 3674 in
1984 3645 2194 3684 intelligendo
2211 3654 2268 3685 per
2284 3650 2422 3675 motum.
2440 3644 2515 3675 Non

1442 3698 1538 3736 igitur
1562 3697 1763 3736 recipiuntur
1781 3696 1903 3725 formae
1927 3700 1950 3723 in
1974 3699 2079 3724 materia
2102 3694 2144 3736 (in
2172 3694 2350 3737 intellectu)
2377 3696 2459 3725 sicut
2483 3696 2514 3725 in

1441 3749 1573 3778 materia
1600 3748 1647 3777 vel
1673 3748 1704 3777 in
1731 3757 1763 3777 re
1781 3747 1945 3777 materiali.
1972 3746 2066 3777 Unde
2092 3753 2178 3786 patet
2206 3746 2297 3787 quod
2320 3738 2515 3777 substantiae

1402 3821 1428 3841 70
1441 3799 1656 3838 intelligentes
1693 3798 1918 3827 immateriales
1951 3804 2025 3827 sunt
2052 3805 2078 3826 et
2106 3799 2188 3828 sicut
2226 3804 2257 3827 et
2293 3799 2514 3837 incorporeae.

1444 3853 1461 3889 §
1478 3851 1563 3881 Hinc
1589 3857 1635 3881 est
1653 3874 1659 3880 .
1676 3873 1682 3879 .
1699 3874 1705 3880 .
1725 3850 1957 3888 intelliguntur.

385 4075 400 4100 b
415 4083 430 4108 7
451 4080 491 4099 est
510 4073 615 4107 corpus]
636 4074 675 4098 De
695 4074 752 4098 loco
771 4074 943 4106 capitulorum
963 4080 1071 4098 xux-Lv
1091 4073 1115 4096 in
1137 4072 1216 4104 prima
1237 4069 1397 4094 ordinatione
1417 4068 1492 4093 huius
1513 4073 1644 4098 tractatus,
1665 4067 1723 4091 vide
1744 4071 1831 4090 notam
1851 4073 1929 4098 supra
1948 4073 1974 4098 p.
1995 4064 2055 4096 54*,
2075 4064 2107 4088 ad
2126 4071 2139 4087 a
2155 4063 2178 4087 5.

2534 577 2621 608 Autog.
2636 578 2747 600 Ambros.

2534 609 2550 625 n
2562 610 2574 625 r
2593 610 2605 626 ι
2619 611 2644 631 ι;
2666 611 2688 631 ρ.
2708 606 2745 633 381

2535 636 2546 651 a
2554 630 2590 659 36.

2541 1403 2550 1412 ”
2566 1402 2628 1424 Casu
2645 1409 2691 1424 non
2704 1409 2752 1424 cor-

2540 1432 2628 1451 rectum
2650 1429 2673 1451 in
2702 1430 2752 1450 sub-

2540 1456 2650 1478 stantius.

2543 1700 2550 1709 ·
2576 1699 2608 1722 lta
2632 1700 2752 1728 legendum

2543 1727 2596 1748 loco
2609 1725 2635 1753 fi
2682 1729 2753 1751 alum,

2544 1759 2566 1780 p.
2582 1753 2622 1782 382
2663 1754 2684 1775 S.

2543 2017 2630 2043 Autog.
2639 2016 2752 2036 Ambros.

2543 2042 2558 2063 ii
2570 2048 2581 2063 r
2594 2047 2678 2070 ..μ-ρ.
2687 2043 2735 2070 383.

2544 2070 2552 2078 ·
2567 2068 2599 2090 lb.
2616 2069 2661 2097 b3.

2544 3293 2576 3314 lb.
2593 3293 2607 3313 ii
2619 3299 2631 3312 v
2647 3298 2688 3314 aa.
