<?xml version="1.0" encoding="UTF-8"?>
<!DOCTYPE html PUBLIC "-//W3C//DTD XHTML 1.0 Transitional//EN"
    "http://www.w3.org/TR/xhtml1/DTD/xhtml1-transitional.dtd">
<html xmlns="http://www.w3.org/1999/xhtml" xml:lang="en" lang="en">
 <head>
  <title>
</title>
<meta http-equiv="Content-Type" content="text/html;charset=utf-8" />
  <meta name='ocr-system' content='tesseract 3.04.00' />
  <meta name='ocr-capabilities' content='ocr_page ocr_carea ocr_par ocr_line ocrx_word'/>
</head>
<body>
  <div class='ocr_page' id='page_1' title='image "./operaomniaiussui13thom_0301.png"; bbox 0 0 2768 4134; ppageno 0'>
   <div class='ocr_carea' id='block_1_1' title="bbox 0 1067 274 3695">
    <p class='ocr_par' dir='ltr' id='par_1_1' title="bbox 0 1067 274 3695">
     <span class='ocr_line' id='line_1_1' title="bbox 0 1067 274 3695; baseline 0 0"><span class='ocrx_word' id='word_1_1' title='bbox 0 1067 274 3695; x_wconf 95' lang='lat' dir='ltr'><strong> </strong></span> 
     </span>
    </p>
   </div>
   <div class='ocr_carea' id='block_1_2' title="bbox 721 273 2010 322">
    <p class='ocr_par' dir='ltr' id='par_1_2' title="bbox 721 273 2010 322">
     <span class='ocr_line' id='line_1_2' title="bbox 721 273 2010 322; baseline 0.001 -12"><span class='ocrx_word' id='word_1_2' title='bbox 721 273 910 310; x_wconf 91' lang='lat' dir='ltr'><strong>SUMMA</strong></span> <span class='ocrx_word' id='word_1_3' title='bbox 938 273 1160 311; x_wconf 90' lang='lat' dir='ltr'><strong>CONTRA</strong></span> <span class='ocrx_word' id='word_1_4' title='bbox 1187 273 1464 322; x_wconf 84' lang='lat' dir='ltr'><strong>GENTILES,</strong></span> <span class='ocrx_word' id='word_1_5' title='bbox 1495 274 1605 311; x_wconf 92' lang='lat' dir='ltr'><strong>CAP.</strong></span> <span class='ocrx_word' id='word_1_6' title='bbox 1630 274 1804 321; x_wconf 82' lang='lat' dir='ltr'>LXXXI,</span> <span class='ocrx_word' id='word_1_7' title='bbox 1822 274 2010 311; x_wconf 91' lang='lat' dir='ltr'>LXXXII.</span> 
     </span>
    </p>
   </div>
   <div class='ocr_carea' id='block_1_3' title="bbox 267 351 1355 1947">
    <p class='ocr_par' dir='ltr' id='par_1_3' title="bbox 267 351 1355 1947">
     <span class='ocr_line' id='line_1_3' title="bbox 267 351 1340 394; baseline 0.001 -12"><span class='ocrx_word' id='word_1_8' title='bbox 267 351 331 383; x_wconf 74' lang='lat' dir='ltr'><strong>lsm</strong></span> <span class='ocrx_word' id='word_1_9' title='bbox 352 358 463 384; x_wconf 82' lang='lat' dir='ltr'><strong>autem</strong></span> <span class='ocrx_word' id='word_1_10' title='bbox 487 354 688 394; x_wconf 76' lang='lat' dir='ltr'><strong>comparatio</strong></span> <span class='ocrx_word' id='word_1_11' title='bbox 718 362 788 384; x_wconf 79' lang='lat' dir='ltr'><strong>non</strong></span> <span class='ocrx_word' id='word_1_12' title='bbox 815 358 862 383; x_wconf 89' lang='lat' dir='ltr'><strong>est</strong></span> <span class='ocrx_word' id='word_1_13' title='bbox 890 353 1077 393; x_wconf 87' lang='lat' dir='ltr'><strong>accipienda</strong></span> <span class='ocrx_word' id='word_1_14' title='bbox 1099 354 1191 394; x_wconf 82' lang='lat' dir='ltr'><strong>quasi</strong></span> <span class='ocrx_word' id='word_1_15' title='bbox 1214 354 1340 389; x_wconf 83' lang='lat' dir='ltr'><strong>bonitas</strong></span> 
     </span>
     <span class='ocr_line' id='line_1_4' title="bbox 268 395 1341 438; baseline 0.001 -11"><span class='ocrx_word' id='word_1_16' title='bbox 268 395 376 428; x_wconf 88' lang='lat' dir='ltr'><strong>divina</strong></span> <span class='ocrx_word' id='word_1_17' title='bbox 399 404 571 429; x_wconf 86' lang='lat' dir='ltr'><strong>concurrat</strong></span> <span class='ocrx_word' id='word_1_18' title='bbox 592 397 635 429; x_wconf 92' lang='lat' dir='ltr'><strong>ad</strong></span> <span class='ocrx_word' id='word_1_19' title='bbox 657 406 765 429; x_wconf 81' lang='lat' dir='ltr'><strong>rerum</strong></span> <span class='ocrx_word' id='word_1_20' title='bbox 794 397 1046 438; x_wconf 82' lang='lat' dir='ltr'><strong>productionem</strong></span> <span class='ocrx_word' id='word_1_21' title='bbox 1076 398 1159 429; x_wconf 93' lang='lat' dir='ltr'><strong>sicut</strong></span> <span class='ocrx_word' id='word_1_22' title='bbox 1189 408 1251 428; x_wconf 90' lang='lat' dir='ltr'><strong>ars:</strong></span> <span class='ocrx_word' id='word_1_23' title='bbox 1276 398 1341 436; x_wconf 83' lang='lat' dir='ltr'><strong>hoc</strong></span> 
     </span>
     <span class='ocr_line' id='line_1_5' title="bbox 269 441 1341 483; baseline 0 -11"><span class='ocrx_word' id='word_1_24' title='bbox 269 441 357 472; x_wconf 89' lang='lat' dir='ltr'><strong>enim</strong></span> <span class='ocrx_word' id='word_1_25' title='bbox 368 451 483 472; x_wconf 91' lang='lat' dir='ltr'><strong>verum</strong></span> <span class='ocrx_word' id='word_1_26' title='bbox 496 452 566 474; x_wconf 92' lang='lat' dir='ltr'><strong>non</strong></span> <span class='ocrx_word' id='word_1_27' title='bbox 581 447 638 479; x_wconf 84' lang='lat' dir='ltr'><strong>est,</strong></span> <span class='ocrx_word' id='word_1_28' title='bbox 655 451 732 473; x_wconf 91' lang='lat' dir='ltr'><strong>cum</strong></span> <span class='ocrx_word' id='word_1_29' title='bbox 748 451 797 472; x_wconf 90' lang='lat' dir='ltr'><strong>ars</strong></span> <span class='ocrx_word' id='word_1_30' title='bbox 814 447 985 472; x_wconf 87' lang='lat' dir='ltr'>concurrat</span> <span class='ocrx_word' id='word_1_31' title='bbox 998 451 1058 483; x_wconf 89' lang='lat' dir='ltr'><strong>per</strong></span> <span class='ocrx_word' id='word_1_32' title='bbox 1072 442 1210 473; x_wconf 89' lang='lat' dir='ltr'><strong>modum</strong></span> <span class='ocrx_word' id='word_1_33' title='bbox 1226 451 1341 473; x_wconf 88' lang='lat' dir='ltr'><strong>causae</strong></span> 
     </span>
     <span class='ocr_line' id='line_1_6' title="bbox 269 484 1342 527; baseline 0.001 -12"><span class='ocrx_word' id='word_1_34' title='bbox 269 484 413 517; x_wconf 83' lang='lat' dir='ltr'><strong>formalis</strong></span> <span class='ocrx_word' id='word_1_35' title='bbox 429 495 505 527; x_wconf 83' lang='lat' dir='ltr'><strong>qua,</strong></span> <span class='ocrx_word' id='word_1_36' title='bbox 516 487 648 517; x_wconf 74' lang='lat' dir='ltr'><strong>&#39;bonitas</strong></span> <span class='ocrx_word' id='word_1_37' title='bbox 664 491 774 517; x_wconf 89' lang='lat' dir='ltr'><strong>autem</strong></span> <span class='ocrx_word' id='word_1_38' title='bbox 797 495 854 527; x_wconf 90' lang='lat' dir='ltr'><strong>per</strong></span> <span class='ocrx_word' id='word_1_39' title='bbox 874 486 1010 517; x_wconf 89' lang='lat' dir='ltr'><strong>modum</strong></span> <span class='ocrx_word' id='word_1_40' title='bbox 1026 496 1140 517; x_wconf 88' lang='lat' dir='ltr'><strong>causae</strong></span> <span class='ocrx_word' id='word_1_41' title='bbox 1156 486 1270 523; x_wconf 87' lang='lat' dir='ltr'><strong>finalis,</strong></span> <span class='ocrx_word' id='word_1_42' title='bbox 1287 491 1342 516; x_wconf 90' lang='lat' dir='ltr'><strong>aut</strong></span> 
     </span>
     <span class='ocr_line' id='line_1_7' title="bbox 268 529 1342 572; baseline 0.001 -12"><span class='ocrx_word' id='word_1_43' title='bbox 268 529 413 561; x_wconf 75' lang='lat' dir='ltr'><strong>formalis</strong></span> <span class='ocrx_word' id='word_1_44' title='bbox 436 531 480 561; x_wconf 83' lang='lat' dir='ltr'><strong>ad</strong></span> <span class='ocrx_word' id='word_1_45' title='bbox 502 541 610 572; x_wconf 77' lang='lat' dir='ltr'><strong>quam.</strong></span> <span class='ocrx_word' id='word_1_46' title='bbox 635 530 699 562; x_wconf 79' lang='lat' dir='ltr'><strong>Sed</strong></span> <span class='ocrx_word' id='word_1_47' title='bbox 721 537 769 561; x_wconf 86' lang='lat' dir='ltr'><strong>est</strong></span> <span class='ocrx_word' id='word_1_48' title='bbox 792 530 979 571; x_wconf 87' lang='lat' dir='ltr'><strong>accipienda</strong></span> <span class='ocrx_word' id='word_1_49' title='bbox 1001 531 1060 561; x_wconf 86' lang='lat' dir='ltr'><strong>ista</strong></span> <span class='ocrx_word' id='word_1_50' title='bbox 1083 531 1283 572; x_wconf 85' lang='lat' dir='ltr'><strong>comparatio</strong></span> <span class='ocrx_word' id='word_1_51' title='bbox 1303 539 1342 561; x_wconf 85' lang='lat' dir='ltr'><strong>ex</strong></span> 
     </span>
     <span class='ocr_line' id='line_1_8' title="bbox 268 575 1342 616; baseline -0.001 -10"><span class='ocrx_word' id='word_1_52' title='bbox 268 580 360 615; x_wconf 74' lang='lat' dir='ltr'><strong>parte</strong></span> <span class='ocrx_word' id='word_1_53' title='bbox 381 576 486 616; x_wconf 76' lang='lat' dir='ltr'><strong>ipsius</strong></span> <span class='ocrx_word' id='word_1_54' title='bbox 507 575 651 606; x_wconf 73' lang='lat' dir='ltr'><strong>effeetus.</strong></span> <span class='ocrx_word' id='word_1_55' title='bbox 684 575 772 606; x_wconf 85' lang='lat' dir='ltr'><strong>Cum</strong></span> <span class='ocrx_word' id='word_1_56' title='bbox 791 575 883 606; x_wconf 77' lang='lat' dir='ltr'><strong>enim</strong></span> <span class='ocrx_word' id='word_1_57' title='bbox 901 575 1014 605; x_wconf 36' lang='lat' dir='ltr'><strong>*divina</strong></span> <span class='ocrx_word' id='word_1_58' title='bbox 1034 576 1164 606; x_wconf 79' lang='lat' dir='ltr'><strong>bonitas</strong></span> <span class='ocrx_word' id='word_1_59' title='bbox 1186 584 1255 606; x_wconf 87' lang='lat' dir='ltr'><strong>non</strong></span> <span class='ocrx_word' id='word_1_60' title='bbox 1276 575 1342 605; x_wconf 78' lang='lat' dir='ltr'><strong>hoc</strong></span> 
     </span>
     <span class='ocr_line' id='line_1_9' title="bbox 269 619 1343 660; baseline -0.001 -9"><span class='ocrx_word' id='word_1_61' title='bbox 269 619 372 651; x_wconf 84' lang='lat' dir='ltr'><strong>modo</strong></span> <span class='ocrx_word' id='word_1_62' title='bbox 390 620 436 651; x_wconf 87' lang='lat' dir='ltr'><strong>-sit</strong></span> <span class='ocrx_word' id='word_1_63' title='bbox 456 619 532 652; x_wconf 72' lang='lat' dir='ltr'><strong>finis</strong></span> <span class='ocrx_word' id='word_1_64' title='bbox 554 626 774 651; x_wconf 83' lang='lat' dir='ltr'><strong>creaturarum</strong></span> <span class='ocrx_word' id='word_1_65' title='bbox 796 625 832 650; x_wconf 87' lang='lat' dir='ltr'><strong>ut</strong></span> <span class='ocrx_word' id='word_1_66' title='bbox 857 629 915 660; x_wconf 89' lang='lat' dir='ltr'><strong>per</strong></span> <span class='ocrx_word' id='word_1_67' title='bbox 938 621 1021 660; x_wconf 88' lang='lat' dir='ltr'><strong>ipsas</strong></span> <span class='ocrx_word' id='word_1_68' title='bbox 1045 620 1160 651; x_wconf 83' lang='lat' dir='ltr'><strong>habeat</strong></span> <span class='ocrx_word' id='word_1_69' title='bbox 1183 629 1262 656; x_wconf 81' lang='lat' dir='ltr'><strong>esse,</strong></span> <span class='ocrx_word' id='word_1_70' title='bbox 1282 619 1343 650; x_wconf 87' lang='lat' dir='ltr'><strong>sed</strong></span> 
     </span>
     <span class='ocr_line' id='line_1_10' title="bbox 269 664 1343 706; baseline 0.001 -11"><span class='ocrx_word' id='word_1_71' title='bbox 269 665 372 705; x_wconf 74' lang='lat' dir='ltr'><strong>magis</strong></span> <span class='ocrx_word' id='word_1_72' title='bbox 386 674 405 694; x_wconf 87' lang='lat' dir='ltr'><strong>e</strong></span> <span class='ocrx_word' id='word_1_73' title='bbox 418 665 584 696; x_wconf 72' lang='lat' dir='ltr'><strong>contrario</strong></span> <span class='ocrx_word' id='word_1_74' title='bbox 599 669 636 695; x_wconf 75' lang='lat' dir='ltr'><strong>ut</strong></span> <span class='ocrx_word' id='word_1_75' title='bbox 650 674 701 695; x_wconf 83' lang='lat' dir='ltr'><strong>res</strong></span> <span class='ocrx_word' id='word_1_76' title='bbox 716 665 820 705; x_wconf 87' lang='lat' dir='ltr'>ipsam</span> <span class='ocrx_word' id='word_1_77' title='bbox 842 665 1034 705; x_wconf 77' lang='lat' dir='ltr'>participent</span> <span class='ocrx_word' id='word_1_78' title='bbox 1049 665 1184 706; x_wconf 82' lang='lat' dir='ltr'><strong>eiusque</strong></span> <span class='ocrx_word' id='word_1_79' title='bbox 1200 664 1343 704; x_wconf 74' lang='lat' dir='ltr'><strong>aliquam</strong></span> 
     </span>
     <span class='ocr_line' id='line_1_11' title="bbox 271 707 1343 749; baseline 0.001 -9"><span class='ocrx_word' id='word_1_80' title='bbox 271 707 515 741; x_wconf 79' lang='lat' dir='ltr'><strong>similitudinem</strong></span> <span class='ocrx_word' id='word_1_81' title='bbox 534 709 677 749; x_wconf 87' lang='lat' dir='ltr'><strong>capiant;</strong></span> <span class='ocrx_word' id='word_1_82' title='bbox 702 710 784 740; x_wconf 87' lang='lat' dir='ltr'><strong>sicut</strong></span> <span class='ocrx_word' id='word_1_83' title='bbox 807 708 971 740; x_wconf 84' lang='lat' dir='ltr'><strong>artificiata</strong></span> <span class='ocrx_word' id='word_1_84' title='bbox 991 714 1066 740; x_wconf 89' lang='lat' dir='ltr'><strong>sunt</strong></span> <span class='ocrx_word' id='word_1_85' title='bbox 1081 707 1241 749; x_wconf 85' lang='lat' dir='ltr'><strong>quaedam</strong></span> <span class='ocrx_word' id='word_1_86' title='bbox 1256 709 1343 741; x_wconf 81' lang='lat' dir='ltr'><strong>simi-</strong></span> 
     </span>
     <span class='ocr_line' id='line_1_12' title="bbox 270 752 1343 794; baseline -0.001 -10"><span class='ocrx_word' id='word_1_87' title='bbox 270 752 422 784; x_wconf 86' lang='lat' dir='ltr'><strong>litudines</strong></span> <span class='ocrx_word' id='word_1_88' title='bbox 441 753 529 789; x_wconf 77' lang='lat' dir='ltr'><strong>artis,</strong></span> <span class='ocrx_word' id='word_1_89' title='bbox 550 753 594 784; x_wconf 90' lang='lat' dir='ltr'><strong>ita</strong></span> <span class='ocrx_word' id='word_1_90' title='bbox 617 753 677 783; x_wconf 85' lang='lat' dir='ltr'><strong>alia</strong></span> <span class='ocrx_word' id='word_1_91' title='bbox 700 763 718 784; x_wconf 89' lang='lat' dir='ltr'><strong>a</strong></span> <span class='ocrx_word' id='word_1_92' title='bbox 740 753 813 784; x_wconf 91' lang='lat' dir='ltr'><strong>Deo</strong></span> <span class='ocrx_word' id='word_1_93' title='bbox 837 760 912 784; x_wconf 90' lang='lat' dir='ltr'><strong>sunt</strong></span> <span class='ocrx_word' id='word_1_94' title='bbox 936 753 1095 794; x_wconf 77' lang='lat' dir='ltr'><strong>quaedam</strong></span> <span class='ocrx_word' id='word_1_95' title='bbox 1118 752 1343 784; x_wconf 82' lang='lat' dir='ltr'><strong>similitudines</strong></span> 
     </span>
     <span class='ocr_line' id='line_1_13' title="bbox 271 796 1343 829; baseline -0.001 -1"><span class='ocrx_word' id='word_1_96' title='bbox 271 796 398 828; x_wconf 77' lang='lat' dir='ltr'><strong>divinae</strong></span> <span class='ocrx_word' id='word_1_97' title='bbox 421 797 584 828; x_wconf 86' lang='lat' dir='ltr'><strong>bonitatis.</strong></span> <span class='ocrx_word' id='word_1_98' title='bbox 607 798 704 829; x_wconf 87' lang='lat' dir='ltr'><strong>Unde</strong></span> <span class='ocrx_word' id='word_1_99' title='bbox 727 807 760 828; x_wconf 89' lang='lat' dir='ltr'><strong>se</strong></span> <span class='ocrx_word' id='word_1_100' title='bbox 783 798 879 829; x_wconf 90' lang='lat' dir='ltr'><strong>habet</strong></span> <span class='ocrx_word' id='word_1_101' title='bbox 901 798 1028 828; x_wconf 89' lang='lat' dir='ltr'>bonitas</span> <span class='ocrx_word' id='word_1_102' title='bbox 1052 797 1159 828; x_wconf 83' lang='lat' dir='ltr'><strong>divina</strong></span> <span class='ocrx_word' id='word_1_103' title='bbox 1182 797 1222 828; x_wconf 90' lang='lat' dir='ltr'><strong>ad</strong></span> <span class='ocrx_word' id='word_1_104' title='bbox 1243 803 1343 828; x_wconf 86' lang='lat' dir='ltr'><strong>artem</strong></span> 
     </span>
     <span class='ocr_line' id='line_1_14' title="bbox 271 841 1343 882; baseline -0.001 -9"><span class='ocrx_word' id='word_1_105' title='bbox 271 842 372 873; x_wconf 76' lang='lat' dir='ltr'><strong>divini</strong></span> <span class='ocrx_word' id='word_1_106' title='bbox 385 842 578 873; x_wconf 68' lang='lat' dir='ltr'><strong>‘intellectus</strong></span> <span class='ocrx_word' id='word_1_107' title='bbox 606 843 689 873; x_wconf 89' lang='lat' dir='ltr'><strong>sicut</strong></span> <span class='ocrx_word' id='word_1_108' title='bbox 720 841 826 873; x_wconf 80' lang='lat' dir='ltr'><strong>forma</strong></span> <span class='ocrx_word' id='word_1_109' title='bbox 856 842 1046 882; x_wconf 81' lang='lat' dir='ltr'><strong>exemplaris</strong></span> <span class='ocrx_word' id='word_1_110' title='bbox 1074 841 1116 872; x_wconf 89' lang='lat' dir='ltr'><strong>ad</strong></span> <span class='ocrx_word' id='word_1_111' title='bbox 1146 847 1343 882; x_wconf 87' lang='lat' dir='ltr'><strong>conceptum</strong></span> 
     </span>
     <span class='ocr_line' id='line_1_15' title="bbox 271 885 1344 927; baseline -0.003 -8"><span class='ocrx_word' id='word_1_112' title='bbox 271 896 372 927; x_wconf 72' lang='lat' dir='ltr'><strong>quem</strong></span> <span class='ocrx_word' id='word_1_113' title='bbox 393 887 429 918; x_wconf 90' lang='lat' dir='ltr'><strong>in</strong></span> <span class='ocrx_word' id='word_1_114' title='bbox 450 888 560 927; x_wconf 86' lang='lat' dir='ltr'><strong>seipso</strong></span> <span class='ocrx_word' id='word_1_115' title='bbox 591 886 709 919; x_wconf 79' lang='lat' dir='ltr'><strong>format</strong></span> <span class='ocrx_word' id='word_1_116' title='bbox 739 886 851 918; x_wconf 79' lang='lat' dir='ltr'><strong>artifex</strong></span> <span class='ocrx_word' id='word_1_117' title='bbox 880 886 920 917; x_wconf 94' lang='lat' dir='ltr'><strong>de</strong></span> <span class='ocrx_word' id='word_1_118' title='bbox 950 887 1029 926; x_wconf 85' lang='lat' dir='ltr'><strong>ipsa,</strong></span> <span class='ocrx_word' id='word_1_119' title='bbox 1053 890 1090 916; x_wconf 91' lang='lat' dir='ltr'><strong>ut</strong></span> <span class='ocrx_word' id='word_1_120' title='bbox 1119 885 1272 917; x_wconf 79' lang='lat' dir='ltr'><strong>effectum</strong></span> <span class='ocrx_word' id='word_1_121' title='bbox 1297 886 1344 916; x_wconf 92' lang='lat' dir='ltr'><strong>illi</strong></span> 
     </span>
     <span class='ocr_line' id='line_1_16' title="bbox 271 930 1344 973; baseline -0.003 -10"><span class='ocrx_word' id='word_1_122' title='bbox 271 931 397 964; x_wconf 88' lang='lat' dir='ltr'><strong>formae</strong></span> <span class='ocrx_word' id='word_1_123' title='bbox 420 932 558 963; x_wconf 84' lang='lat' dir='ltr'><strong>similem</strong></span> <span class='ocrx_word' id='word_1_124' title='bbox 582 931 750 973; x_wconf 83' lang='lat' dir='ltr'><strong>producat.</strong></span> <span class='ocrx_word' id='word_1_125' title='bbox 780 931 935 972; x_wconf 78' lang='lat' dir='ltr'><strong>Concipit</strong></span> <span class='ocrx_word' id='word_1_126' title='bbox 958 931 1047 962; x_wconf 87' lang='lat' dir='ltr'><strong>enim</strong></span> <span class='ocrx_word' id='word_1_127' title='bbox 1069 930 1197 961; x_wconf 92' lang='lat' dir='ltr'><strong>divinus</strong></span> <span class='ocrx_word' id='word_1_128' title='bbox 1219 930 1344 961; x_wconf 85' lang='lat' dir='ltr'><strong>intelle—</strong></span> 
     </span>
     <span class='ocr_line' id='line_1_17' title="bbox 272 973 1345 1016; baseline -0.003 -8"><span class='ocrx_word' id='word_1_129' title='bbox 272 982 343 1008; x_wconf 91' lang='lat' dir='ltr'><strong>ctus</strong></span> <span class='ocrx_word' id='word_1_130' title='bbox 356 977 392 1007; x_wconf 90' lang='lat' dir='ltr'><strong>-in</strong></span> <span class='ocrx_word' id='word_1_131' title='bbox 408 986 442 1007; x_wconf 89' lang='lat' dir='ltr'><strong>se</strong></span> <span class='ocrx_word' id='word_1_132' title='bbox 459 976 601 1008; x_wconf 90' lang='lat' dir='ltr'><strong>diversos</strong></span> <span class='ocrx_word' id='word_1_133' title='bbox 624 975 743 1007; x_wconf 86' lang='lat' dir='ltr'><strong>modos</strong></span> <span class='ocrx_word' id='word_1_134' title='bbox 766 975 1020 1016; x_wconf 84' lang='lat' dir='ltr'><strong>participationis</strong></span> <span class='ocrx_word' id='word_1_135' title='bbox 1044 973 1170 1006; x_wconf 88' lang='lat' dir='ltr'><strong>divinae</strong></span> <span class='ocrx_word' id='word_1_136' title='bbox 1194 975 1345 1006; x_wconf 82' lang='lat' dir='ltr'><strong>bonitatis</strong></span> 
     </span>
     <span class='ocr_line' id='line_1_18' title="bbox 272 1018 1345 1059; baseline -0.003 -8"><span class='ocrx_word' id='word_1_137' title='bbox 272 1030 290 1051; x_wconf 88' lang='lat' dir='ltr'><strong>a</strong></span> <span class='ocrx_word' id='word_1_138' title='bbox 313 1021 476 1057; x_wconf 85' lang='lat' dir='ltr'><strong>creaturis,</strong></span> <span class='ocrx_word' id='word_1_139' title='bbox 500 1027 532 1052; x_wconf 85' lang='lat' dir='ltr'><strong>et</strong></span> <span class='ocrx_word' id='word_1_140' title='bbox 554 1020 737 1052; x_wconf 85' lang='lat' dir='ltr'><strong>secundum</strong></span> <span class='ocrx_word' id='word_1_141' title='bbox 765 1020 827 1050; x_wconf 90' lang='lat' dir='ltr'><strong>hos</strong></span> <span class='ocrx_word' id='word_1_142' title='bbox 851 1019 966 1050; x_wconf 85' lang='lat' dir='ltr'><strong>diversi</strong></span> <span class='ocrx_word' id='word_1_143' title='bbox 989 1023 1206 1049; x_wconf 86' lang='lat' dir='ltr'><strong>creaturarum</strong></span> <span class='ocrx_word' id='word_1_144' title='bbox 1229 1018 1345 1059; x_wconf 83' lang='lat' dir='ltr'><strong>gradus</strong></span> 
     </span>
     <span class='ocr_line' id='line_1_19' title="bbox 272 1062 1346 1106; baseline -0.003 -10"><span class='ocrx_word' id='word_1_145' title='bbox 272 1064 508 1106; x_wconf 85' lang='lat' dir='ltr'><strong>producuntur.</strong></span> <span class='ocrx_word' id='word_1_146' title='bbox 525 1065 574 1096; x_wconf 87' lang='lat' dir='ltr'><strong>Ex</strong></span> <span class='ocrx_word' id='word_1_147' title='bbox 589 1065 655 1096; x_wconf 85' lang='lat' dir='ltr'><strong>hoc</strong></span> <span class='ocrx_word' id='word_1_148' title='bbox 671 1074 748 1104; x_wconf 78' lang='lat' dir='ltr'><strong>ergo</strong></span> <span class='ocrx_word' id='word_1_149' title='bbox 764 1065 847 1094; x_wconf 92' lang='lat' dir='ltr'><strong>bene</strong></span> <span class='ocrx_word' id='word_1_150' title='bbox 863 1064 1010 1103; x_wconf 89' lang='lat' dir='ltr'><strong>sequitur</strong></span> <span class='ocrx_word' id='word_1_151' title='bbox 1025 1063 1124 1103; x_wconf 86' lang='lat' dir='ltr'><strong>quod,</strong></span> <span class='ocrx_word' id='word_1_152' title='bbox 1137 1064 1220 1094; x_wconf 89' lang='lat' dir='ltr'><strong>sicut</strong></span> <span class='ocrx_word' id='word_1_153' title='bbox 1235 1062 1346 1093; x_wconf 85' lang='lat' dir='ltr'><strong>artifex</strong></span> 
     </span>
     <span class='ocr_line' id='line_1_20' title="bbox 272 1107 1346 1151; baseline -0.003 -10"><span class='ocrx_word' id='word_1_154' title='bbox 272 1115 380 1151; x_wconf 81' lang='lat' dir='ltr'><strong>potest</strong></span> <span class='ocrx_word' id='word_1_155' title='bbox 402 1110 485 1140; x_wconf 87' lang='lat' dir='ltr'><strong>velle</strong></span> <span class='ocrx_word' id='word_1_156' title='bbox 508 1115 609 1140; x_wconf 83' lang='lat' dir='ltr'><strong>artem</strong></span> <span class='ocrx_word' id='word_1_157' title='bbox 632 1117 726 1139; x_wconf 82' lang='lat' dir='ltr'><strong>suam</strong></span> <span class='ocrx_word' id='word_1_158' title='bbox 748 1117 817 1139; x_wconf 90' lang='lat' dir='ltr'><strong>non</strong></span> <span class='ocrx_word' id='word_1_159' title='bbox 840 1107 881 1138; x_wconf 90' lang='lat' dir='ltr'><strong>de</strong></span> <span class='ocrx_word' id='word_1_160' title='bbox 902 1108 1093 1138; x_wconf 78' lang='lat' dir='ltr'><strong>necessitate</strong></span> <span class='ocrx_word' id='word_1_161' title='bbox 1106 1107 1249 1138; x_wconf 86' lang='lat' dir='ltr'><strong>volendo</strong></span> <span class='ocrx_word' id='word_1_162' title='bbox 1273 1108 1346 1138; x_wconf 88' lang='lat' dir='ltr'><strong>arti-</strong></span> 
     </span>
     <span class='ocr_line' id='line_1_21' title="bbox 273 1152 1346 1195; baseline -0.004 -9"><span class='ocrx_word' id='word_1_163' title='bbox 273 1154 380 1187; x_wconf 72' lang='lat' dir='ltr'><strong>ficiam</strong></span> <span class='ocrx_word' id='word_1_164' title='bbox 399 1154 595 1195; x_wconf 80' lang='lat' dir='ltr'><strong>producere,</strong></span> <span class='ocrx_word' id='word_1_165' title='bbox 618 1154 662 1184; x_wconf 84' lang='lat' dir='ltr'><strong>ita</strong></span> <span class='ocrx_word' id='word_1_166' title='bbox 686 1153 775 1184; x_wconf 77' lang='lat' dir='ltr'><strong>Deus</strong></span> <span class='ocrx_word' id='word_1_167' title='bbox 805 1158 912 1192; x_wconf 85' lang='lat' dir='ltr'><strong>potest</strong></span> <span class='ocrx_word' id='word_1_168' title='bbox 937 1152 1020 1183; x_wconf 85' lang='lat' dir='ltr'><strong>velle</strong></span> <span class='ocrx_word' id='word_1_169' title='bbox 1050 1161 1142 1183; x_wconf 89' lang='lat' dir='ltr'><strong>suam</strong></span> <span class='ocrx_word' id='word_1_170' title='bbox 1168 1152 1346 1183; x_wconf 79' lang='lat' dir='ltr'><strong>bonitatem</strong></span> 
     </span>
     <span class='ocr_line' id='line_1_22' title="bbox 273 1195 1347 1238; baseline -0.005 -7"><span class='ocrx_word' id='word_1_171' title='bbox 273 1209 343 1231; x_wconf 84' lang='lat' dir='ltr'><strong>non</strong></span> <span class='ocrx_word' id='word_1_172' title='bbox 355 1198 395 1231; x_wconf 87' lang='lat' dir='ltr'><strong>de</strong></span> <span class='ocrx_word' id='word_1_173' title='bbox 409 1199 602 1230; x_wconf 82' lang='lat' dir='ltr'><strong>necessitate</strong></span> <span class='ocrx_word' id='word_1_174' title='bbox 612 1196 755 1228; x_wconf 88' lang='lat' dir='ltr'><strong>volendo</strong></span> <span class='ocrx_word' id='word_1_175' title='bbox 772 1197 833 1228; x_wconf 85' lang='lat' dir='ltr'><strong>alia</strong></span> <span class='ocrx_word' id='word_1_176' title='bbox 848 1206 866 1226; x_wconf 89' lang='lat' dir='ltr'><strong>a</strong></span> <span class='ocrx_word' id='word_1_177' title='bbox 881 1206 929 1227; x_wconf 85' lang='lat' dir='ltr'><strong>se:</strong></span> <span class='ocrx_word' id='word_1_178' title='bbox 946 1197 1023 1238; x_wconf 86' lang='lat' dir='ltr'><strong>quia</strong></span> <span class='ocrx_word' id='word_1_179' title='bbox 1034 1195 1167 1227; x_wconf 75' lang='lat' dir='ltr'><strong>effeetus</strong></span> <span class='ocrx_word' id='word_1_180' title='bbox 1178 1197 1347 1236; x_wconf 85' lang='lat' dir='ltr'><strong>utriusque</strong></span> 
     </span>
     <span class='ocr_line' id='line_1_23' title="bbox 275 1240 1348 1284; baseline -0.003 -9"><span class='ocrx_word' id='word_1_181' title='bbox 275 1249 323 1275; x_wconf 90' lang='lat' dir='ltr'><strong>est</strong></span> <span class='ocrx_word' id='word_1_182' title='bbox 346 1243 508 1284; x_wconf 89' lang='lat' dir='ltr'><strong>quaedam</strong></span> <span class='ocrx_word' id='word_1_183' title='bbox 531 1242 720 1283; x_wconf 88' lang='lat' dir='ltr'><strong>participata</strong></span> <span class='ocrx_word' id='word_1_184' title='bbox 743 1241 921 1272; x_wconf 84' lang='lat' dir='ltr'><strong>similitudo</strong></span> <span class='ocrx_word' id='word_1_185' title='bbox 946 1250 1023 1271; x_wconf 90' lang='lat' dir='ltr'><strong>suae</strong></span> <span class='ocrx_word' id='word_1_186' title='bbox 1047 1250 1173 1278; x_wconf 83' lang='lat' dir='ltr'><strong>causae,</strong></span> <span class='ocrx_word' id='word_1_187' title='bbox 1188 1240 1265 1271; x_wconf 89' lang='lat' dir='ltr'><strong>licet</strong></span> <span class='ocrx_word' id='word_1_188' title='bbox 1279 1250 1348 1272; x_wconf 89' lang='lat' dir='ltr'><strong>non</strong></span> 
     </span>
     <span class='ocr_line' id='line_1_24' title="bbox 274 1284 1026 1320; baseline -0.005 -1"><span class='ocrx_word' id='word_1_189' title='bbox 274 1287 456 1320; x_wconf 87' lang='lat' dir='ltr'><strong>secundum</strong></span> <span class='ocrx_word' id='word_1_190' title='bbox 479 1286 617 1318; x_wconf 83' lang='lat' dir='ltr'><strong>eandem</strong></span> <span class='ocrx_word' id='word_1_191' title='bbox 639 1285 800 1316; x_wconf 83' lang='lat' dir='ltr'><strong>rationem</strong></span> <span class='ocrx_word' id='word_1_192' title='bbox 823 1284 1026 1316; x_wconf 81' lang='lat' dir='ltr'><strong>causalitatis.</strong></span> 
     </span>
     <span class='ocr_line' id='line_1_25' title="bbox 282 1327 1349 1370; baseline -0.003 -8"><span class='ocrx_word' id='word_1_193' title='bbox 282 1368 286 1369; x_wconf 17' lang='lat'><em>⁷</em></span> <span class='ocrx_word' id='word_1_194' title='bbox 327 1327 630 1370; x_wconf 65' lang='lat' dir='ltr'><strong>VLQuantum&#39;ad</strong></span> <span class='ocrx_word' id='word_1_195' title='bbox 645 1329 827 1361; x_wconf 86' lang='lat' dir='ltr'><strong>secundum</strong></span> <span class='ocrx_word' id='word_1_196' title='bbox 843 1331 870 1366; x_wconf 67' lang='lat'><strong>⁸,</strong></span> <span class='ocrx_word' id='word_1_197' title='bbox 889 1334 1036 1360; x_wconf 82' lang='lat' dir='ltr'><strong>removet</strong></span> <span class='ocrx_word' id='word_1_198' title='bbox 1051 1328 1187 1360; x_wconf 89' lang='lat' dir='ltr'><strong>Sanctus</strong></span> <span class='ocrx_word' id='word_1_199' title='bbox 1204 1328 1349 1359; x_wconf 87' lang='lat' dir='ltr'><strong>Thomas</strong></span> 
     </span>
     <span class='ocr_line' id='line_1_26' title="bbox 275 1373 1348 1416; baseline -0.005 -8"><span class='ocrx_word' id='word_1_200' title='bbox 275 1375 414 1408; x_wconf 59' lang='lat' dir='ltr'><strong>duanam</strong></span> <span class='ocrx_word' id='word_1_201' title='bbox 436 1375 614 1416; x_wconf 74' lang='lat' dir='ltr'><strong>quoddam.</strong></span> <span class='ocrx_word' id='word_1_202' title='bbox 638 1374 775 1405; x_wconf 91' lang='lat' dir='ltr'><strong>Videtur</strong></span> <span class='ocrx_word' id='word_1_203' title='bbox 798 1375 887 1405; x_wconf 84' lang='lat' dir='ltr'><strong>enim</strong></span> <span class='ocrx_word' id='word_1_204' title='bbox 903 1373 994 1414; x_wconf 84' lang='lat' dir='ltr'><strong>quod</strong></span> <span class='ocrx_word' id='word_1_205' title='bbox 1007 1374 1098 1404; x_wconf 80' lang='lat' dir='ltr'><strong>Deus</strong></span> <span class='ocrx_word' id='word_1_206' title='bbox 1112 1374 1190 1404; x_wconf 89' lang='lat' dir='ltr'><strong>velit</strong></span> <span class='ocrx_word' id='word_1_207' title='bbox 1205 1373 1265 1404; x_wconf 88' lang='lat' dir='ltr'><strong>alia</strong></span> <span class='ocrx_word' id='word_1_208' title='bbox 1281 1383 1299 1403; x_wconf 87' lang='lat' dir='ltr'><strong>a</strong></span> <span class='ocrx_word' id='word_1_209' title='bbox 1312 1382 1348 1403; x_wconf 72' lang='lat' dir='ltr'><strong>se</strong></span> 
     </span>
     <span class='ocr_line' id='line_1_27' title="bbox 275 1417 1350 1459; baseline -0.005 -6"><span class='ocrx_word' id='word_1_210' title='bbox 275 1420 316 1454; x_wconf 76' lang='lat' dir='ltr'><strong>de</strong></span> <span class='ocrx_word' id='word_1_211' title='bbox 330 1421 532 1452; x_wconf 77' lang='lat' dir='ltr'><strong>necessitate.</strong></span> <span class='ocrx_word' id='word_1_212' title='bbox 556 1419 643 1451; x_wconf 86' lang='lat' dir='ltr'><strong>Nam</strong></span> <span class='ocrx_word' id='word_1_213' title='bbox 657 1420 742 1451; x_wconf 87' lang='lat' dir='ltr'><strong>sicut</strong></span> <span class='ocrx_word' id='word_1_214' title='bbox 756 1429 796 1451; x_wconf 86' lang='lat' dir='ltr'><strong>ex</strong></span> <span class='ocrx_word' id='word_1_215' title='bbox 810 1419 876 1450; x_wconf 91' lang='lat' dir='ltr'><strong>hoc</strong></span> <span class='ocrx_word' id='word_1_216' title='bbox 889 1418 983 1459; x_wconf 86' lang='lat' dir='ltr'><strong>quod</strong></span> <span class='ocrx_word' id='word_1_217' title='bbox 1000 1418 1070 1449; x_wconf 84' lang='lat' dir='ltr'><strong>vult</strong></span> <span class='ocrx_word' id='word_1_218' title='bbox 1084 1428 1120 1448; x_wconf 91' lang='lat' dir='ltr'><strong>se</strong></span> <span class='ocrx_word' id='word_1_219' title='bbox 1134 1418 1204 1450; x_wconf 85' lang='lat' dir='ltr'><strong>vult</strong></span> <span class='ocrx_word' id='word_1_220' title='bbox 1219 1417 1290 1454; x_wconf 86' lang='lat' dir='ltr'><strong>alia,</strong></span> <span class='ocrx_word' id='word_1_221' title='bbox 1303 1418 1350 1448; x_wconf 76' lang='lat' dir='ltr'><strong>ita</strong></span> 
     </span>
     <span class='ocr_line' id='line_1_28' title="bbox 275 1462 1350 1506; baseline -0.006 -8"><span class='ocrx_word' id='word_1_222' title='bbox 275 1465 395 1499; x_wconf 62' lang='lat' dir='ltr'><strong>euhoe</strong></span> <span class='ocrx_word' id='word_1_223' title='bbox 415 1464 508 1506; x_wconf 84' lang='lat' dir='ltr'><strong>quod</strong></span> <span class='ocrx_word' id='word_1_224' title='bbox 529 1464 679 1504; x_wconf 82' lang='lat' dir='ltr'><strong>intelligit</strong></span> <span class='ocrx_word' id='word_1_225' title='bbox 697 1473 732 1495; x_wconf 87' lang='lat' dir='ltr'><strong>se</strong></span> <span class='ocrx_word' id='word_1_226' title='bbox 747 1463 941 1503; x_wconf 80' lang='lat' dir='ltr'><strong>intelligens,</strong></span> <span class='ocrx_word' id='word_1_227' title='bbox 957 1462 1106 1502; x_wconf 79' lang='lat' dir='ltr'><strong>intelligit</strong></span> <span class='ocrx_word' id='word_1_228' title='bbox 1121 1463 1192 1493; x_wconf 89' lang='lat' dir='ltr'><strong>alia.</strong></span> <span class='ocrx_word' id='word_1_229' title='bbox 1216 1462 1279 1493; x_wconf 86' lang='lat' dir='ltr'><strong>Sed</strong></span> <span class='ocrx_word' id='word_1_230' title='bbox 1300 1462 1350 1493; x_wconf 89' lang='lat' dir='ltr'><strong>in-</strong></span> 
     </span>
     <span class='ocr_line' id='line_1_29' title="bbox 275 1507 1351 1587; baseline -0.005 -46"><span class='ocrx_word' id='word_1_231' title='bbox 275 1509 390 1587; x_wconf 49' lang='lat' dir='ltr'><strong>ffilligit</strong></span> <span class='ocrx_word' id='word_1_232' title='bbox 404 1509 466 1541; x_wconf 87' lang='lat' dir='ltr'><strong>alia</strong></span> <span class='ocrx_word' id='word_1_233' title='bbox 481 1519 519 1540; x_wconf 88' lang='lat' dir='ltr'><strong>ex</strong></span> <span class='ocrx_word' id='word_1_234' title='bbox 536 1509 726 1540; x_wconf 86' lang='lat' dir='ltr'><strong>necessitate</strong></span> <span class='ocrx_word' id='word_1_235' title='bbox 741 1507 951 1548; x_wconf 84' lang='lat' dir='ltr'><strong>intelligendo</strong></span> <span class='ocrx_word' id='word_1_236' title='bbox 967 1517 1015 1538; x_wconf 90' lang='lat' dir='ltr'><strong>se:</strong></span> <span class='ocrx_word' id='word_1_237' title='bbox 1040 1507 1209 1547; x_wconf 85' lang='lat' dir='ltr'><strong>loquendo</strong></span> <span class='ocrx_word' id='word_1_238' title='bbox 1230 1507 1351 1538; x_wconf 89' lang='lat' dir='ltr'><strong>scilicet</strong></span> 
     </span>
     <span class='ocr_line' id='line_1_30' title="bbox 308 1551 1350 1594; baseline -0.005 -8"><span class='ocrx_word' id='word_1_239' title='bbox 308 1558 312 1562; x_wconf 89' lang='grc'><strong><em>’</em></strong></span> <span class='ocrx_word' id='word_1_240' title='bbox 339 1554 473 1586; x_wconf 80' lang='lat' dir='ltr'><strong>scientia</strong></span> <span class='ocrx_word' id='word_1_241' title='bbox 497 1552 652 1594; x_wconf 89' lang='lat' dir='ltr'><strong>simplicis</strong></span> <span class='ocrx_word' id='word_1_242' title='bbox 675 1552 915 1593; x_wconf 85' lang='lat' dir='ltr'><strong>intelligentiae,</strong></span> <span class='ocrx_word' id='word_1_243' title='bbox 935 1557 972 1583; x_wconf 90' lang='lat' dir='ltr'><strong>ut</strong></span> <span class='ocrx_word' id='word_1_244' title='bbox 994 1551 1118 1582; x_wconf 89' lang='lat' dir='ltr'><strong>dictum</strong></span> <span class='ocrx_word' id='word_1_245' title='bbox 1143 1556 1190 1582; x_wconf 89' lang='lat' dir='ltr'><strong>est</strong></span> <span class='ocrx_word' id='word_1_246' title='bbox 1213 1560 1310 1591; x_wconf 89' lang='lat' dir='ltr'><strong>supra</strong></span> <span class='ocrx_word' id='word_1_247' title='bbox 1323 1551 1350 1581; x_wconf 75' lang='lat'><strong>’.</strong></span> 
     </span>
     <span class='ocr_line' id='line_1_31' title="bbox 328 1595 1052 1629; baseline -0.004 0"><span class='ocrx_word' id='word_1_248' title='bbox 328 1595 331 1601; x_wconf 76' lang='grc'>’</span> <span class='ocrx_word' id='word_1_249' title='bbox 387 1598 458 1629; x_wconf 78' lang='lat' dir='ltr'><strong>vult</strong></span> <span class='ocrx_word' id='word_1_250' title='bbox 480 1597 542 1628; x_wconf 86' lang='lat' dir='ltr'><strong>alia</strong></span> <span class='ocrx_word' id='word_1_251' title='bbox 565 1607 604 1628; x_wconf 89' lang='lat' dir='ltr'><strong>ex</strong></span> <span class='ocrx_word' id='word_1_252' title='bbox 627 1597 817 1628; x_wconf 83' lang='lat' dir='ltr'><strong>necessitate</strong></span> <span class='ocrx_word' id='word_1_253' title='bbox 839 1595 984 1627; x_wconf 85' lang='lat' dir='ltr'><strong>volendo</strong></span> <span class='ocrx_word' id='word_1_254' title='bbox 1008 1605 1052 1626; x_wconf 90' lang='lat' dir='ltr'><strong>se.</strong></span> 
     </span>
     <span class='ocr_line' id='line_1_32' title="bbox 278 1638 1352 1684; baseline -0.006 -9"><span class='ocrx_word' id='word_1_255' title='bbox 278 1642 523 1684; x_wconf 56' lang='lat' dir='ltr'><strong>nsmespondet</strong></span> <span class='ocrx_word' id='word_1_256' title='bbox 545 1647 655 1673; x_wconf 86' lang='lat' dir='ltr'><strong>autem</strong></span> <span class='ocrx_word' id='word_1_257' title='bbox 678 1640 770 1682; x_wconf 90' lang='lat' dir='ltr'><strong>quod</strong></span> <span class='ocrx_word' id='word_1_258' title='bbox 793 1650 861 1671; x_wconf 91' lang='lat' dir='ltr'><strong>non</strong></span> <span class='ocrx_word' id='word_1_259' title='bbox 885 1645 933 1671; x_wconf 90' lang='lat' dir='ltr'><strong>est</strong></span> <span class='ocrx_word' id='word_1_260' title='bbox 955 1639 1069 1671; x_wconf 78' lang='lat' dir='ltr'><strong>eadem</strong></span> <span class='ocrx_word' id='word_1_261' title='bbox 1091 1640 1173 1670; x_wconf 85' lang='lat' dir='ltr'><strong>ratio</strong></span> <span class='ocrx_word' id='word_1_262' title='bbox 1196 1639 1237 1670; x_wconf 93' lang='lat' dir='ltr'><strong>de</strong></span> <span class='ocrx_word' id='word_1_263' title='bbox 1259 1638 1352 1670; x_wconf 90' lang='lat' dir='ltr'><strong>intel-</strong></span> 
     </span>
     <span class='ocr_line' id='line_1_33' title="bbox 276 1683 1353 1726; baseline -0.006 -5"><span class='ocrx_word' id='word_1_264' title='bbox 276 1687 365 1721; x_wconf 57' lang='grc' dir='ltr'><strong>ἰωῇ</strong></span> <span class='ocrx_word' id='word_1_265' title='bbox 378 1693 414 1719; x_wconf 83' lang='lat' dir='ltr'><strong>et</strong></span> <span class='ocrx_word' id='word_1_266' title='bbox 426 1687 605 1718; x_wconf 75' lang='lat' dir='ltr'><strong>voluntate.</strong></span> <span class='ocrx_word' id='word_1_267' title='bbox 628 1686 717 1724; x_wconf 84' lang='lat' dir='ltr'><strong>Quia</strong></span> <span class='ocrx_word' id='word_1_268' title='bbox 738 1685 888 1726; x_wconf 83' lang='lat' dir='ltr'><strong>intelligit</strong></span> <span class='ocrx_word' id='word_1_269' title='bbox 910 1694 949 1716; x_wconf 86' lang='lat' dir='ltr'><strong>ex</strong></span> <span class='ocrx_word' id='word_1_270' title='bbox 973 1685 1037 1716; x_wconf 83' lang='lat' dir='ltr'><strong>boc</strong></span> <span class='ocrx_word' id='word_1_271' title='bbox 1060 1683 1153 1724; x_wconf 90' lang='lat' dir='ltr'><strong>quod</strong></span> <span class='ocrx_word' id='word_1_272' title='bbox 1171 1684 1353 1715; x_wconf 87' lang='lat' dir='ltr'><strong>intellectus</strong></span> 
     </span>
     <span class='ocr_line' id='line_1_34' title="bbox 277 1728 1354 1773; baseline -0.005 -9"><span class='ocrx_word' id='word_1_273' title='bbox 277 1733 433 1767; x_wconf 65' lang='lat' dir='ltr'><strong>sehabet</strong></span> <span class='ocrx_word' id='word_1_274' title='bbox 455 1731 602 1773; x_wconf 84' lang='lat' dir='ltr'><strong>quodam</strong></span> <span class='ocrx_word' id='word_1_275' title='bbox 623 1730 741 1762; x_wconf 87' lang='lat' dir='ltr'><strong>modo:</strong></span> <span class='ocrx_word' id='word_1_276' title='bbox 764 1740 806 1761; x_wconf 86' lang='lat' dir='ltr'><strong>ex</strong></span> <span class='ocrx_word' id='word_1_277' title='bbox 828 1730 893 1762; x_wconf 82' lang='lat' dir='ltr'><strong>boc</strong></span> <span class='ocrx_word' id='word_1_278' title='bbox 917 1730 1006 1760; x_wconf 88' lang='lat' dir='ltr'><strong>enim</strong></span> <span class='ocrx_word' id='word_1_279' title='bbox 1029 1728 1120 1769; x_wconf 89' lang='lat' dir='ltr'><strong>quod</strong></span> <span class='ocrx_word' id='word_1_280' title='bbox 1138 1728 1261 1769; x_wconf 84' lang='lat' dir='ltr'><strong>aliquid</strong></span> <span class='ocrx_word' id='word_1_281' title='bbox 1279 1734 1354 1759; x_wconf 89' lang='lat' dir='ltr'><strong>actu</strong></span> 
     </span>
     <span class='ocr_line' id='line_1_35' title="bbox 276 1773 1354 1819; baseline -0.006 -10"><span class='ocrx_word' id='word_1_282' title='bbox 276 1777 477 1819; x_wconf 69' lang='lat' dir='ltr'><strong>intelligitur,</strong></span> <span class='ocrx_word' id='word_1_283' title='bbox 493 1782 542 1808; x_wconf 89' lang='lat' dir='ltr'><strong>est</strong></span> <span class='ocrx_word' id='word_1_284' title='bbox 557 1777 628 1809; x_wconf 89' lang='lat' dir='ltr'><strong>eius</strong></span> <span class='ocrx_word' id='word_1_285' title='bbox 650 1774 828 1807; x_wconf 87' lang='lat' dir='ltr'><strong>similitudo</strong></span> <span class='ocrx_word' id='word_1_286' title='bbox 843 1775 878 1806; x_wconf 91' lang='lat' dir='ltr'><strong>in</strong></span> <span class='ocrx_word' id='word_1_287' title='bbox 893 1774 1103 1815; x_wconf 82' lang='lat' dir='ltr'><strong>intelligente.</strong></span> <span class='ocrx_word' id='word_1_288' title='bbox 1129 1773 1230 1811; x_wconf 91' lang='lat' dir='ltr'><strong>Quod</strong></span> <span class='ocrx_word' id='word_1_289' title='bbox 1244 1779 1354 1804; x_wconf 90' lang='lat' dir='ltr'><strong>autem</strong></span> 
     </span>
     <span class='ocr_line' id='line_1_36' title="bbox 277 1817 1353 1862; baseline -0.006 -8"><span class='ocrx_word' id='word_1_290' title='bbox 277 1820 392 1861; x_wconf 68' lang='lat' dir='ltr'><strong>volens</strong></span> <span class='ocrx_word' id='word_1_291' title='bbox 415 1820 539 1862; x_wconf 84' lang='lat' dir='ltr'><strong>aliquid</strong></span> <span class='ocrx_word' id='word_1_292' title='bbox 553 1820 641 1857; x_wconf 86' lang='lat' dir='ltr'><strong>velit,</strong></span> <span class='ocrx_word' id='word_1_293' title='bbox 652 1825 706 1851; x_wconf 68' lang='lat' dir='ltr'><strong>‘est</strong></span> <span class='ocrx_word' id='word_1_294' title='bbox 721 1829 760 1850; x_wconf 86' lang='lat' dir='ltr'><strong>ex</strong></span> <span class='ocrx_word' id='word_1_295' title='bbox 775 1820 840 1850; x_wconf 92' lang='lat' dir='ltr'><strong>hoc</strong></span> <span class='ocrx_word' id='word_1_296' title='bbox 856 1818 948 1859; x_wconf 90' lang='lat' dir='ltr'><strong>quod</strong></span> <span class='ocrx_word' id='word_1_297' title='bbox 963 1819 1100 1849; x_wconf 87' lang='lat' dir='ltr'><strong>volitum</strong></span> <span class='ocrx_word' id='word_1_298' title='bbox 1121 1817 1235 1859; x_wconf 83' lang='lat' dir='ltr'><strong>aliquo</strong></span> <span class='ocrx_word' id='word_1_299' title='bbox 1251 1817 1353 1848; x_wconf 90' lang='lat' dir='ltr'><strong>modo</strong></span> 
     </span>
     <span class='ocr_line' id='line_1_37' title="bbox 277 1861 1354 1905; baseline -0.006 -7"><span class='ocrx_word' id='word_1_300' title='bbox 277 1863 316 1899; x_wconf 67' lang='lat' dir='ltr'><strong>ie</strong></span> <span class='ocrx_word' id='word_1_301' title='bbox 331 1867 447 1898; x_wconf 80' lang='lat' dir='ltr'><strong>habet:</strong></span> <span class='ocrx_word' id='word_1_302' title='bbox 471 1865 626 1896; x_wconf 85' lang='lat' dir='ltr'><strong>volumus</strong></span> <span class='ocrx_word' id='word_1_303' title='bbox 645 1865 733 1896; x_wconf 82' lang='lat' dir='ltr'><strong>enim</strong></span> <span class='ocrx_word' id='word_1_304' title='bbox 749 1863 870 1905; x_wconf 84' lang='lat' dir='ltr'><strong>aliquid</strong></span> <span class='ocrx_word' id='word_1_305' title='bbox 886 1863 938 1894; x_wconf 89' lang='lat' dir='ltr'><strong>vel</strong></span> <span class='ocrx_word' id='word_1_306' title='bbox 954 1864 1031 1904; x_wconf 80' lang='lat' dir='ltr'><strong>quia</strong></span> <span class='ocrx_word' id='word_1_307' title='bbox 1047 1868 1095 1893; x_wconf 89' lang='lat' dir='ltr'><strong>est</strong></span> <span class='ocrx_word' id='word_1_308' title='bbox 1110 1861 1194 1899; x_wconf 80' lang='lat' dir='ltr'><strong>finis,</strong></span> <span class='ocrx_word' id='word_1_309' title='bbox 1210 1862 1262 1893; x_wconf 86' lang='lat' dir='ltr'><strong>vel</strong></span> <span class='ocrx_word' id='word_1_310' title='bbox 1278 1862 1354 1903; x_wconf 90' lang='lat' dir='ltr'><strong>quia</strong></span> 
     </span>
     <span class='ocr_line' id='line_1_38' title="bbox 278 1902 1355 1947; baseline -0.006 -4"><span class='ocrx_word' id='word_1_311' title='bbox 278 1902 320 1943; x_wconf 59' lang='lat' dir='ltr'><strong>id</strong></span> <span class='ocrx_word' id='word_1_312' title='bbox 338 1910 443 1943; x_wconf 70' lang='lat' dir='ltr'><strong>finem</strong></span> <span class='ocrx_word' id='word_1_313' title='bbox 466 1909 642 1941; x_wconf 80' lang='lat' dir='ltr'><strong>ordinatur.</strong></span> <span class='ocrx_word' id='word_1_314' title='bbox 665 1908 826 1940; x_wconf 83' lang='lat' dir='ltr'><strong>Perfectio</strong></span> <span class='ocrx_word' id='word_1_315' title='bbox 850 1913 959 1939; x_wconf 90' lang='lat' dir='ltr'><strong>autem</strong></span> <span class='ocrx_word' id='word_1_316' title='bbox 982 1906 1091 1938; x_wconf 84' lang='lat' dir='ltr'><strong>divina</strong></span> <span class='ocrx_word' id='word_1_317' title='bbox 1113 1907 1212 1947; x_wconf 80' lang='lat' dir='ltr'><strong>exigit</strong></span> <span class='ocrx_word' id='word_1_318' title='bbox 1234 1906 1275 1937; x_wconf 90' lang='lat' dir='ltr'><strong>de</strong></span> <span class='ocrx_word' id='word_1_319' title='bbox 1297 1916 1355 1937; x_wconf 86' lang='lat' dir='ltr'><strong>ne-</strong></span> 
     </span>
    </p>
   </div>
   <div class='ocr_carea' id='block_1_4' title="bbox 198 1951 1353 1992">
    <p class='ocr_par' dir='ltr' id='par_1_4' title="bbox 198 1951 1353 1992">
     <span class='ocr_line' id='line_1_39' title="bbox 198 1951 1353 1992; baseline -0.007 -3"><span class='ocrx_word' id='word_1_320' title='bbox 198 1963 205 1974; x_wconf 73' lang='lat'><em>*</em></span> <span class='ocrx_word' id='word_1_321' title='bbox 224 1968 226 1972; x_wconf 72' lang='grc'>’</span> <span class='ocrx_word' id='word_1_322' title='bbox 247 1959 250 1963; x_wconf 92' lang='grc'>’</span> <span class='ocrx_word' id='word_1_323' title='bbox 279 1956 427 1988; x_wconf 60' lang='lat' dir='ltr'><strong>cenante</strong></span> <span class='ocrx_word' id='word_1_324' title='bbox 449 1961 493 1987; x_wconf 91' lang='lat' dir='ltr'><strong>ut.</strong></span> <span class='ocrx_word' id='word_1_325' title='bbox 510 1955 622 1986; x_wconf 71' lang='lat' dir='ltr'><strong>omnia</strong></span> <span class='ocrx_word' id='word_1_326' title='bbox 644 1954 679 1984; x_wconf 90' lang='lat' dir='ltr'><strong>in</strong></span> <span class='ocrx_word' id='word_1_327' title='bbox 702 1952 774 1984; x_wconf 91' lang='lat' dir='ltr'><strong>Deo</strong></span> <span class='ocrx_word' id='word_1_328' title='bbox 797 1953 873 1989; x_wconf 76' lang='lat' dir='ltr'><strong>sint,</strong></span> <span class='ocrx_word' id='word_1_329' title='bbox 889 1958 926 1983; x_wconf 81' lang='lat' dir='ltr'><strong>ut</strong></span> <span class='ocrx_word' id='word_1_330' title='bbox 939 1953 974 1983; x_wconf 86' lang='lat' dir='ltr'><strong>in</strong></span> <span class='ocrx_word' id='word_1_331' title='bbox 993 1961 1034 1983; x_wconf 92' lang='lat' dir='ltr'><strong>eo</strong></span> <span class='ocrx_word' id='word_1_332' title='bbox 1056 1951 1191 1992; x_wconf 79' lang='lat' dir='ltr'><strong>intelligi</strong></span> <span class='ocrx_word' id='word_1_333' title='bbox 1213 1952 1353 1991; x_wconf 87' lang='lat' dir='ltr'><strong>possint:</strong></span> 
     </span>
    </p>
   </div>
   <div class='ocr_carea' id='block_1_5' title="bbox 279 1995 1363 3020">
    <p class='ocr_par' dir='ltr' id='par_1_5' title="bbox 279 1995 1355 2087">
     <span class='ocr_line' id='line_1_40' title="bbox 279 1995 1355 2042; baseline -0.007 -9"><span class='ocrx_word' id='word_1_334' title='bbox 279 2010 350 2042; x_wconf 72' lang='lat' dir='ltr'><strong>npn</strong></span> <span class='ocrx_word' id='word_1_335' title='bbox 371 2005 482 2032; x_wconf 85' lang='lat' dir='ltr'><strong>autem</strong></span> <span class='ocrx_word' id='word_1_336' title='bbox 504 1999 632 2030; x_wconf 84' lang='lat' dir='ltr'><strong>bonitas</strong></span> <span class='ocrx_word' id='word_1_337' title='bbox 654 1998 763 2029; x_wconf 89' lang='lat' dir='ltr'><strong>divina</strong></span> <span class='ocrx_word' id='word_1_338' title='bbox 786 1997 826 2028; x_wconf 91' lang='lat' dir='ltr'><strong>de</strong></span> <span class='ocrx_word' id='word_1_339' title='bbox 849 1998 1038 2028; x_wconf 61' lang='lat' dir='ltr'><strong>necessitate</strong></span> <span class='ocrx_word' id='word_1_340' title='bbox 1061 1996 1194 2036; x_wconf 88' lang='lat' dir='ltr'><strong>requirit</strong></span> <span class='ocrx_word' id='word_1_341' title='bbox 1210 1995 1270 2026; x_wconf 87' lang='lat' dir='ltr'><strong>alia</strong></span> <span class='ocrx_word' id='word_1_342' title='bbox 1286 2005 1355 2026; x_wconf 90' lang='lat' dir='ltr'><strong>esse</strong></span> 
     </span>
     <span class='ocr_line' id='line_1_41' title="bbox 280 2041 1019 2087; baseline -0.008 -9"><span class='ocrx_word' id='word_1_343' title='bbox 280 2054 366 2087; x_wconf 83' lang='lat' dir='ltr'><strong>quae</strong></span> <span class='ocrx_word' id='word_1_344' title='bbox 387 2045 423 2077; x_wconf 89' lang='lat' dir='ltr'><strong>in</strong></span> <span class='ocrx_word' id='word_1_345' title='bbox 446 2045 556 2085; x_wconf 87' lang='lat' dir='ltr'><strong>ipsum</strong></span> <span class='ocrx_word' id='word_1_346' title='bbox 579 2042 770 2074; x_wconf 83' lang='lat' dir='ltr'><strong>ordinantur</strong></span> <span class='ocrx_word' id='word_1_347' title='bbox 792 2047 828 2073; x_wconf 90' lang='lat' dir='ltr'><strong>ut</strong></span> <span class='ocrx_word' id='word_1_348' title='bbox 850 2042 885 2073; x_wconf 88' lang='lat' dir='ltr'><strong>in</strong></span> <span class='ocrx_word' id='word_1_349' title='bbox 908 2041 1019 2073; x_wconf 88' lang='lat' dir='ltr'><strong>finem.</strong></span> 
     </span>
    </p>

    <p class='ocr_par' dir='ltr' id='par_1_6' title="bbox 280 2084 1358 2398">
     <span class='ocr_line' id='line_1_42' title="bbox 310 2084 1354 2131; baseline -0.007 -10"><span class='ocrx_word' id='word_1_350' title='bbox 310 2128 313 2131; x_wconf 28' lang='grc' dir='ltr'><strong><em>Ι</em></strong></span> <span class='ocrx_word' id='word_1_351' title='bbox 332 2088 405 2120; x_wconf 85' lang='lat' dir='ltr'><strong>vn.</strong></span> <span class='ocrx_word' id='word_1_352' title='bbox 413 2088 509 2120; x_wconf 88' lang='lat' dir='ltr'><strong>Circa</strong></span> <span class='ocrx_word' id='word_1_353' title='bbox 517 2088 603 2120; x_wconf 81' lang='lat' dir='ltr'><strong>hanc</strong></span> <span class='ocrx_word' id='word_1_354' title='bbox 614 2087 863 2128; x_wconf 88' lang='lat' dir='ltr'><strong>responsionem</strong></span> <span class='ocrx_word' id='word_1_355' title='bbox 873 2085 1044 2127; x_wconf 90' lang='lat' dir='ltr'><strong>dupliciter</strong></span> <span class='ocrx_word' id='word_1_356' title='bbox 1053 2085 1226 2116; x_wconf 90' lang='lat' dir='ltr'><strong>dubitatur.</strong></span> <span class='ocrx_word' id='word_1_357' title='bbox 1234 2084 1354 2121; x_wconf 88' lang='lat' dir='ltr'><strong>Primo,</strong></span> 
     </span>
     <span class='ocr_line' id='line_1_43' title="bbox 281 2128 1356 2176; baseline -0.007 -10"><span class='ocrx_word' id='word_1_358' title='bbox 281 2133 359 2176; x_wconf 78' lang='lat' dir='ltr'><strong>qtiia</strong></span> <span class='ocrx_word' id='word_1_359' title='bbox 378 2142 449 2165; x_wconf 89' lang='lat' dir='ltr'><strong>non</strong></span> <span class='ocrx_word' id='word_1_360' title='bbox 470 2132 599 2164; x_wconf 89' lang='lat' dir='ltr'><strong>videtur</strong></span> <span class='ocrx_word' id='word_1_361' title='bbox 620 2141 695 2164; x_wconf 85' lang='lat' dir='ltr'><strong>vera</strong></span> <span class='ocrx_word' id='word_1_362' title='bbox 719 2140 788 2162; x_wconf 90' lang='lat' dir='ltr'><strong>esse</strong></span> <span class='ocrx_word' id='word_1_363' title='bbox 812 2130 989 2162; x_wconf 82' lang='lat' dir='ltr'><strong>differentia</strong></span> <span class='ocrx_word' id='word_1_364' title='bbox 1010 2131 1116 2172; x_wconf 87' lang='lat' dir='ltr'><strong>posita</strong></span> <span class='ocrx_word' id='word_1_365' title='bbox 1138 2129 1222 2160; x_wconf 91' lang='lat' dir='ltr'><strong>inter</strong></span> <span class='ocrx_word' id='word_1_366' title='bbox 1239 2128 1356 2159; x_wconf 89' lang='lat' dir='ltr'><strong>intelli-</strong></span> 
     </span>
     <span class='ocr_line' id='line_1_44' title="bbox 280 2172 1357 2220; baseline -0.006 -10"><span class='ocrx_word' id='word_1_367' title='bbox 280 2177 413 2220; x_wconf 55' lang='lat' dir='ltr'><strong>sseutem</strong></span> <span class='ocrx_word' id='word_1_368' title='bbox 436 2177 477 2209; x_wconf 78' lang='lat' dir='ltr'><strong>ad</strong></span> <span class='ocrx_word' id='word_1_369' title='bbox 499 2178 564 2208; x_wconf 88' lang='lat' dir='ltr'><strong>hoc</strong></span> <span class='ocrx_word' id='word_1_370' title='bbox 586 2176 679 2217; x_wconf 90' lang='lat' dir='ltr'><strong>quod</strong></span> <span class='ocrx_word' id='word_1_371' title='bbox 701 2175 867 2216; x_wconf 84' lang='lat' dir='ltr'><strong>intelligat,</strong></span> <span class='ocrx_word' id='word_1_372' title='bbox 892 2181 925 2206; x_wconf 91' lang='lat' dir='ltr'><strong>et</strong></span> <span class='ocrx_word' id='word_1_373' title='bbox 947 2174 1113 2206; x_wconf 86' lang='lat' dir='ltr'><strong>volentem</strong></span> <span class='ocrx_word' id='word_1_374' title='bbox 1129 2173 1169 2204; x_wconf 87' lang='lat' dir='ltr'><strong>ad</strong></span> <span class='ocrx_word' id='word_1_375' title='bbox 1184 2174 1249 2204; x_wconf 93' lang='lat' dir='ltr'><strong>hoc</strong></span> <span class='ocrx_word' id='word_1_376' title='bbox 1266 2172 1357 2213; x_wconf 85' lang='lat' dir='ltr'><strong>quod</strong></span> 
     </span>
     <span class='ocr_line' id='line_1_45' title="bbox 281 2218 1356 2260; baseline -0.007 -4"><span class='ocrx_word' id='word_1_377' title='bbox 281 2224 368 2256; x_wconf 58' lang='grc' dir='ltr'><strong>νὼ.</strong></span> <span class='ocrx_word' id='word_1_378' title='bbox 390 2222 484 2255; x_wconf 84' lang='lat' dir='ltr'><strong>Sicut</strong></span> <span class='ocrx_word' id='word_1_379' title='bbox 499 2222 589 2254; x_wconf 87' lang='lat' dir='ltr'><strong>enim</strong></span> <span class='ocrx_word' id='word_1_380' title='bbox 602 2231 644 2252; x_wconf 85' lang='lat' dir='ltr'><strong>ex</strong></span> <span class='ocrx_word' id='word_1_381' title='bbox 661 2221 726 2252; x_wconf 88' lang='lat' dir='ltr'><strong>hoc</strong></span> <span class='ocrx_word' id='word_1_382' title='bbox 742 2221 856 2252; x_wconf 87' lang='lat' dir='ltr'><strong>volens</strong></span> <span class='ocrx_word' id='word_1_383' title='bbox 878 2220 949 2251; x_wconf 83' lang='lat' dir='ltr'><strong>vult</strong></span> <span class='ocrx_word' id='word_1_384' title='bbox 971 2219 1062 2260; x_wconf 92' lang='lat' dir='ltr'><strong>quod</strong></span> <span class='ocrx_word' id='word_1_385' title='bbox 1083 2219 1223 2250; x_wconf 86' lang='lat' dir='ltr'><strong>volitum</strong></span> <span class='ocrx_word' id='word_1_386' title='bbox 1246 2218 1356 2258; x_wconf 88' lang='lat' dir='ltr'><strong>aliquo</strong></span> 
     </span>
     <span class='ocr_line' id='line_1_46' title="bbox 281 2262 1358 2306; baseline -0.006 -6"><span class='ocrx_word' id='word_1_387' title='bbox 281 2268 385 2306; x_wconf 70' lang='lat' dir='ltr'><strong>modo</strong></span> <span class='ocrx_word' id='word_1_388' title='bbox 408 2277 442 2300; x_wconf 81' lang='lat' dir='ltr'><strong>se</strong></span> <span class='ocrx_word' id='word_1_389' title='bbox 465 2267 573 2303; x_wconf 79' lang='lat' dir='ltr'><strong>habet,</strong></span> <span class='ocrx_word' id='word_1_390' title='bbox 596 2267 640 2297; x_wconf 84' lang='lat' dir='ltr'><strong>ita</strong></span> <span class='ocrx_word' id='word_1_391' title='bbox 666 2266 849 2297; x_wconf 87' lang='lat' dir='ltr'><strong>intellectus</strong></span> <span class='ocrx_word' id='word_1_392' title='bbox 871 2264 1021 2305; x_wconf 81' lang='lat' dir='ltr'><strong>intelligit</strong></span> <span class='ocrx_word' id='word_1_393' title='bbox 1044 2274 1082 2295; x_wconf 87' lang='lat' dir='ltr'><strong>ex</strong></span> <span class='ocrx_word' id='word_1_394' title='bbox 1105 2264 1171 2295; x_wconf 92' lang='lat' dir='ltr'><strong>hoc</strong></span> <span class='ocrx_word' id='word_1_395' title='bbox 1195 2262 1287 2303; x_wconf 91' lang='lat' dir='ltr'><strong>quod</strong></span> <span class='ocrx_word' id='word_1_396' title='bbox 1308 2272 1358 2294; x_wconf 88' lang='lat' dir='ltr'><strong>res</strong></span> 
     </span>
     <span class='ocr_line' id='line_1_47' title="bbox 281 2307 1358 2352; baseline -0.007 -6"><span class='ocrx_word' id='word_1_397' title='bbox 281 2313 447 2346; x_wconf 74' lang='lat' dir='ltr'><strong>intellecta</strong></span> <span class='ocrx_word' id='word_1_398' title='bbox 469 2312 580 2352; x_wconf 87' lang='lat' dir='ltr'><strong>aliquo</strong></span> <span class='ocrx_word' id='word_1_399' title='bbox 603 2310 706 2342; x_wconf 91' lang='lat' dir='ltr'><strong>modo</strong></span> <span class='ocrx_word' id='word_1_400' title='bbox 730 2320 764 2341; x_wconf 92' lang='lat' dir='ltr'><strong>se</strong></span> <span class='ocrx_word' id='word_1_401' title='bbox 787 2310 900 2341; x_wconf 89' lang='lat' dir='ltr'><strong>habet:</strong></span> <span class='ocrx_word' id='word_1_402' title='bbox 931 2319 970 2340; x_wconf 86' lang='lat' dir='ltr'><strong>ex</strong></span> <span class='ocrx_word' id='word_1_403' title='bbox 1000 2309 1074 2345; x_wconf 87' lang='lat' dir='ltr'><strong>hoc,</strong></span> <span class='ocrx_word' id='word_1_404' title='bbox 1096 2309 1244 2349; x_wconf 86' lang='lat' dir='ltr'><strong>inquam,</strong></span> <span class='ocrx_word' id='word_1_405' title='bbox 1268 2307 1358 2348; x_wconf 89' lang='lat' dir='ltr'><strong>quod</strong></span> 
     </span>
     <span class='ocr_line' id='line_1_48' title="bbox 282 2351 1358 2398; baseline -0.007 -9"><span class='ocrx_word' id='word_1_406' title='bbox 282 2357 388 2398; x_wconf 78' lang='lat' dir='ltr'><strong>estin</strong></span> <span class='ocrx_word' id='word_1_407' title='bbox 417 2356 585 2388; x_wconf 88' lang='lat' dir='ltr'><strong>intellectu</strong></span> <span class='ocrx_word' id='word_1_408' title='bbox 612 2365 670 2397; x_wconf 87' lang='lat' dir='ltr'><strong>per</strong></span> <span class='ocrx_word' id='word_1_409' title='bbox 697 2364 790 2386; x_wconf 89' lang='lat' dir='ltr'><strong>suam</strong></span> <span class='ocrx_word' id='word_1_410' title='bbox 818 2353 1073 2390; x_wconf 89' lang='lat' dir='ltr'><strong>similitudinem,</strong></span> <span class='ocrx_word' id='word_1_411' title='bbox 1097 2358 1134 2384; x_wconf 92' lang='lat' dir='ltr'><strong>ut</strong></span> <span class='ocrx_word' id='word_1_412' title='bbox 1155 2352 1208 2383; x_wconf 88' lang='lat' dir='ltr'><strong>hic</strong></span> <span class='ocrx_word' id='word_1_413' title='bbox 1232 2351 1358 2383; x_wconf 89' lang='lat' dir='ltr'><strong>dicitur.</strong></span> 
     </span>
    </p>

    <p class='ocr_par' dir='ltr' id='par_1_7' title="bbox 283 2397 1362 2928">
     <span class='ocr_line' id='line_1_49' title="bbox 334 2397 1359 2442; baseline -0.007 -8"><span class='ocrx_word' id='word_1_414' title='bbox 334 2400 504 2437; x_wconf 81' lang='lat' dir='ltr'><strong>Secundo,</strong></span> <span class='ocrx_word' id='word_1_415' title='bbox 529 2401 606 2442; x_wconf 87' lang='lat' dir='ltr'><strong>quia</strong></span> <span class='ocrx_word' id='word_1_416' title='bbox 627 2409 697 2431; x_wconf 89' lang='lat' dir='ltr'><strong>non</strong></span> <span class='ocrx_word' id='word_1_417' title='bbox 718 2398 846 2430; x_wconf 89' lang='lat' dir='ltr'><strong>videtur</strong></span> <span class='ocrx_word' id='word_1_418' title='bbox 869 2397 1030 2429; x_wconf 82' lang='lat' dir='ltr'><strong>sufficiens</strong></span> <span class='ocrx_word' id='word_1_419' title='bbox 1054 2397 1169 2428; x_wconf 87' lang='lat' dir='ltr'><strong>divisio</strong></span> <span class='ocrx_word' id='word_1_420' title='bbox 1192 2397 1285 2428; x_wconf 86' lang='lat' dir='ltr'><strong>voliti</strong></span> <span class='ocrx_word' id='word_1_421' title='bbox 1307 2397 1359 2427; x_wconf 92' lang='lat' dir='ltr'><strong>hic</strong></span> 
     </span>
     <span class='ocr_line' id='line_1_50' title="bbox 284 2441 1361 2488; baseline -0.007 -9"><span class='ocrx_word' id='word_1_422' title='bbox 284 2446 453 2488; x_wconf 66' lang='lat' dir='ltr'><strong>assignata,</strong></span> <span class='ocrx_word' id='word_1_423' title='bbox 473 2445 608 2476; x_wconf 76' lang='lat' dir='ltr'><strong>scilicet:</strong></span> <span class='ocrx_word' id='word_1_424' title='bbox 631 2444 786 2475; x_wconf 83' lang='lat' dir='ltr'><strong>Volumus</strong></span> <span class='ocrx_word' id='word_1_425' title='bbox 809 2443 935 2484; x_wconf 76' lang='lat' dir='ltr'><strong>aliquid</strong></span> <span class='ocrx_word' id='word_1_426' title='bbox 958 2443 1009 2474; x_wconf 82' lang='lat' dir='ltr'><strong>vel</strong></span> <span class='ocrx_word' id='word_1_427' title='bbox 1031 2443 1108 2483; x_wconf 81' lang='lat' dir='ltr'><strong>quia</strong></span> <span class='ocrx_word' id='word_1_428' title='bbox 1133 2447 1180 2473; x_wconf 83' lang='lat' dir='ltr'><strong>est</strong></span> <span class='ocrx_word' id='word_1_429' title='bbox 1192 2442 1286 2482; x_wconf 82' lang='lat' dir='ltr'><strong>finis,</strong></span> <span class='ocrx_word' id='word_1_430' title='bbox 1311 2441 1361 2471; x_wconf 80' lang='lat' dir='ltr'><strong>vel</strong></span> 
     </span>
     <span class='ocr_line' id='line_1_51' title="bbox 283 2485 1360 2534; baseline -0.006 -12"><span class='ocrx_word' id='word_1_431' title='bbox 283 2492 362 2534; x_wconf 75' lang='lat' dir='ltr'><strong>quia</strong></span> <span class='ocrx_word' id='word_1_432' title='bbox 385 2491 430 2522; x_wconf 82' lang='lat' dir='ltr'><strong>ad</strong></span> <span class='ocrx_word' id='word_1_433' title='bbox 441 2491 549 2532; x_wconf 77' lang='lat' dir='ltr'><strong>finem</strong></span> <span class='ocrx_word' id='word_1_434' title='bbox 572 2490 759 2520; x_wconf 76' lang='lat' dir='ltr'><strong>ordinatur.</strong></span> <span class='ocrx_word' id='word_1_435' title='bbox 783 2488 920 2519; x_wconf 81' lang='lat' dir='ltr'><strong>Constat</strong></span> <span class='ocrx_word' id='word_1_436' title='bbox 943 2488 1031 2518; x_wconf 88' lang='lat' dir='ltr'><strong>enim</strong></span> <span class='ocrx_word' id='word_1_437' title='bbox 1054 2487 1146 2527; x_wconf 93' lang='lat' dir='ltr'><strong>quod</strong></span> <span class='ocrx_word' id='word_1_438' title='bbox 1164 2485 1287 2526; x_wconf 85' lang='lat' dir='ltr'><strong>aliquid</strong></span> <span class='ocrx_word' id='word_1_439' title='bbox 1301 2495 1360 2516; x_wconf 87' lang='lat' dir='ltr'><strong>vo—</strong></span> 
     </span>
     <span class='ocr_line' id='line_1_52' title="bbox 284 2530 1360 2576; baseline -0.008 -7"><span class='ocrx_word' id='word_1_440' title='bbox 284 2538 396 2569; x_wconf 79' lang='lat' dir='ltr'><strong>lumus</strong></span> <span class='ocrx_word' id='word_1_441' title='bbox 408 2544 519 2576; x_wconf 87' lang='lat' dir='ltr'><strong>neque</strong></span> <span class='ocrx_word' id='word_1_442' title='bbox 534 2541 691 2574; x_wconf 78' lang='lat' dir='ltr'><strong>tanquam</strong></span> <span class='ocrx_word' id='word_1_443' title='bbox 702 2533 803 2565; x_wconf 91' lang='lat' dir='ltr'><strong>finem</strong></span> <span class='ocrx_word' id='word_1_444' title='bbox 819 2542 928 2573; x_wconf 88' lang='lat' dir='ltr'><strong>neque</strong></span> <span class='ocrx_word' id='word_1_445' title='bbox 939 2538 1095 2572; x_wconf 84' lang='lat' dir='ltr'><strong>tanquam</strong></span> <span class='ocrx_word' id='word_1_446' title='bbox 1111 2531 1151 2563; x_wconf 81' lang='lat' dir='ltr'><strong>ad</strong></span> <span class='ocrx_word' id='word_1_447' title='bbox 1162 2530 1263 2562; x_wconf 88' lang='lat' dir='ltr'><strong>finem</strong></span> <span class='ocrx_word' id='word_1_448' title='bbox 1275 2530 1360 2561; x_wconf 88' lang='lat' dir='ltr'><strong>ordi-</strong></span> 
     </span>
     <span class='ocr_line' id='line_1_53' title="bbox 285 2574 1360 2618; baseline -0.008 -4"><span class='ocrx_word' id='word_1_449' title='bbox 285 2587 413 2613; x_wconf 78' lang='lat' dir='ltr'><strong>natum:</strong></span> <span class='ocrx_word' id='word_1_450' title='bbox 437 2581 522 2611; x_wconf 89' lang='lat' dir='ltr'><strong>sicut</strong></span> <span class='ocrx_word' id='word_1_451' title='bbox 543 2579 697 2611; x_wconf 87' lang='lat' dir='ltr'><strong>volumus</strong></span> <span class='ocrx_word' id='word_1_452' title='bbox 720 2578 888 2610; x_wconf 80' lang='lat' dir='ltr'><strong>scientiam</strong></span> <span class='ocrx_word' id='word_1_453' title='bbox 911 2576 1086 2618; x_wconf 90' lang='lat' dir='ltr'><strong>aliquando</strong></span> <span class='ocrx_word' id='word_1_454' title='bbox 1108 2585 1178 2608; x_wconf 90' lang='lat' dir='ltr'><strong>non</strong></span> <span class='ocrx_word' id='word_1_455' title='bbox 1196 2581 1234 2606; x_wconf 95' lang='lat' dir='ltr'><strong>ut</strong></span> <span class='ocrx_word' id='word_1_456' title='bbox 1250 2574 1360 2610; x_wconf 88' lang='lat' dir='ltr'><strong>finem,</strong></span> 
     </span>
     <span class='ocr_line' id='line_1_54' title="bbox 287 2620 1361 2667; baseline -0.007 -10"><span class='ocrx_word' id='word_1_457' title='bbox 287 2625 364 2667; x_wconf 89' lang='lat' dir='ltr'><strong>quia</strong></span> <span class='ocrx_word' id='word_1_458' title='bbox 374 2624 465 2658; x_wconf 81' lang='lat' dir='ltr'><strong>illam</strong></span> <span class='ocrx_word' id='word_1_459' title='bbox 475 2624 660 2665; x_wconf 90' lang='lat' dir='ltr'><strong>appetimus</strong></span> <span class='ocrx_word' id='word_1_460' title='bbox 674 2623 756 2654; x_wconf 84' lang='lat' dir='ltr'><strong>nihil</strong></span> <span class='ocrx_word' id='word_1_461' title='bbox 772 2628 905 2663; x_wconf 88' lang='lat' dir='ltr'><strong>propter</strong></span> <span class='ocrx_word' id='word_1_462' title='bbox 920 2622 1024 2661; x_wconf 88' lang='lat' dir='ltr'><strong>ipsam</strong></span> <span class='ocrx_word' id='word_1_463' title='bbox 1041 2620 1240 2662; x_wconf 83' lang='lat' dir='ltr'><strong>appetendo;</strong></span> <span class='ocrx_word' id='word_1_464' title='bbox 1253 2628 1361 2660; x_wconf 90' lang='lat' dir='ltr'><strong>neque</strong></span> 
     </span>
     <span class='ocr_line' id='line_1_55' title="bbox 285 2666 1361 2708; baseline -0.007 -7"><span class='ocrx_word' id='word_1_465' title='bbox 285 2675 324 2702; x_wconf 87' lang='lat' dir='ltr'><strong>ut</strong></span> <span class='ocrx_word' id='word_1_466' title='bbox 335 2669 516 2701; x_wconf 87' lang='lat' dir='ltr'><strong>ordinatam</strong></span> <span class='ocrx_word' id='word_1_467' title='bbox 528 2668 570 2699; x_wconf 91' lang='lat' dir='ltr'><strong>ad</strong></span> <span class='ocrx_word' id='word_1_468' title='bbox 581 2666 692 2704; x_wconf 87' lang='lat' dir='ltr'><strong>finem,</strong></span> <span class='ocrx_word' id='word_1_469' title='bbox 705 2677 782 2698; x_wconf 88' lang='lat' dir='ltr'><strong>cum</strong></span> <span class='ocrx_word' id='word_1_470' title='bbox 797 2667 960 2708; x_wconf 89' lang='lat' dir='ltr'><strong>possimus</strong></span> <span class='ocrx_word' id='word_1_471' title='bbox 977 2675 1048 2696; x_wconf 87' lang='lat' dir='ltr'><strong>eam</strong></span> <span class='ocrx_word' id='word_1_472' title='bbox 1064 2670 1198 2706; x_wconf 89' lang='lat' dir='ltr'><strong>propter</strong></span> <span class='ocrx_word' id='word_1_473' title='bbox 1213 2673 1246 2694; x_wconf 88' lang='lat' dir='ltr'><strong>se</strong></span> <span class='ocrx_word' id='word_1_474' title='bbox 1262 2673 1361 2704; x_wconf 90' lang='lat' dir='ltr'><strong>appe-</strong></span> 
     </span>
     <span class='ocr_line' id='line_1_56' title="bbox 287 2708 1360 2750; baseline -0.007 -4"><span class='ocrx_word' id='word_1_475' title='bbox 287 2721 355 2746; x_wconf 85' lang='lat' dir='ltr'><strong>tere</strong></span> <span class='ocrx_word' id='word_1_476' title='bbox 378 2719 411 2745; x_wconf 89' lang='lat' dir='ltr'><strong>et</strong></span> <span class='ocrx_word' id='word_1_477' title='bbox 431 2723 501 2744; x_wconf 82' lang='lat' dir='ltr'><strong>non</strong></span> <span class='ocrx_word' id='word_1_478' title='bbox 525 2722 564 2743; x_wconf 88' lang='lat' dir='ltr'><strong>ex</strong></span> <span class='ocrx_word' id='word_1_479' title='bbox 587 2712 702 2743; x_wconf 75' lang='lat' dir='ltr'><strong>ordine</strong></span> <span class='ocrx_word' id='word_1_480' title='bbox 732 2711 772 2742; x_wconf 86' lang='lat' dir='ltr'><strong>ad</strong></span> <span class='ocrx_word' id='word_1_481' title='bbox 801 2710 924 2750; x_wconf 82' lang='lat' dir='ltr'><strong>aliquid</strong></span> <span class='ocrx_word' id='word_1_482' title='bbox 951 2710 1048 2741; x_wconf 89' lang='lat' dir='ltr'><strong>aliud.</strong></span> <span class='ocrx_word' id='word_1_483' title='bbox 1079 2709 1232 2740; x_wconf 86' lang='lat' dir='ltr'><strong>Similiter</strong></span> <span class='ocrx_word' id='word_1_484' title='bbox 1261 2708 1360 2744; x_wconf 86' lang='lat' dir='ltr'><strong>Deus,</strong></span> 
     </span>
     <span class='ocr_line' id='line_1_57' title="bbox 287 2754 1360 2798; baseline -0.008 -7"><span class='ocrx_word' id='word_1_485' title='bbox 287 2760 436 2791; x_wconf 80' lang='lat' dir='ltr'><strong>absolute</strong></span> <span class='ocrx_word' id='word_1_486' title='bbox 458 2757 638 2798; x_wconf 79' lang='lat' dir='ltr'><strong>loquendo,</strong></span> <span class='ocrx_word' id='word_1_487' title='bbox 661 2757 771 2797; x_wconf 85' lang='lat' dir='ltr'><strong>potuit</strong></span> <span class='ocrx_word' id='word_1_488' title='bbox 793 2756 876 2786; x_wconf 86' lang='lat' dir='ltr'><strong>velle</strong></span> <span class='ocrx_word' id='word_1_489' title='bbox 897 2760 1024 2785; x_wconf 87' lang='lat' dir='ltr'><strong>tantum</strong></span> <span class='ocrx_word' id='word_1_490' title='bbox 1047 2754 1226 2784; x_wconf 83' lang='lat' dir='ltr'><strong>bonitatem</strong></span> <span class='ocrx_word' id='word_1_491' title='bbox 1254 2761 1360 2782; x_wconf 88' lang='lat' dir='ltr'><strong>suam:</strong></span> 
     </span>
     <span class='ocr_line' id='line_1_58' title="bbox 289 2796 1362 2840; baseline -0.009 -4"><span class='ocrx_word' id='word_1_492' title='bbox 289 2811 322 2836; x_wconf 88' lang='lat' dir='ltr'><strong>et</strong></span> <span class='ocrx_word' id='word_1_493' title='bbox 343 2810 423 2836; x_wconf 88' lang='lat' dir='ltr'><strong>tunc</strong></span> <span class='ocrx_word' id='word_1_494' title='bbox 445 2812 515 2834; x_wconf 89' lang='lat' dir='ltr'><strong>non</strong></span> <span class='ocrx_word' id='word_1_495' title='bbox 537 2802 694 2832; x_wconf 86' lang='lat' dir='ltr'><strong>voluisset</strong></span> <span class='ocrx_word' id='word_1_496' title='bbox 714 2801 820 2840; x_wconf 88' lang='lat' dir='ltr'><strong>ipsam</strong></span> <span class='ocrx_word' id='word_1_497' title='bbox 841 2805 879 2830; x_wconf 93' lang='lat' dir='ltr'><strong>ut</strong></span> <span class='ocrx_word' id='word_1_498' title='bbox 893 2798 1004 2835; x_wconf 87' lang='lat' dir='ltr'><strong>finem,</strong></span> <span class='ocrx_word' id='word_1_499' title='bbox 1021 2799 1097 2838; x_wconf 89' lang='lat' dir='ltr'><strong>quia</strong></span> <span class='ocrx_word' id='word_1_500' title='bbox 1112 2797 1193 2828; x_wconf 88' lang='lat' dir='ltr'><strong>nihil</strong></span> <span class='ocrx_word' id='word_1_501' title='bbox 1208 2796 1362 2827; x_wconf 85' lang='lat' dir='ltr'><strong>voluisset</strong></span> 
     </span>
     <span class='ocr_line' id='line_1_59' title="bbox 288 2841 1362 2891; baseline -0.009 -11"><span class='ocrx_word' id='word_1_502' title='bbox 288 2854 422 2891; x_wconf 89' lang='lat' dir='ltr'><strong>propter</strong></span> <span class='ocrx_word' id='word_1_503' title='bbox 442 2849 562 2888; x_wconf 83' lang='lat' dir='ltr'><strong>ipsam;</strong></span> <span class='ocrx_word' id='word_1_504' title='bbox 586 2855 696 2886; x_wconf 87' lang='lat' dir='ltr'><strong>neque</strong></span> <span class='ocrx_word' id='word_1_505' title='bbox 712 2850 749 2875; x_wconf 92' lang='lat' dir='ltr'><strong>ut</strong></span> <span class='ocrx_word' id='word_1_506' title='bbox 763 2844 945 2876; x_wconf 84' lang='lat' dir='ltr'><strong>ordinatam</strong></span> <span class='ocrx_word' id='word_1_507' title='bbox 962 2843 1002 2874; x_wconf 82' lang='lat' dir='ltr'><strong>ad</strong></span> <span class='ocrx_word' id='word_1_508' title='bbox 1017 2842 1128 2878; x_wconf 86' lang='lat' dir='ltr'><strong>finem,</strong></span> <span class='ocrx_word' id='word_1_509' title='bbox 1145 2851 1221 2872; x_wconf 89' lang='lat' dir='ltr'><strong>cum</strong></span> <span class='ocrx_word' id='word_1_510' title='bbox 1235 2841 1276 2871; x_wconf 90' lang='lat' dir='ltr'><strong>sit</strong></span> <span class='ocrx_word' id='word_1_511' title='bbox 1290 2850 1362 2881; x_wconf 90' lang='lat' dir='ltr'><strong>per-</strong></span> 
     </span>
     <span class='ocr_line' id='line_1_60' title="bbox 289 2888 1030 2928; baseline -0.011 -3"><span class='ocrx_word' id='word_1_512' title='bbox 289 2892 502 2925; x_wconf 80' lang='lat' dir='ltr'><strong>fectissimum</strong></span> <span class='ocrx_word' id='word_1_513' title='bbox 526 2891 676 2922; x_wconf 90' lang='lat' dir='ltr'><strong>omnium</strong></span> <span class='ocrx_word' id='word_1_514' title='bbox 699 2890 834 2920; x_wconf 90' lang='lat' dir='ltr'><strong>entium.</strong></span> <span class='ocrx_word' id='word_1_515' title='bbox 859 2888 946 2928; x_wconf 88' lang='lat' dir='ltr'><strong>Ergo</strong></span> <span class='ocrx_word' id='word_1_516' title='bbox 970 2893 1030 2918; x_wconf 91' lang='lat' dir='ltr'><strong>etc.</strong></span> 
     </span>
    </p>

    <p class='ocr_par' dir='ltr' id='par_1_8' title="bbox 290 2929 1363 3020">
     <span class='ocr_line' id='line_1_61' title="bbox 346 2929 1363 2977; baseline -0.009 -9"><span class='ocrx_word' id='word_1_517' title='bbox 346 2948 376 2968; x_wconf 88' lang='lat'><strong>2.</strong></span> <span class='ocrx_word' id='word_1_518' title='bbox 401 2937 453 2968; x_wconf 94' lang='lat' dir='ltr'><strong>Ad</strong></span> <span class='ocrx_word' id='word_1_519' title='bbox 476 2937 619 2977; x_wconf 88' lang='lat' dir='ltr'><strong>primum</strong></span> <span class='ocrx_word' id='word_1_520' title='bbox 643 2934 760 2965; x_wconf 88' lang='lat' dir='ltr'><strong>dicitur</strong></span> <span class='ocrx_word' id='word_1_521' title='bbox 783 2932 874 2973; x_wconf 92' lang='lat' dir='ltr'><strong>quod</strong></span> <span class='ocrx_word' id='word_1_522' title='bbox 896 2932 1042 2972; x_wconf 88' lang='lat' dir='ltr'><strong>loquitur</strong></span> <span class='ocrx_word' id='word_1_523' title='bbox 1065 2930 1201 2961; x_wconf 86' lang='lat' dir='ltr'><strong>Sanctus</strong></span> <span class='ocrx_word' id='word_1_524' title='bbox 1218 2929 1363 2960; x_wconf 89' lang='lat' dir='ltr'><strong>Thomas</strong></span> 
     </span>
     <span class='ocr_line' id='line_1_62' title="bbox 290 2975 1362 3020; baseline -0.01 -6"><span class='ocrx_word' id='word_1_525' title='bbox 290 2982 330 3014; x_wconf 88' lang='lat' dir='ltr'><strong>de</strong></span> <span class='ocrx_word' id='word_1_526' title='bbox 346 2981 448 3013; x_wconf 90' lang='lat' dir='ltr'><strong>modo</strong></span> <span class='ocrx_word' id='word_1_527' title='bbox 464 2982 510 3012; x_wconf 88' lang='lat' dir='ltr'><strong>rei</strong></span> <span class='ocrx_word' id='word_1_528' title='bbox 524 2981 559 3011; x_wconf 90' lang='lat' dir='ltr'><strong>in</strong></span> <span class='ocrx_word' id='word_1_529' title='bbox 575 2979 689 3020; x_wconf 89' lang='lat' dir='ltr'><strong>seipsa.</strong></span> <span class='ocrx_word' id='word_1_530' title='bbox 706 2977 829 3009; x_wconf 91' lang='lat' dir='ltr'><strong>Volens</strong></span> <span class='ocrx_word' id='word_1_531' title='bbox 853 2977 941 3007; x_wconf 88' lang='lat' dir='ltr'><strong>enim</strong></span> <span class='ocrx_word' id='word_1_532' title='bbox 964 2975 1065 3006; x_wconf 86' lang='lat' dir='ltr'><strong>fertur</strong></span> <span class='ocrx_word' id='word_1_533' title='bbox 1079 2975 1113 3005; x_wconf 90' lang='lat' dir='ltr'><strong>in</strong></span> <span class='ocrx_word' id='word_1_534' title='bbox 1128 2975 1277 3010; x_wconf 89' lang='lat' dir='ltr'><strong>volitum,</strong></span> <span class='ocrx_word' id='word_1_535' title='bbox 1293 2982 1362 3003; x_wconf 90' lang='lat' dir='ltr'><strong>non</strong></span> 
     </span>
    </p>
   </div>
   <div class='ocr_carea' id='block_1_6' title="bbox 1366 367 1382 1780">
    <p class='ocr_par' dir='ltr' id='par_1_9' title="bbox 1366 367 1382 1780">
     <span class='ocr_line' id='line_1_63' title="bbox 1366 367 1382 1780; baseline 0 0"><span class='ocrx_word' id='word_1_536' title='bbox 1366 367 1382 1780; x_wconf 95' lang='lat' dir='ltr'><strong> </strong></span> 
     </span>
    </p>
   </div>
   <div class='ocr_carea' id='block_1_7' title="bbox 1403 2079 2364 2124">
    <p class='ocr_par' dir='ltr' id='par_1_10' title="bbox 1403 2079 2364 2124">
     <span class='ocr_line' id='line_1_64' title="bbox 1403 2079 2364 2124; baseline -0.005 -10"><span class='ocrx_word' id='word_1_537' title='bbox 1403 2083 1559 2124; x_wconf 82' lang='lat' dir='ltr'><strong>possibile</strong></span> <span class='ocrx_word' id='word_1_538' title='bbox 1575 2088 1638 2120; x_wconf 86' lang='lat' dir='ltr'><strong>est;</strong></span> <span class='ocrx_word' id='word_1_539' title='bbox 1662 2088 1693 2113; x_wconf 90' lang='lat' dir='ltr'><strong>et</strong></span> <span class='ocrx_word' id='word_1_540' title='bbox 1716 2091 1754 2113; x_wconf 87' lang='lat' dir='ltr'><strong>ex</strong></span> <span class='ocrx_word' id='word_1_541' title='bbox 1778 2083 1841 2112; x_wconf 90' lang='lat' dir='ltr'><strong>hoc</strong></span> <span class='ocrx_word' id='word_1_542' title='bbox 1859 2081 1976 2121; x_wconf 90' lang='lat' dir='ltr'><strong>probat</strong></span> <span class='ocrx_word' id='word_1_543' title='bbox 1991 2081 2098 2111; x_wconf 91' lang='lat' dir='ltr'><strong>Deum</strong></span> <span class='ocrx_word' id='word_1_544' title='bbox 2114 2079 2195 2110; x_wconf 90' lang='lat' dir='ltr'><strong>velle</strong></span> <span class='ocrx_word' id='word_1_545' title='bbox 2212 2079 2272 2110; x_wconf 88' lang='lat' dir='ltr'><strong>alia</strong></span> <span class='ocrx_word' id='word_1_546' title='bbox 2288 2090 2305 2110; x_wconf 89' lang='lat' dir='ltr'><strong>a</strong></span> <span class='ocrx_word' id='word_1_547' title='bbox 2320 2089 2364 2110; x_wconf 86' lang='lat' dir='ltr'><strong>se.</strong></span> 
     </span>
    </p>
   </div>
   <div class='ocr_carea' id='block_1_8' title="bbox 2383 287 2459 324">
    <p class='ocr_par' dir='ltr' id='par_1_11' title="bbox 2383 287 2459 324">
     <span class='ocr_line' id='line_1_65' title="bbox 2383 287 2459 324; baseline 0 -12"><span class='ocrx_word' id='word_1_548' title='bbox 2383 287 2459 324; x_wconf 81' lang='lat'><strong>227</strong></span> 
     </span>
    </p>
   </div>
   <div class='ocr_carea' id='block_1_9' title="bbox 1394 352 2481 3002">
    <p class='ocr_par' dir='ltr' id='par_1_12' title="bbox 1394 352 2464 704">
     <span class='ocr_line' id='line_1_66' title="bbox 1395 352 2462 395; baseline 0.003 -12"><span class='ocrx_word' id='word_1_549' title='bbox 1395 353 1471 392; x_wconf 79' lang='lat' dir='ltr'><strong>quia</strong></span> <span class='ocrx_word' id='word_1_550' title='bbox 1485 352 1636 385; x_wconf 77' lang='lat' dir='ltr'><strong>voluntas</strong></span> <span class='ocrx_word' id='word_1_551' title='bbox 1659 352 1766 392; x_wconf 86' lang='lat' dir='ltr'><strong>aliqua</strong></span> <span class='ocrx_word' id='word_1_552' title='bbox 1789 352 2001 392; x_wconf 86' lang='lat' dir='ltr'><strong>dispositione</strong></span> <span class='ocrx_word' id='word_1_553' title='bbox 2016 353 2072 385; x_wconf 87' lang='lat' dir='ltr'><strong>fiat</strong></span> <span class='ocrx_word' id='word_1_554' title='bbox 2085 355 2120 386; x_wconf 73' lang='lat' dir='ltr'><strong>in</strong></span> <span class='ocrx_word' id='word_1_555' title='bbox 2136 359 2220 390; x_wconf 90' lang='lat' dir='ltr'><strong>actu,</strong></span> <span class='ocrx_word' id='word_1_556' title='bbox 2237 353 2294 385; x_wconf 88' lang='lat' dir='ltr'><strong>sed</strong></span> <span class='ocrx_word' id='word_1_557' title='bbox 2314 355 2391 395; x_wconf 82' lang='lat' dir='ltr'><strong>quia</strong></span> <span class='ocrx_word' id='word_1_558' title='bbox 2404 365 2462 394; x_wconf 60' lang='lat' dir='ltr'><strong>vo,-</strong></span> 
     </span>
     <span class='ocr_line' id='line_1_67' title="bbox 1394 397 2463 437; baseline 0.004 -10"><span class='ocrx_word' id='word_1_559' title='bbox 1394 397 1489 427; x_wconf 89' lang='lat' dir='ltr'><strong>litum</strong></span> <span class='ocrx_word' id='word_1_560' title='bbox 1512 403 1559 428; x_wconf 90' lang='lat' dir='ltr'><strong>est</strong></span> <span class='ocrx_word' id='word_1_561' title='bbox 1582 397 1652 428; x_wconf 88' lang='lat' dir='ltr'><strong>talis</strong></span> <span class='ocrx_word' id='word_1_562' title='bbox 1675 402 1807 427; x_wconf 81' lang='lat' dir='ltr'><strong>naturae</strong></span> <span class='ocrx_word' id='word_1_563' title='bbox 1826 398 1859 428; x_wconf 89' lang='lat' dir='ltr'><strong>&#39;m</strong></span> <span class='ocrx_word' id='word_1_564' title='bbox 1875 406 1922 428; x_wconf 87' lang='lat' dir='ltr'><strong>se:</strong></span> <span class='ocrx_word' id='word_1_565' title='bbox 1940 398 2017 437; x_wconf 88' lang='lat' dir='ltr'><strong>quia</strong></span> <span class='ocrx_word' id='word_1_566' title='bbox 2039 398 2160 429; x_wconf 87' lang='lat' dir='ltr'><strong>scilicet</strong></span> <span class='ocrx_word' id='word_1_567' title='bbox 2170 404 2230 429; x_wconf 82' lang='lat' dir='ltr'><strong>aut</strong></span> <span class='ocrx_word' id='word_1_568' title='bbox 2245 404 2294 430; x_wconf 79' lang='lat' dir='ltr'><strong>est</strong></span> <span class='ocrx_word' id='word_1_569' title='bbox 2308 398 2391 436; x_wconf 88' lang='lat' dir='ltr'><strong>finis,</strong></span> <span class='ocrx_word' id='word_1_570' title='bbox 2408 405 2463 431; x_wconf 87' lang='lat' dir='ltr'><strong>aut</strong></span> 
     </span>
     <span class='ocr_line' id='line_1_68' title="bbox 1395 439 2461 482; baseline 0.004 -11"><span class='ocrx_word' id='word_1_571' title='bbox 1395 441 1474 471; x_wconf 89' lang='lat' dir='ltr'><strong>utile</strong></span> <span class='ocrx_word' id='word_1_572' title='bbox 1497 440 1537 471; x_wconf 91' lang='lat' dir='ltr'><strong>ad</strong></span> <span class='ocrx_word' id='word_1_573' title='bbox 1560 439 1671 478; x_wconf 88' lang='lat' dir='ltr'><strong>finem,</strong></span> <span class='ocrx_word' id='word_1_574' title='bbox 1694 440 1746 471; x_wconf 92' lang='lat' dir='ltr'><strong>vel</strong></span> <span class='ocrx_word' id='word_1_575' title='bbox 1769 441 2083 482; x_wconf 89' lang='lat' dir='ltr'><strong>quomodocumque</strong></span> <span class='ocrx_word' id='word_1_576' title='bbox 2102 443 2279 474; x_wconf 88' lang='lat' dir='ltr'><strong>ordinabile</strong></span> <span class='ocrx_word' id='word_1_577' title='bbox 2298 444 2338 474; x_wconf 91' lang='lat' dir='ltr'><strong>ad</strong></span> <span class='ocrx_word' id='word_1_578' title='bbox 2352 443 2461 476; x_wconf 88' lang='lat' dir='ltr'><strong>finem.</strong></span> 
     </span>
     <span class='ocr_line' id='line_1_69' title="bbox 1396 483 2463 529; baseline 0.004 -14"><span class='ocrx_word' id='word_1_579' title='bbox 1396 485 1579 526; x_wconf 81' lang='lat' dir='ltr'><strong>Intelligens</strong></span> <span class='ocrx_word' id='word_1_580' title='bbox 1595 490 1704 515; x_wconf 88' lang='lat' dir='ltr'><strong>autem</strong></span> <span class='ocrx_word' id='word_1_581' title='bbox 1718 485 1866 526; x_wconf 85' lang='lat' dir='ltr'><strong>intelligit</strong></span> <span class='ocrx_word' id='word_1_582' title='bbox 1889 495 1927 516; x_wconf 82' lang='lat' dir='ltr'><strong>ex</strong></span> <span class='ocrx_word' id='word_1_583' title='bbox 1948 486 2014 516; x_wconf 89' lang='lat' dir='ltr'><strong>hoc</strong></span> <span class='ocrx_word' id='word_1_584' title='bbox 2038 486 2128 527; x_wconf 91' lang='lat' dir='ltr'><strong>quod</strong></span> <span class='ocrx_word' id='word_1_585' title='bbox 2151 483 2331 518; x_wconf 84' lang='lat' dir='ltr'><strong>intellectus</strong></span> <span class='ocrx_word' id='word_1_586' title='bbox 2354 487 2463 529; x_wconf 84' lang='lat' dir='ltr'><strong>dispo-</strong></span> 
     </span>
     <span class='ocr_line' id='line_1_70' title="bbox 1394 529 2463 571; baseline 0.005 -12"><span class='ocrx_word' id='word_1_587' title='bbox 1394 529 1482 560; x_wconf 86' lang='lat' dir='ltr'><strong>nitur</strong></span> <span class='ocrx_word' id='word_1_588' title='bbox 1505 535 1537 560; x_wconf 88' lang='lat' dir='ltr'><strong>et</strong></span> <span class='ocrx_word' id='word_1_589' title='bbox 1560 535 1706 560; x_wconf 76' lang='lat' dir='ltr'><strong>actuatur</strong></span> <span class='ocrx_word' id='word_1_590' title='bbox 1727 529 1936 560; x_wconf 85' lang='lat' dir='ltr'><strong>similitudine</strong></span> <span class='ocrx_word' id='word_1_591' title='bbox 1962 530 2178 571; x_wconf 79' lang='lat' dir='ltr'><strong>intelligibilis,</strong></span> <span class='ocrx_word' id='word_1_592' title='bbox 2201 541 2270 562; x_wconf 89' lang='lat' dir='ltr'><strong>non</strong></span> <span class='ocrx_word' id='word_1_593' title='bbox 2293 538 2402 564; x_wconf 85' lang='lat' dir='ltr'><strong>autem</strong></span> <span class='ocrx_word' id='word_1_594' title='bbox 2425 543 2463 564; x_wconf 86' lang='lat' dir='ltr'><strong>ex</strong></span> 
     </span>
     <span class='ocr_line' id='line_1_71' title="bbox 1395 573 2463 614; baseline 0.005 -11"><span class='ocrx_word' id='word_1_595' title='bbox 1395 574 1461 604; x_wconf 83' lang='lat' dir='ltr'><strong>hoc</strong></span> <span class='ocrx_word' id='word_1_596' title='bbox 1477 573 1568 613; x_wconf 88' lang='lat' dir='ltr'><strong>quod</strong></span> <span class='ocrx_word' id='word_1_597' title='bbox 1583 573 1784 614; x_wconf 79' lang='lat' dir='ltr'><strong>intelligibile</strong></span> <span class='ocrx_word' id='word_1_598' title='bbox 1804 574 1840 604; x_wconf 83' lang='lat' dir='ltr'><strong>-in</strong></span> <span class='ocrx_word' id='word_1_599' title='bbox 1863 574 1970 614; x_wconf 86' lang='lat' dir='ltr'><strong>seipso</strong></span> <span class='ocrx_word' id='word_1_600' title='bbox 1989 575 2093 605; x_wconf 84' lang='lat' dir='ltr'><strong>taliter</strong></span> <span class='ocrx_word' id='word_1_601' title='bbox 2115 585 2150 606; x_wconf 87' lang='lat' dir='ltr'><strong>se</strong></span> <span class='ocrx_word' id='word_1_602' title='bbox 2172 576 2300 607; x_wconf 80' lang='lat' dir='ltr'><strong>habeat:</strong></span> <span class='ocrx_word' id='word_1_603' title='bbox 2325 577 2400 608; x_wconf 88' lang='lat' dir='ltr'><strong>licet</strong></span> <span class='ocrx_word' id='word_1_604' title='bbox 2413 586 2463 608; x_wconf 90' lang='lat' dir='ltr'><strong>re-</strong></span> 
     </span>
     <span class='ocr_line' id='line_1_72' title="bbox 1396 617 2464 659; baseline 0.005 -11"><span class='ocrx_word' id='word_1_605' title='bbox 1396 618 1540 659; x_wconf 77' lang='lat' dir='ltr'><strong>quir-amr</strong></span> <span class='ocrx_word' id='word_1_606' title='bbox 1555 623 1592 649; x_wconf 89' lang='lat' dir='ltr'><strong>ut</strong></span> <span class='ocrx_word' id='word_1_607' title='bbox 1606 618 1718 658; x_wconf 85' lang='lat' dir='ltr'><strong>aliquo</strong></span> <span class='ocrx_word' id='word_1_608' title='bbox 1741 617 1844 648; x_wconf 87' lang='lat' dir='ltr'><strong>modo</strong></span> <span class='ocrx_word' id='word_1_609' title='bbox 1861 628 1894 648; x_wconf 89' lang='lat' dir='ltr'><strong>se</strong></span> <span class='ocrx_word' id='word_1_610' title='bbox 1909 619 2025 649; x_wconf 84' lang='lat' dir='ltr'><strong>habeat</strong></span> <span class='ocrx_word' id='word_1_611' title='bbox 2039 620 2073 650; x_wconf 89' lang='lat' dir='ltr'><strong>in</strong></span> <span class='ocrx_word' id='word_1_612' title='bbox 2090 619 2164 656; x_wconf 88' lang='lat' dir='ltr'><strong>alio,</strong></span> <span class='ocrx_word' id='word_1_613' title='bbox 2181 621 2361 652; x_wconf 79' lang='lat' dir='ltr'><strong>seeundum</strong></span> <span class='ocrx_word' id='word_1_614' title='bbox 2376 622 2464 653; x_wconf 86' lang='lat' dir='ltr'><strong>aliud</strong></span> 
     </span>
     <span class='ocr_line' id='line_1_73' title="bbox 1397 663 2282 704; baseline 0.001 -11"><span class='ocrx_word' id='word_1_615' title='bbox 1397 672 1465 693; x_wconf 90' lang='lat' dir='ltr'><strong>esse</strong></span> <span class='ocrx_word' id='word_1_616' title='bbox 1489 672 1588 703; x_wconf 91' lang='lat' dir='ltr'><strong>quam</strong></span> <span class='ocrx_word' id='word_1_617' title='bbox 1611 663 1651 692; x_wconf 92' lang='lat' dir='ltr'><strong>sit</strong></span> <span class='ocrx_word' id='word_1_618' title='bbox 1675 672 1743 693; x_wconf 91' lang='lat' dir='ltr'><strong>esse</strong></span> <span class='ocrx_word' id='word_1_619' title='bbox 1766 663 1856 702; x_wconf 92' lang='lat' dir='ltr'><strong>quod</strong></span> <span class='ocrx_word' id='word_1_620' title='bbox 1878 663 1912 692; x_wconf 91' lang='lat' dir='ltr'><strong>in</strong></span> <span class='ocrx_word' id='word_1_621' title='bbox 1935 663 2042 704; x_wconf 90' lang='lat' dir='ltr'><strong>seipso</strong></span> <span class='ocrx_word' id='word_1_622' title='bbox 2061 664 2171 694; x_wconf 85' lang='lat' dir='ltr'><strong>habet.</strong></span> <span class='ocrx_word' id='word_1_623' title='bbox 2280 700 2282 702; x_wconf 17' lang='lat' dir='ltr'>v</span> 
     </span>
    </p>

    <p class='ocr_par' dir='ltr' id='par_1_13' title="bbox 1397 706 2476 1893">
     <span class='ocr_line' id='line_1_74' title="bbox 1451 706 2465 747; baseline 0.002 -9"><span class='ocrx_word' id='word_1_624' title='bbox 1451 706 1504 737; x_wconf 86' lang='lat' dir='ltr'><strong>Ad</strong></span> <span class='ocrx_word' id='word_1_625' title='bbox 1527 706 1708 738; x_wconf 88' lang='lat' dir='ltr'><strong>secundum</strong></span> <span class='ocrx_word' id='word_1_626' title='bbox 1730 706 1945 747; x_wconf 79' lang='lat' dir='ltr'><strong>respondetur</strong></span> <span class='ocrx_word' id='word_1_627' title='bbox 1969 707 2059 747; x_wconf 88' lang='lat' dir='ltr'><strong>quod</strong></span> <span class='ocrx_word' id='word_1_628' title='bbox 2083 717 2181 739; x_wconf 89' lang='lat' dir='ltr'><strong>omne</strong></span> <span class='ocrx_word' id='word_1_629' title='bbox 2204 708 2328 740; x_wconf 86' lang='lat' dir='ltr'><strong>bonurn</strong></span> <span class='ocrx_word' id='word_1_630' title='bbox 2345 715 2400 740; x_wconf 87' lang='lat' dir='ltr'><strong>aut</strong></span> <span class='ocrx_word' id='word_1_631' title='bbox 2418 715 2465 740; x_wconf 90' lang='lat' dir='ltr'><strong>est</strong></span> 
     </span>
     <span class='ocr_line' id='line_1_75' title="bbox 1397 750 2465 794; baseline 0.003 -13"><span class='ocrx_word' id='word_1_632' title='bbox 1397 750 1480 788; x_wconf 90' lang='lat' dir='ltr'><strong>finis,</strong></span> <span class='ocrx_word' id='word_1_633' title='bbox 1505 757 1560 782; x_wconf 87' lang='lat' dir='ltr'><strong>aut</strong></span> <span class='ocrx_word' id='word_1_634' title='bbox 1583 756 1631 782; x_wconf 92' lang='lat' dir='ltr'><strong>est</strong></span> <span class='ocrx_word' id='word_1_635' title='bbox 1653 750 1838 782; x_wconf 88' lang='lat' dir='ltr'><strong>ordinatum</strong></span> <span class='ocrx_word' id='word_1_636' title='bbox 1853 750 1893 781; x_wconf 91' lang='lat' dir='ltr'><strong>ad</strong></span> <span class='ocrx_word' id='word_1_637' title='bbox 1909 750 2018 787; x_wconf 89' lang='lat' dir='ltr'><strong>finem,</strong></span> <span class='ocrx_word' id='word_1_638' title='bbox 2039 761 2077 782; x_wconf 85' lang='lat' dir='ltr'><strong>ex</strong></span> <span class='ocrx_word' id='word_1_639' title='bbox 2095 757 2208 782; x_wconf 93' lang='lat' dir='ltr'><strong>natura</strong></span> <span class='ocrx_word' id='word_1_640' title='bbox 2220 762 2293 783; x_wconf 86' lang='lat' dir='ltr'><strong>sua:</strong></span> <span class='ocrx_word' id='word_1_641' title='bbox 2318 753 2374 784; x_wconf 89' lang='lat' dir='ltr'><strong>sed</strong></span> <span class='ocrx_word' id='word_1_642' title='bbox 2390 755 2465 794; x_wconf 90' lang='lat' dir='ltr'><strong>quia</strong></span> 
     </span>
     <span class='ocr_line' id='line_1_76' title="bbox 1398 794 2465 836; baseline 0.002 -10"><span class='ocrx_word' id='word_1_643' title='bbox 1398 795 1557 836; x_wconf 83' lang='lat' dir='ltr'><strong>contingit</strong></span> <span class='ocrx_word' id='word_1_644' title='bbox 1586 805 1655 826; x_wconf 87' lang='lat' dir='ltr'><strong>esse</strong></span> <span class='ocrx_word' id='word_1_645' title='bbox 1683 795 1807 826; x_wconf 88' lang='lat' dir='ltr'><strong>multos</strong></span> <span class='ocrx_word' id='word_1_646' title='bbox 1837 794 1918 826; x_wconf 90' lang='lat' dir='ltr'><strong>fines</strong></span> <span class='ocrx_word' id='word_1_647' title='bbox 1950 795 2186 832; x_wconf 87' lang='lat' dir='ltr'><strong>subordinatos‚</strong></span> <span class='ocrx_word' id='word_1_648' title='bbox 2211 805 2352 836; x_wconf 88' lang='lat' dir='ltr'><strong>quorum</strong></span> <span class='ocrx_word' id='word_1_649' title='bbox 2380 807 2465 829; x_wconf 91' lang='lat' dir='ltr'><strong>unus</strong></span> 
     </span>
     <span class='ocr_line' id='line_1_77' title="bbox 1397 839 2466 882; baseline 0.001 -11"><span class='ocrx_word' id='word_1_650' title='bbox 1397 840 1564 871; x_wconf 77' lang='lat' dir='ltr'><strong>ordinatur</strong></span> <span class='ocrx_word' id='word_1_651' title='bbox 1587 839 1628 871; x_wconf 83' lang='lat' dir='ltr'><strong>ad</strong></span> <span class='ocrx_word' id='word_1_652' title='bbox 1651 841 1762 876; x_wconf 85' lang='lat' dir='ltr'><strong>alium,</strong></span> <span class='ocrx_word' id='word_1_653' title='bbox 1784 839 1860 870; x_wconf 90' lang='lat' dir='ltr'><strong>ideo</strong></span> <span class='ocrx_word' id='word_1_654' title='bbox 1885 839 2043 880; x_wconf 86' lang='lat' dir='ltr'><strong>contingit</strong></span> <span class='ocrx_word' id='word_1_655' title='bbox 2067 840 2157 880; x_wconf 89' lang='lat' dir='ltr'><strong>quod</strong></span> <span class='ocrx_word' id='word_1_656' title='bbox 2180 841 2301 882; x_wconf 85' lang='lat' dir='ltr'><strong>aliquid</strong></span> <span class='ocrx_word' id='word_1_657' title='bbox 2324 847 2371 872; x_wconf 90' lang='lat' dir='ltr'><strong>est</strong></span> <span class='ocrx_word' id='word_1_658' title='bbox 2392 841 2466 872; x_wconf 90' lang='lat' dir='ltr'><strong>finis</strong></span> 
     </span>
     <span class='ocr_line' id='line_1_78' title="bbox 1397 883 2466 924; baseline 0.002 -9"><span class='ocrx_word' id='word_1_659' title='bbox 1397 890 1534 921; x_wconf 88' lang='lat' dir='ltr'><strong>tantum,</strong></span> <span class='ocrx_word' id='word_1_660' title='bbox 1551 890 1588 915; x_wconf 90' lang='lat' dir='ltr'><strong>ut</strong></span> <span class='ocrx_word' id='word_1_661' title='bbox 1603 885 1729 915; x_wconf 78' lang='lat' dir='ltr'><strong>bonitas</strong></span> <span class='ocrx_word' id='word_1_662' title='bbox 1753 883 1874 921; x_wconf 82' lang='lat' dir='ltr'><strong>divina3</strong></span> <span class='ocrx_word' id='word_1_663' title='bbox 1897 884 2020 924; x_wconf 90' lang='lat' dir='ltr'><strong>aliquid</strong></span> <span class='ocrx_word' id='word_1_664' title='bbox 2043 890 2091 915; x_wconf 93' lang='lat' dir='ltr'><strong>est</strong></span> <span class='ocrx_word' id='word_1_665' title='bbox 2113 884 2297 916; x_wconf 87' lang='lat' dir='ltr'><strong>ordinatum</strong></span> <span class='ocrx_word' id='word_1_666' title='bbox 2311 885 2352 916; x_wconf 89' lang='lat' dir='ltr'><strong>ad</strong></span> <span class='ocrx_word' id='word_1_667' title='bbox 2366 885 2466 917; x_wconf 90' lang='lat' dir='ltr'><strong>finem</strong></span> 
     </span>
     <span class='ocr_line' id='line_1_79' title="bbox 1398 928 2466 969; baseline 0.001 -9"><span class='ocrx_word' id='word_1_668' title='bbox 1398 935 1535 966; x_wconf 88' lang='lat' dir='ltr'><strong>tantum,</strong></span> <span class='ocrx_word' id='word_1_669' title='bbox 1551 935 1587 960; x_wconf 94' lang='lat' dir='ltr'><strong>ut</strong></span> <span class='ocrx_word' id='word_1_670' title='bbox 1603 929 1763 960; x_wconf 90' lang='lat' dir='ltr'><strong>medicina</strong></span> <span class='ocrx_word' id='word_1_671' title='bbox 1786 938 1906 965; x_wconf 89' lang='lat' dir='ltr'><strong>amara;</strong></span> <span class='ocrx_word' id='word_1_672' title='bbox 1931 928 2053 969; x_wconf 81' lang='lat' dir='ltr'><strong>aliquid</strong></span> <span class='ocrx_word' id='word_1_673' title='bbox 2069 938 2145 959; x_wconf 90' lang='lat' dir='ltr'><strong>vero</strong></span> <span class='ocrx_word' id='word_1_674' title='bbox 2163 934 2210 959; x_wconf 88' lang='lat' dir='ltr'><strong>est</strong></span> <span class='ocrx_word' id='word_1_675' title='bbox 2224 929 2333 960; x_wconf 82' lang='lat' dir='ltr'><strong>medio</strong></span> <span class='ocrx_word' id='word_1_676' title='bbox 2353 930 2466 968; x_wconf 85' lang='lat' dir='ltr'><strong>modo,</strong></span> 
     </span>
     <span class='ocr_line' id='line_1_80' title="bbox 1398 972 2467 1015; baseline 0 -11"><span class='ocrx_word' id='word_1_677' title='bbox 1398 974 1519 1005; x_wconf 86' lang='lat' dir='ltr'><strong>scilicet</strong></span> <span class='ocrx_word' id='word_1_678' title='bbox 1548 979 1579 1004; x_wconf 89' lang='lat' dir='ltr'><strong>et</strong></span> <span class='ocrx_word' id='word_1_679' title='bbox 1609 973 1682 1004; x_wconf 88' lang='lat' dir='ltr'><strong>finis</strong></span> <span class='ocrx_word' id='word_1_680' title='bbox 1711 979 1861 1014; x_wconf 90' lang='lat' dir='ltr'><strong>respectu</strong></span> <span class='ocrx_word' id='word_1_681' title='bbox 1890 972 2085 1014; x_wconf 87' lang='lat' dir='ltr'><strong>aliquorum,</strong></span> <span class='ocrx_word' id='word_1_682' title='bbox 2110 979 2142 1004; x_wconf 93' lang='lat' dir='ltr'><strong>et</strong></span> <span class='ocrx_word' id='word_1_683' title='bbox 2168 979 2316 1015; x_wconf 87' lang='lat' dir='ltr'><strong>respectu</strong></span> <span class='ocrx_word' id='word_1_684' title='bbox 2340 974 2467 1005; x_wconf 89' lang='lat' dir='ltr'><strong>alterius</strong></span> 
     </span>
     <span class='ocr_line' id='line_1_81' title="bbox 1399 1016 2467 1054; baseline 0.001 -6"><span class='ocrx_word' id='word_1_685' title='bbox 1399 1018 1582 1048; x_wconf 85' lang='lat' dir='ltr'><strong>ordinatum</strong></span> <span class='ocrx_word' id='word_1_686' title='bbox 1607 1017 1647 1048; x_wconf 91' lang='lat' dir='ltr'><strong>ad</strong></span> <span class='ocrx_word' id='word_1_687' title='bbox 1669 1017 1779 1054; x_wconf 90' lang='lat' dir='ltr'><strong>finem,</strong></span> <span class='ocrx_word' id='word_1_688' title='bbox 1797 1023 1832 1048; x_wconf 92' lang='lat' dir='ltr'><strong>ut</strong></span> <span class='ocrx_word' id='word_1_689' title='bbox 1848 1017 1974 1048; x_wconf 88' lang='lat' dir='ltr'><strong>sanitas.</strong></span> <span class='ocrx_word' id='word_1_690' title='bbox 1998 1016 2093 1048; x_wconf 90' lang='lat' dir='ltr'><strong>Unde</strong></span> <span class='ocrx_word' id='word_1_691' title='bbox 2108 1027 2239 1048; x_wconf 90' lang='lat' dir='ltr'><strong>necesse</strong></span> <span class='ocrx_word' id='word_1_692' title='bbox 2256 1023 2303 1048; x_wconf 90' lang='lat' dir='ltr'><strong>est</strong></span> <span class='ocrx_word' id='word_1_693' title='bbox 2317 1023 2354 1048; x_wconf 91' lang='lat' dir='ltr'><strong>ut</strong></span> <span class='ocrx_word' id='word_1_694' title='bbox 2369 1028 2467 1050; x_wconf 90' lang='lat' dir='ltr'><strong>omne</strong></span> 
     </span>
     <span class='ocr_line' id='line_1_82' title="bbox 1399 1061 2467 1103; baseline 0 -11"><span class='ocrx_word' id='word_1_695' title='bbox 1399 1063 1525 1093; x_wconf 89' lang='lat' dir='ltr'><strong>bonum</strong></span> <span class='ocrx_word' id='word_1_696' title='bbox 1541 1067 1596 1093; x_wconf 85' lang='lat' dir='ltr'><strong>aut</strong></span> <span class='ocrx_word' id='word_1_697' title='bbox 1611 1063 1651 1093; x_wconf 82' lang='lat' dir='ltr'><strong>sit</strong></span> <span class='ocrx_word' id='word_1_698' title='bbox 1666 1062 1748 1098; x_wconf 89' lang='lat' dir='ltr'><strong>finis,</strong></span> <span class='ocrx_word' id='word_1_699' title='bbox 1766 1069 1821 1093; x_wconf 89' lang='lat' dir='ltr'><strong>aut</strong></span> <span class='ocrx_word' id='word_1_700' title='bbox 1834 1062 1875 1092; x_wconf 91' lang='lat' dir='ltr'><strong>sit</strong></span> <span class='ocrx_word' id='word_1_701' title='bbox 1892 1061 2075 1092; x_wconf 86' lang='lat' dir='ltr'><strong>ordinatum</strong></span> <span class='ocrx_word' id='word_1_702' title='bbox 2091 1061 2132 1092; x_wconf 91' lang='lat' dir='ltr'><strong>ad</strong></span> <span class='ocrx_word' id='word_1_703' title='bbox 2146 1061 2260 1092; x_wconf 87' lang='lat' dir='ltr'><strong>finem:</strong></span> <span class='ocrx_word' id='word_1_704' title='bbox 2282 1068 2313 1092; x_wconf 92' lang='lat' dir='ltr'><strong>et</strong></span> <span class='ocrx_word' id='word_1_705' title='bbox 2327 1067 2467 1103; x_wconf 92' lang='lat' dir='ltr'><strong>utroque</strong></span> 
     </span>
     <span class='ocr_line' id='line_1_83' title="bbox 1399 1105 2467 1147; baseline 0 -10"><span class='ocrx_word' id='word_1_706' title='bbox 1399 1107 1501 1137; x_wconf 90' lang='lat' dir='ltr'><strong>modo</strong></span> <span class='ocrx_word' id='word_1_707' title='bbox 1513 1112 1569 1137; x_wconf 90' lang='lat' dir='ltr'><strong>aut</strong></span> <span class='ocrx_word' id='word_1_708' title='bbox 1583 1107 1780 1147; x_wconf 80' lang='lat' dir='ltr'><strong>simpliciter,</strong></span> <span class='ocrx_word' id='word_1_709' title='bbox 1793 1111 1848 1137; x_wconf 82' lang='lat' dir='ltr'><strong>aut</strong></span> <span class='ocrx_word' id='word_1_710' title='bbox 1863 1105 2044 1137; x_wconf 91' lang='lat' dir='ltr'><strong>secundum</strong></span> <span class='ocrx_word' id='word_1_711' title='bbox 2056 1105 2144 1146; x_wconf 87' lang='lat' dir='ltr'><strong>quid.</strong></span> <span class='ocrx_word' id='word_1_712' title='bbox 2159 1106 2222 1137; x_wconf 81' lang='lat' dir='ltr'><strong>Sed</strong></span> <span class='ocrx_word' id='word_1_713' title='bbox 2234 1106 2467 1137; x_wconf 77' lang='lat' dir='ltr'><strong>attendendum</strong></span> 
     </span>
     <span class='ocr_line' id='line_1_84' title="bbox 1401 1150 2467 1191; baseline -0.001 -9"><span class='ocrx_word' id='word_1_714' title='bbox 1401 1151 1491 1191; x_wconf 88' lang='lat' dir='ltr'><strong>quod</strong></span> <span class='ocrx_word' id='word_1_715' title='bbox 1517 1150 1576 1182; x_wconf 84' lang='lat' dir='ltr'><strong>fini</strong></span> <span class='ocrx_word' id='word_1_716' title='bbox 1601 1151 1668 1182; x_wconf 91' lang='lat' dir='ltr'><strong>duo</strong></span> <span class='ocrx_word' id='word_1_717' title='bbox 1695 1152 1909 1182; x_wconf 81' lang='lat' dir='ltr'><strong>conveniunt:</strong></span> <span class='ocrx_word' id='word_1_718' title='bbox 1941 1151 2063 1182; x_wconf 88' lang='lat' dir='ltr'><strong>scilicet</strong></span> <span class='ocrx_word' id='word_1_719' title='bbox 2089 1150 2180 1191; x_wconf 83' lang='lat' dir='ltr'><strong>quod</strong></span> <span class='ocrx_word' id='word_1_720' title='bbox 2207 1151 2247 1181; x_wconf 91' lang='lat' dir='ltr'><strong>sit</strong></span> <span class='ocrx_word' id='word_1_721' title='bbox 2274 1157 2408 1191; x_wconf 81' lang='lat' dir='ltr'><strong>propter</strong></span> <span class='ocrx_word' id='word_1_722' title='bbox 2433 1161 2467 1182; x_wconf 87' lang='lat' dir='ltr'><strong>se</strong></span> 
     </span>
     <span class='ocr_line' id='line_1_85' title="bbox 1401 1195 2466 1236; baseline 0 -10"><span class='ocrx_word' id='word_1_723' title='bbox 1401 1195 1599 1236; x_wconf 86' lang='lat' dir='ltr'><strong>appetibilis;</strong></span> <span class='ocrx_word' id='word_1_724' title='bbox 1622 1202 1656 1226; x_wconf 89' lang='lat' dir='ltr'><strong>et</strong></span> <span class='ocrx_word' id='word_1_725' title='bbox 1679 1195 1769 1235; x_wconf 93' lang='lat' dir='ltr'><strong>quod</strong></span> <span class='ocrx_word' id='word_1_726' title='bbox 1798 1196 1859 1226; x_wconf 89' lang='lat' dir='ltr'><strong>alia</strong></span> <span class='ocrx_word' id='word_1_727' title='bbox 1888 1201 2021 1235; x_wconf 86' lang='lat' dir='ltr'><strong>propter</strong></span> <span class='ocrx_word' id='word_1_728' title='bbox 2049 1195 2158 1235; x_wconf 85' lang='lat' dir='ltr'><strong>ipsum</strong></span> <span class='ocrx_word' id='word_1_729' title='bbox 2187 1195 2251 1229; x_wconf 84' lang='lat' dir='ltr'><strong>sint</strong></span> <span class='ocrx_word' id='word_1_730' title='bbox 2273 1196 2466 1236; x_wconf 85' lang='lat' dir='ltr'><strong>appetibilia.</strong></span> 
     </span>
     <span class='ocr_line' id='line_1_86' title="bbox 1400 1240 2468 1279; baseline 0.001 -9"><span class='ocrx_word' id='word_1_731' title='bbox 1400 1240 1545 1270; x_wconf 89' lang='lat' dir='ltr'><strong>Primum</strong></span> <span class='ocrx_word' id='word_1_732' title='bbox 1569 1241 1722 1270; x_wconf 91' lang='lat' dir='ltr'><strong>convenit</strong></span> <span class='ocrx_word' id='word_1_733' title='bbox 1752 1240 1812 1270; x_wconf 91' lang='lat' dir='ltr'><strong>sibi</strong></span> <span class='ocrx_word' id='word_1_734' title='bbox 1840 1240 2036 1279; x_wconf 87' lang='lat' dir='ltr'><strong>inquantum</strong></span> <span class='ocrx_word' id='word_1_735' title='bbox 2064 1245 2110 1270; x_wconf 87' lang='lat' dir='ltr'><strong>est</strong></span> <span class='ocrx_word' id='word_1_736' title='bbox 2133 1240 2269 1275; x_wconf 88' lang='lat' dir='ltr'><strong>bonum,</strong></span> <span class='ocrx_word' id='word_1_737' title='bbox 2290 1241 2411 1271; x_wconf 87' lang='lat' dir='ltr'><strong>habens</strong></span> <span class='ocrx_word' id='word_1_738' title='bbox 2433 1241 2468 1271; x_wconf 89' lang='lat' dir='ltr'><strong>in</strong></span> 
     </span>
     <span class='ocr_line' id='line_1_87' title="bbox 1401 1283 2469 1324; baseline 0 -10"><span class='ocrx_word' id='word_1_739' title='bbox 1401 1293 1434 1314; x_wconf 90' lang='lat' dir='ltr'><strong>se</strong></span> <span class='ocrx_word' id='word_1_740' title='bbox 1465 1283 1678 1315; x_wconf 88' lang='lat' dir='ltr'><strong>sufficientem</strong></span> <span class='ocrx_word' id='word_1_741' title='bbox 1708 1284 1982 1324; x_wconf 88' lang='lat' dir='ltr'><strong>appetibilitatem.</strong></span> <span class='ocrx_word' id='word_1_742' title='bbox 2014 1283 2200 1315; x_wconf 89' lang='lat' dir='ltr'><strong>Secundum</strong></span> <span class='ocrx_word' id='word_1_743' title='bbox 2229 1284 2290 1314; x_wconf 90' lang='lat' dir='ltr'><strong>sibi</strong></span> <span class='ocrx_word' id='word_1_744' title='bbox 2317 1284 2469 1315; x_wconf 87' lang='lat' dir='ltr'><strong>convenit</strong></span> 
     </span>
     <span class='ocr_line' id='line_1_88' title="bbox 1402 1327 2469 1369; baseline 0 -11"><span class='ocrx_word' id='word_1_745' title='bbox 1402 1329 1597 1368; x_wconf 87' lang='lat' dir='ltr'><strong>inquantum</strong></span> <span class='ocrx_word' id='word_1_746' title='bbox 1621 1333 1668 1359; x_wconf 89' lang='lat' dir='ltr'><strong>est</strong></span> <span class='ocrx_word' id='word_1_747' title='bbox 1691 1338 1786 1359; x_wconf 91' lang='lat' dir='ltr'><strong>causa</strong></span> <span class='ocrx_word' id='word_1_748' title='bbox 1809 1337 1923 1358; x_wconf 88' lang='lat' dir='ltr'><strong>eorum</strong></span> <span class='ocrx_word' id='word_1_749' title='bbox 1939 1337 2022 1368; x_wconf 89' lang='lat' dir='ltr'><strong>quae</strong></span> <span class='ocrx_word' id='word_1_750' title='bbox 2039 1333 2114 1358; x_wconf 92' lang='lat' dir='ltr'><strong>sunt</strong></span> <span class='ocrx_word' id='word_1_751' title='bbox 2129 1328 2168 1358; x_wconf 91' lang='lat' dir='ltr'><strong>ad</strong></span> <span class='ocrx_word' id='word_1_752' title='bbox 2183 1327 2293 1358; x_wconf 90' lang='lat' dir='ltr'><strong>finem.</strong></span> <span class='ocrx_word' id='word_1_753' title='bbox 2312 1328 2377 1359; x_wconf 90' lang='lat' dir='ltr'><strong>Sed</strong></span> <span class='ocrx_word' id='word_1_754' title='bbox 2393 1329 2469 1369; x_wconf 89' lang='lat' dir='ltr'><strong>quia</strong></span> 
     </span>
     <span class='ocr_line' id='line_1_89' title="bbox 1403 1372 2469 1413; baseline -0.001 -10"><span class='ocrx_word' id='word_1_755' title='bbox 1403 1373 1563 1413; x_wconf 82' lang='lat' dir='ltr'><strong>contingit</strong></span> <span class='ocrx_word' id='word_1_756' title='bbox 1578 1372 1699 1413; x_wconf 81' lang='lat' dir='ltr'><strong>aliquid</strong></span> <span class='ocrx_word' id='word_1_757' title='bbox 1716 1382 1784 1403; x_wconf 91' lang='lat' dir='ltr'><strong>esse</strong></span> <span class='ocrx_word' id='word_1_758' title='bbox 1800 1382 1930 1403; x_wconf 83' lang='lat' dir='ltr'><strong>causam</strong></span> <span class='ocrx_word' id='word_1_759' title='bbox 1946 1378 1977 1403; x_wconf 92' lang='lat' dir='ltr'><strong>et</strong></span> <span class='ocrx_word' id='word_1_760' title='bbox 1997 1378 2108 1403; x_wconf 90' lang='lat' dir='ltr'><strong>tamen</strong></span> <span class='ocrx_word' id='word_1_761' title='bbox 2122 1381 2191 1402; x_wconf 90' lang='lat' dir='ltr'><strong>non</strong></span> <span class='ocrx_word' id='word_1_762' title='bbox 2214 1372 2379 1403; x_wconf 82' lang='lat' dir='ltr'><strong>actualiter</strong></span> <span class='ocrx_word' id='word_1_763' title='bbox 2394 1382 2469 1403; x_wconf 93' lang='lat' dir='ltr'><strong>cau—</strong></span> 
     </span>
     <span class='ocr_line' id='line_1_90' title="bbox 1403 1416 2471 1458; baseline 0 -10"><span class='ocrx_word' id='word_1_764' title='bbox 1403 1427 1482 1453; x_wconf 89' lang='lat' dir='ltr'><strong>sare,</strong></span> <span class='ocrx_word' id='word_1_765' title='bbox 1498 1417 1573 1448; x_wconf 89' lang='lat' dir='ltr'><strong>ideo</strong></span> <span class='ocrx_word' id='word_1_766' title='bbox 1589 1418 1748 1457; x_wconf 84' lang='lat' dir='ltr'><strong>contingit</strong></span> <span class='ocrx_word' id='word_1_767' title='bbox 1764 1417 1854 1457; x_wconf 92' lang='lat' dir='ltr'><strong>quod</strong></span> <span class='ocrx_word' id='word_1_768' title='bbox 1872 1416 1994 1457; x_wconf 83' lang='lat' dir='ltr'><strong>aliquid</strong></span> <span class='ocrx_word' id='word_1_769' title='bbox 2016 1417 2112 1447; x_wconf 87' lang='lat' dir='ltr'><strong>habet</strong></span> <span class='ocrx_word' id='word_1_770' title='bbox 2132 1417 2313 1447; x_wconf 79' lang='lat' dir='ltr'><strong>bonitatem</strong></span> <span class='ocrx_word' id='word_1_771' title='bbox 2339 1423 2471 1458; x_wconf 85' lang='lat' dir='ltr'><strong>propter</strong></span> 
     </span>
     <span class='ocr_line' id='line_1_91' title="bbox 1404 1461 2470 1502; baseline 0 -9"><span class='ocrx_word' id='word_1_772' title='bbox 1404 1471 1503 1502; x_wconf 84' lang='lat' dir='ltr'><strong>quam</strong></span> <span class='ocrx_word' id='word_1_773' title='bbox 1526 1462 1587 1492; x_wconf 86' lang='lat' dir='ltr'><strong>alia</strong></span> <span class='ocrx_word' id='word_1_774' title='bbox 1609 1467 1746 1502; x_wconf 79' lang='lat' dir='ltr'><strong>possunt</strong></span> <span class='ocrx_word' id='word_1_775' title='bbox 1776 1462 1894 1502; x_wconf 87' lang='lat' dir='ltr'><strong>appeti,</strong></span> <span class='ocrx_word' id='word_1_776' title='bbox 1918 1467 1950 1492; x_wconf 85' lang='lat' dir='ltr'><strong>et</strong></span> <span class='ocrx_word' id='word_1_777' title='bbox 1976 1467 2084 1492; x_wconf 87' lang='lat' dir='ltr'><strong>tamen</strong></span> <span class='ocrx_word' id='word_1_778' title='bbox 2106 1461 2186 1491; x_wconf 90' lang='lat' dir='ltr'><strong>nihil</strong></span> <span class='ocrx_word' id='word_1_779' title='bbox 2209 1467 2341 1501; x_wconf 90' lang='lat' dir='ltr'><strong>propter</strong></span> <span class='ocrx_word' id='word_1_780' title='bbox 2362 1462 2470 1502; x_wconf 90' lang='lat' dir='ltr'><strong>ipsum</strong></span> 
     </span>
     <span class='ocr_line' id='line_1_92' title="bbox 1405 1505 2471 1547; baseline 0 -10"><span class='ocrx_word' id='word_1_781' title='bbox 1405 1511 1588 1547; x_wconf 86' lang='lat' dir='ltr'><strong>appetatur:</strong></span> <span class='ocrx_word' id='word_1_782' title='bbox 1611 1512 1643 1537; x_wconf 91' lang='lat' dir='ltr'><strong>et</strong></span> <span class='ocrx_word' id='word_1_783' title='bbox 1662 1507 1719 1542; x_wconf 88' lang='lat' dir='ltr'><strong>sic,</strong></span> <span class='ocrx_word' id='word_1_784' title='bbox 1735 1506 1826 1547; x_wconf 87' lang='lat' dir='ltr'><strong>quod</strong></span> <span class='ocrx_word' id='word_1_785' title='bbox 1841 1507 1881 1536; x_wconf 93' lang='lat' dir='ltr'><strong>sit</strong></span> <span class='ocrx_word' id='word_1_786' title='bbox 1895 1505 1968 1536; x_wconf 91' lang='lat' dir='ltr'><strong>finis</strong></span> <span class='ocrx_word' id='word_1_787' title='bbox 1984 1511 2015 1536; x_wconf 91' lang='lat' dir='ltr'><strong>et</strong></span> <span class='ocrx_word' id='word_1_788' title='bbox 2030 1512 2139 1536; x_wconf 87' lang='lat' dir='ltr'><strong>tamen</strong></span> <span class='ocrx_word' id='word_1_789' title='bbox 2162 1506 2380 1536; x_wconf 89' lang='lat' dir='ltr'><strong>causalitatem</strong></span> <span class='ocrx_word' id='word_1_790' title='bbox 2398 1505 2471 1537; x_wconf 90' lang='lat' dir='ltr'><strong>finis</strong></span> 
     </span>
     <span class='ocr_line' id='line_1_93' title="bbox 1405 1549 2472 1590; baseline -0.001 -9"><span class='ocrx_word' id='word_1_791' title='bbox 1405 1556 1480 1581; x_wconf 90' lang='lat' dir='ltr'><strong>actu</strong></span> <span class='ocrx_word' id='word_1_792' title='bbox 1503 1560 1571 1581; x_wconf 89' lang='lat' dir='ltr'><strong>non</strong></span> <span class='ocrx_word' id='word_1_793' title='bbox 1595 1556 1749 1581; x_wconf 84' lang='lat' dir='ltr'><strong>exerceat.</strong></span> <span class='ocrx_word' id='word_1_794' title='bbox 1778 1550 1902 1580; x_wconf 90' lang='lat' dir='ltr'><strong>Dicitur</strong></span> <span class='ocrx_word' id='word_1_795' title='bbox 1931 1559 2007 1589; x_wconf 89' lang='lat' dir='ltr'><strong>ergo</strong></span> <span class='ocrx_word' id='word_1_796' title='bbox 2032 1549 2122 1590; x_wconf 91' lang='lat' dir='ltr'><strong>quod</strong></span> <span class='ocrx_word' id='word_1_797' title='bbox 2149 1559 2247 1580; x_wconf 90' lang='lat' dir='ltr'><strong>omne</strong></span> <span class='ocrx_word' id='word_1_798' title='bbox 2269 1550 2394 1580; x_wconf 88' lang='lat' dir='ltr'><strong>bonum</strong></span> <span class='ocrx_word' id='word_1_799' title='bbox 2417 1556 2472 1581; x_wconf 89' lang='lat' dir='ltr'><strong>aut</strong></span> 
     </span>
     <span class='ocr_line' id='line_1_94' title="bbox 1407 1593 2472 1633; baseline 0 -8"><span class='ocrx_word' id='word_1_800' title='bbox 1407 1601 1454 1625; x_wconf 90' lang='lat' dir='ltr'><strong>est</strong></span> <span class='ocrx_word' id='word_1_801' title='bbox 1468 1593 1541 1625; x_wconf 86' lang='lat' dir='ltr'><strong>finis</strong></span> <span class='ocrx_word' id='word_1_802' title='bbox 1558 1600 1613 1625; x_wconf 90' lang='lat' dir='ltr'><strong>aut</strong></span> <span class='ocrx_word' id='word_1_803' title='bbox 1629 1594 1813 1625; x_wconf 89' lang='lat' dir='ltr'><strong>ordinatum</strong></span> <span class='ocrx_word' id='word_1_804' title='bbox 1832 1594 1873 1625; x_wconf 88' lang='lat' dir='ltr'><strong>ad</strong></span> <span class='ocrx_word' id='word_1_805' title='bbox 1893 1593 2005 1629; x_wconf 89' lang='lat' dir='ltr'><strong>finem,</strong></span> <span class='ocrx_word' id='word_1_806' title='bbox 2022 1595 2215 1633; x_wconf 88' lang='lat' dir='ltr'><strong>inquantum</strong></span> <span class='ocrx_word' id='word_1_807' title='bbox 2231 1603 2329 1624; x_wconf 87' lang='lat' dir='ltr'><strong>omne</strong></span> <span class='ocrx_word' id='word_1_808' title='bbox 2347 1595 2472 1625; x_wconf 88' lang='lat' dir='ltr'><strong>bonum</strong></span> 
     </span>
     <span class='ocr_line' id='line_1_95' title="bbox 1407 1637 2473 1679; baseline -0.001 -9"><span class='ocrx_word' id='word_1_809' title='bbox 1407 1645 1462 1670; x_wconf 84' lang='lat' dir='ltr'><strong>aut</strong></span> <span class='ocrx_word' id='word_1_810' title='bbox 1485 1644 1532 1670; x_wconf 89' lang='lat' dir='ltr'><strong>est</strong></span> <span class='ocrx_word' id='word_1_811' title='bbox 1554 1644 1688 1679; x_wconf 87' lang='lat' dir='ltr'><strong>propter</strong></span> <span class='ocrx_word' id='word_1_812' title='bbox 1710 1648 1744 1669; x_wconf 88' lang='lat' dir='ltr'><strong>se</strong></span> <span class='ocrx_word' id='word_1_813' title='bbox 1768 1637 1941 1678; x_wconf 86' lang='lat' dir='ltr'><strong>appetibile</strong></span> <span class='ocrx_word' id='word_1_814' title='bbox 1965 1642 1996 1668; x_wconf 90' lang='lat' dir='ltr'><strong>et</strong></span> <span class='ocrx_word' id='word_1_815' title='bbox 2017 1642 2151 1678; x_wconf 89' lang='lat' dir='ltr'><strong>propter</strong></span> <span class='ocrx_word' id='word_1_816' title='bbox 2174 1637 2264 1677; x_wconf 87' lang='lat' dir='ltr'><strong>quod</strong></span> <span class='ocrx_word' id='word_1_817' title='bbox 2287 1638 2346 1668; x_wconf 87' lang='lat' dir='ltr'><strong>alia</strong></span> <span class='ocrx_word' id='word_1_818' title='bbox 2365 1639 2473 1679; x_wconf 89' lang='lat' dir='ltr'><strong>appeti</strong></span> 
     </span>
     <span class='ocr_line' id='line_1_96' title="bbox 1406 1681 2474 1724; baseline -0.002 -10"><span class='ocrx_word' id='word_1_819' title='bbox 1406 1688 1555 1724; x_wconf 83' lang='lat' dir='ltr'><strong>possunt,</strong></span> <span class='ocrx_word' id='word_1_820' title='bbox 1578 1689 1633 1714; x_wconf 86' lang='lat' dir='ltr'><strong>aut</strong></span> <span class='ocrx_word' id='word_1_821' title='bbox 1656 1688 1704 1713; x_wconf 88' lang='lat' dir='ltr'><strong>est</strong></span> <span class='ocrx_word' id='word_1_822' title='bbox 1726 1688 1858 1722; x_wconf 89' lang='lat' dir='ltr'><strong>propter</strong></span> <span class='ocrx_word' id='word_1_823' title='bbox 1881 1681 1968 1712; x_wconf 89' lang='lat' dir='ltr'><strong>aliud</strong></span> <span class='ocrx_word' id='word_1_824' title='bbox 1991 1682 2180 1722; x_wconf 79' lang='lat' dir='ltr'><strong>appetibile:</strong></span> <span class='ocrx_word' id='word_1_825' title='bbox 2206 1690 2274 1712; x_wconf 92' lang='lat' dir='ltr'><strong>non</strong></span> <span class='ocrx_word' id='word_1_826' title='bbox 2298 1687 2406 1712; x_wconf 88' lang='lat' dir='ltr'><strong>autem</strong></span> <span class='ocrx_word' id='word_1_827' title='bbox 2428 1683 2474 1712; x_wconf 92' lang='lat' dir='ltr'><strong>sic</strong></span> 
     </span>
     <span class='ocr_line' id='line_1_97' title="bbox 1408 1726 2474 1769; baseline -0.002 -10"><span class='ocrx_word' id='word_1_828' title='bbox 1408 1727 1499 1769; x_wconf 90' lang='lat' dir='ltr'><strong>quod</strong></span> <span class='ocrx_word' id='word_1_829' title='bbox 1522 1737 1621 1758; x_wconf 91' lang='lat' dir='ltr'><strong>omne</strong></span> <span class='ocrx_word' id='word_1_830' title='bbox 1644 1728 1769 1758; x_wconf 90' lang='lat' dir='ltr'><strong>bonum</strong></span> <span class='ocrx_word' id='word_1_831' title='bbox 1793 1732 1849 1757; x_wconf 89' lang='lat' dir='ltr'><strong>aut</strong></span> <span class='ocrx_word' id='word_1_832' title='bbox 1871 1727 1910 1757; x_wconf 89' lang='lat' dir='ltr'><strong>sit</strong></span> <span class='ocrx_word' id='word_1_833' title='bbox 1933 1726 2024 1766; x_wconf 90' lang='lat' dir='ltr'><strong>quod</strong></span> <span class='ocrx_word' id='word_1_834' title='bbox 2046 1726 2210 1756; x_wconf 87' lang='lat' dir='ltr'><strong>actualiter</strong></span> <span class='ocrx_word' id='word_1_835' title='bbox 2225 1726 2385 1766; x_wconf 85' lang='lat' dir='ltr'><strong>appetitur</strong></span> <span class='ocrx_word' id='word_1_836' title='bbox 2400 1735 2474 1766; x_wconf 90' lang='lat' dir='ltr'><strong>pro-</strong></span> 
     </span>
     <span class='ocr_line' id='line_1_98' title="bbox 1407 1769 2476 1814; baseline -0.003 -11"><span class='ocrx_word' id='word_1_837' title='bbox 1407 1779 1479 1814; x_wconf 89' lang='lat' dir='ltr'><strong>pter</strong></span> <span class='ocrx_word' id='word_1_838' title='bbox 1502 1771 1600 1808; x_wconf 88' lang='lat' dir='ltr'><strong>aliud,</strong></span> <span class='ocrx_word' id='word_1_839' title='bbox 1624 1777 1678 1802; x_wconf 86' lang='lat' dir='ltr'><strong>aut</strong></span> <span class='ocrx_word' id='word_1_840' title='bbox 1703 1772 1742 1802; x_wconf 92' lang='lat' dir='ltr'><strong>sit</strong></span> <span class='ocrx_word' id='word_1_841' title='bbox 1763 1777 1897 1812; x_wconf 90' lang='lat' dir='ltr'><strong>propter</strong></span> <span class='ocrx_word' id='word_1_842' title='bbox 1921 1770 2012 1811; x_wconf 92' lang='lat' dir='ltr'><strong>quod</strong></span> <span class='ocrx_word' id='word_1_843' title='bbox 2027 1769 2114 1801; x_wconf 92' lang='lat' dir='ltr'><strong>aliud</strong></span> <span class='ocrx_word' id='word_1_844' title='bbox 2129 1770 2290 1810; x_wconf 89' lang='lat' dir='ltr'><strong>appetitur</strong></span> <span class='ocrx_word' id='word_1_845' title='bbox 2303 1771 2338 1801; x_wconf 88' lang='lat' dir='ltr'><strong>in</strong></span> <span class='ocrx_word' id='word_1_846' title='bbox 2354 1776 2437 1801; x_wconf 90' lang='lat' dir='ltr'><strong>actu.</strong></span> <span class='ocrx_word' id='word_1_847' title='bbox 2453 1789 2476 1792; x_wconf 98' lang='lat'><strong>—</strong></span> 
     </span>
     <span class='ocr_line' id='line_1_99' title="bbox 1408 1814 2475 1855; baseline -0.004 -7"><span class='ocrx_word' id='word_1_848' title='bbox 1408 1817 1444 1848; x_wconf 92' lang='lat' dir='ltr'><strong>In</strong></span> <span class='ocrx_word' id='word_1_849' title='bbox 1467 1817 1531 1848; x_wconf 92' lang='lat' dir='ltr'><strong>hoc</strong></span> <span class='ocrx_word' id='word_1_850' title='bbox 1555 1821 1664 1848; x_wconf 90' lang='lat' dir='ltr'><strong>autem</strong></span> <span class='ocrx_word' id='word_1_851' title='bbox 1687 1815 1831 1847; x_wconf 90' lang='lat' dir='ltr'><strong>secundo</strong></span> <span class='ocrx_word' id='word_1_852' title='bbox 1855 1825 1952 1846; x_wconf 90' lang='lat' dir='ltr'><strong>sensu</strong></span> <span class='ocrx_word' id='word_1_853' title='bbox 1967 1814 2115 1855; x_wconf 88' lang='lat' dir='ltr'><strong>procedit</strong></span> <span class='ocrx_word' id='word_1_854' title='bbox 2133 1814 2283 1845; x_wconf 84' lang='lat' dir='ltr'><strong>obiectio.</strong></span> <span class='ocrx_word' id='word_1_855' title='bbox 2308 1814 2385 1845; x_wconf 82' lang='lat' dir='ltr'><strong>Ideo</strong></span> <span class='ocrx_word' id='word_1_856' title='bbox 2408 1824 2475 1845; x_wconf 91' lang='lat' dir='ltr'><strong>non</strong></span> 
     </span>
     <span class='ocr_line' id='line_1_100' title="bbox 1409 1861 1785 1893; baseline -0.008 0"><span class='ocrx_word' id='word_1_857' title='bbox 1409 1868 1456 1893; x_wconf 91' lang='lat' dir='ltr'><strong>est</strong></span> <span class='ocrx_word' id='word_1_858' title='bbox 1479 1866 1592 1892; x_wconf 88' lang='lat' dir='ltr'><strong>contra</strong></span> <span class='ocrx_word' id='word_1_859' title='bbox 1614 1861 1785 1891; x_wconf 75' lang='lat' dir='ltr'><strong>intentum.</strong></span> 
     </span>
    </p>

    <p class='ocr_par' dir='ltr' id='par_1_14' title="bbox 1408 1901 2478 2297">
     <span class='ocr_line' id='line_1_101' title="bbox 1462 1901 2476 1943; baseline -0.004 -7"><span class='ocrx_word' id='word_1_860' title='bbox 1462 1905 1547 1936; x_wconf 82' lang='lat' dir='ltr'><strong>vm.</strong></span> <span class='ocrx_word' id='word_1_861' title='bbox 1571 1905 1636 1936; x_wconf 90' lang='lat' dir='ltr'><strong>Sed</strong></span> <span class='ocrx_word' id='word_1_862' title='bbox 1659 1910 1772 1935; x_wconf 82' lang='lat' dir='ltr'><strong>contra</strong></span> <span class='ocrx_word' id='word_1_863' title='bbox 1795 1904 2041 1935; x_wconf 89' lang='lat' dir='ltr'><strong>conclusionem</strong></span> <span class='ocrx_word' id='word_1_864' title='bbox 2071 1903 2168 1933; x_wconf 91' lang='lat' dir='ltr'><strong>huius</strong></span> <span class='ocrx_word' id='word_1_865' title='bbox 2198 1901 2330 1943; x_wconf 88' lang='lat' dir='ltr'><strong>capituli</strong></span> <span class='ocrx_word' id='word_1_866' title='bbox 2356 1911 2395 1933; x_wconf 84' lang='lat' dir='ltr'><strong>ex</strong></span> <span class='ocrx_word' id='word_1_867' title='bbox 2418 1902 2476 1932; x_wconf 90' lang='lat' dir='ltr'><strong>do-</strong></span> 
     </span>
     <span class='ocr_line' id='line_1_102' title="bbox 1409 1947 2475 1988; baseline -0.004 -7"><span class='ocrx_word' id='word_1_868' title='bbox 1409 1951 1510 1981; x_wconf 81' lang='lat' dir='ltr'><strong>ctrina</strong></span> <span class='ocrx_word' id='word_1_869' title='bbox 1521 1949 1631 1981; x_wconf 78' lang='lat' dir='ltr'><strong>Sancti</strong></span> <span class='ocrx_word' id='word_1_870' title='bbox 1646 1949 1795 1979; x_wconf 87' lang='lat' dir='ltr'><strong>Thomae</strong></span> <span class='ocrx_word' id='word_1_871' title='bbox 1811 1949 1899 1988; x_wconf 82' lang='lat' dir='ltr'><strong>argui</strong></span> <span class='ocrx_word' id='word_1_872' title='bbox 1915 1953 2032 1988; x_wconf 87' lang='lat' dir='ltr'><strong>potest.</strong></span> <span class='ocrx_word' id='word_1_873' title='bbox 2045 1947 2128 1978; x_wconf 90' lang='lat' dir='ltr'><strong>Nam</strong></span> <span class='ocrx_word' id='word_1_874' title='bbox 2140 1947 2246 1978; x_wconf 82' lang='lat' dir='ltr'><strong>Prima</strong></span> <span class='ocrx_word' id='word_1_875' title='bbox 2257 1947 2358 1983; x_wconf 87' lang='lat' dir='ltr'><strong>Parte,</strong></span> <span class='ocrx_word' id='word_1_876' title='bbox 2371 1956 2403 1987; x_wconf 86' lang='lat' dir='ltr'><strong>q.</strong></span> <span class='ocrx_word' id='word_1_877' title='bbox 2412 1956 2475 1983; x_wconf 81' lang='lat' dir='ltr'><strong>m,</strong></span> 
     </span>
     <span class='ocr_line' id='line_1_103' title="bbox 1409 1991 2478 2034; baseline -0.005 -8"><span class='ocrx_word' id='word_1_878' title='bbox 1409 2005 1436 2026; x_wconf 88' lang='lat' dir='ltr'><strong>a.</strong></span> <span class='ocrx_word' id='word_1_879' title='bbox 1455 2004 1486 2031; x_wconf 85' lang='lat'><strong>2,</strong></span> <span class='ocrx_word' id='word_1_880' title='bbox 1505 1994 1611 2034; x_wconf 89' lang='lat' dir='ltr'><strong>inquit</strong></span> <span class='ocrx_word' id='word_1_881' title='bbox 1635 1993 1726 2034; x_wconf 92' lang='lat' dir='ltr'><strong>quod</strong></span> <span class='ocrx_word' id='word_1_882' title='bbox 1748 1993 1810 2023; x_wconf 76' lang='lat' dir='ltr'><strong>hoc</strong></span> <span class='ocrx_word' id='word_1_883' title='bbox 1821 1993 1966 2033; x_wconf 79' lang='lat' dir='ltr'><strong>pertinet</strong></span> <span class='ocrx_word' id='word_1_884' title='bbox 1987 1992 2031 2022; x_wconf 84' lang='lat' dir='ltr'><strong>ad</strong></span> <span class='ocrx_word' id='word_1_885' title='bbox 2054 1991 2213 2022; x_wconf 81' lang='lat' dir='ltr'><strong>rationem</strong></span> <span class='ocrx_word' id='word_1_886' title='bbox 2237 1991 2421 2027; x_wconf 75' lang='lat' dir='ltr'><strong>voluntatis,</strong></span> <span class='ocrx_word' id='word_1_887' title='bbox 2442 1997 2478 2021; x_wconf 85' lang='lat' dir='ltr'><strong>ut</strong></span> 
     </span>
     <span class='ocr_line' id='line_1_104' title="bbox 1408 2035 2477 2079; baseline -0.004 -10"><span class='ocrx_word' id='word_1_888' title='bbox 1408 2040 1526 2070; x_wconf 82' lang='lat' dir='ltr'><strong>bonum</strong></span> <span class='ocrx_word' id='word_1_889' title='bbox 1546 2038 1633 2079; x_wconf 86' lang='lat' dir='ltr'><strong>quod</strong></span> <span class='ocrx_word' id='word_1_890' title='bbox 1651 2038 1723 2079; x_wconf 80' lang='lat' dir='ltr'><strong>quis</strong></span> <span class='ocrx_word' id='word_1_891' title='bbox 1745 2038 1840 2068; x_wconf 86' lang='lat' dir='ltr'><strong>habet</strong></span> <span class='ocrx_word' id='word_1_892' title='bbox 1862 2037 1936 2067; x_wconf 84' lang='lat' dir='ltr'><strong>aliis</strong></span> <span class='ocrx_word' id='word_1_893' title='bbox 1960 2036 2181 2071; x_wconf 84' lang='lat' dir='ltr'><strong>communicet,</strong></span> <span class='ocrx_word' id='word_1_894' title='bbox 2201 2036 2375 2066; x_wconf 81' lang='lat' dir='ltr'><strong>secundum</strong></span> <span class='ocrx_word' id='word_1_895' title='bbox 2410 2035 2477 2066; x_wconf 84' lang='lat' dir='ltr'><strong>uod</strong></span> 
     </span>
     <span class='ocr_line' id='line_1_105' title="bbox 2412 2089 2476 2110; baseline 0 0"><span class='ocrx_word' id='word_1_896' title='bbox 2412 2089 2476 2110; x_wconf 92' lang='lat' dir='ltr'><strong>unc</strong></span> 
     </span>
     <span class='ocr_line' id='line_1_106' title="bbox 1409 2123 2477 2166; baseline -0.006 -7"><span class='ocrx_word' id='word_1_897' title='bbox 1409 2129 1465 2159; x_wconf 90' lang='lat' dir='ltr'><strong>sic.</strong></span> <span class='ocrx_word' id='word_1_898' title='bbox 1489 2126 1589 2166; x_wconf 90' lang='lat' dir='ltr'><strong>Quod</strong></span> <span class='ocrx_word' id='word_1_899' title='bbox 1606 2132 1653 2157; x_wconf 90' lang='lat' dir='ltr'><strong>est</strong></span> <span class='ocrx_word' id='word_1_900' title='bbox 1668 2125 1708 2157; x_wconf 90' lang='lat' dir='ltr'><strong>de</strong></span> <span class='ocrx_word' id='word_1_901' title='bbox 1723 2127 1847 2157; x_wconf 87' lang='lat' dir='ltr'><strong>ratione</strong></span> <span class='ocrx_word' id='word_1_902' title='bbox 1869 2125 2054 2161; x_wconf 89' lang='lat' dir='ltr'><strong>voluntatis,</strong></span> <span class='ocrx_word' id='word_1_903' title='bbox 2075 2124 2226 2155; x_wconf 87' lang='lat' dir='ltr'><strong>convenit</strong></span> <span class='ocrx_word' id='word_1_904' title='bbox 2248 2123 2405 2154; x_wconf 87' lang='lat' dir='ltr'><strong>voluntati</strong></span> <span class='ocrx_word' id='word_1_905' title='bbox 2419 2132 2477 2154; x_wconf 88' lang='lat' dir='ltr'><strong>ne-</strong></span> 
     </span>
     <span class='ocr_line' id='line_1_107' title="bbox 1411 2167 2477 2208; baseline -0.006 -5"><span class='ocrx_word' id='word_1_906' title='bbox 1411 2173 1559 2203; x_wconf 86' lang='lat' dir='ltr'><strong>cessario.</strong></span> <span class='ocrx_word' id='word_1_907' title='bbox 1583 2171 1647 2202; x_wconf 90' lang='lat' dir='ltr'><strong>Sed</strong></span> <span class='ocrx_word' id='word_1_908' title='bbox 1671 2170 1914 2202; x_wconf 88' lang='lat' dir='ltr'><strong>communicare</strong></span> <span class='ocrx_word' id='word_1_909' title='bbox 1936 2170 2062 2200; x_wconf 91' lang='lat' dir='ltr'><strong>bonum</strong></span> <span class='ocrx_word' id='word_1_910' title='bbox 2085 2167 2175 2208; x_wconf 92' lang='lat' dir='ltr'><strong>quod</strong></span> <span class='ocrx_word' id='word_1_911' title='bbox 2194 2169 2266 2208; x_wconf 91' lang='lat' dir='ltr'><strong>quis</strong></span> <span class='ocrx_word' id='word_1_912' title='bbox 2288 2168 2384 2198; x_wconf 82' lang='lat' dir='ltr'><strong>habet</strong></span> <span class='ocrx_word' id='word_1_913' title='bbox 2405 2175 2477 2207; x_wconf 89' lang='lat' dir='ltr'><strong>per—</strong></span> 
     </span>
     <span class='ocr_line' id='line_1_108' title="bbox 1410 2212 2477 2253; baseline -0.007 -5"><span class='ocrx_word' id='word_1_914' title='bbox 1410 2218 1492 2248; x_wconf 89' lang='lat' dir='ltr'><strong>tinet</strong></span> <span class='ocrx_word' id='word_1_915' title='bbox 1514 2216 1555 2247; x_wconf 93' lang='lat' dir='ltr'><strong>ad</strong></span> <span class='ocrx_word' id='word_1_916' title='bbox 1577 2217 1736 2246; x_wconf 87' lang='lat' dir='ltr'><strong>rationem</strong></span> <span class='ocrx_word' id='word_1_917' title='bbox 1759 2215 1943 2245; x_wconf 87' lang='lat' dir='ltr'><strong>voluntatis.</strong></span> <span class='ocrx_word' id='word_1_918' title='bbox 1968 2214 2054 2253; x_wconf 81' lang='lat' dir='ltr'><strong>Ergo</strong></span> <span class='ocrx_word' id='word_1_919' title='bbox 2077 2213 2226 2243; x_wconf 89' lang='lat' dir='ltr'><strong>voluntas</strong></span> <span class='ocrx_word' id='word_1_920' title='bbox 2245 2212 2352 2242; x_wconf 86' lang='lat' dir='ltr'><strong>divina</strong></span> <span class='ocrx_word' id='word_1_921' title='bbox 2366 2221 2477 2242; x_wconf 89' lang='lat' dir='ltr'><strong>neces-</strong></span> 
     </span>
     <span class='ocr_line' id='line_1_109' title="bbox 1411 2256 2433 2297; baseline -0.006 -5"><span class='ocrx_word' id='word_1_922' title='bbox 1411 2262 1495 2293; x_wconf 85' lang='lat' dir='ltr'><strong>sario</strong></span> <span class='ocrx_word' id='word_1_923' title='bbox 1518 2261 1740 2292; x_wconf 87' lang='lat' dir='ltr'><strong>communicat</strong></span> <span class='ocrx_word' id='word_1_924' title='bbox 1763 2261 1889 2290; x_wconf 91' lang='lat' dir='ltr'><strong>bonum</strong></span> <span class='ocrx_word' id='word_1_925' title='bbox 1912 2268 2018 2289; x_wconf 91' lang='lat' dir='ltr'><strong>suum.</strong></span> <span class='ocrx_word' id='word_1_926' title='bbox 2043 2258 2130 2297; x_wconf 83' lang='lat' dir='ltr'><strong>Ergo</strong></span> <span class='ocrx_word' id='word_1_927' title='bbox 2153 2257 2332 2287; x_wconf 85' lang='lat' dir='ltr'><strong>necessario</strong></span> <span class='ocrx_word' id='word_1_928' title='bbox 2355 2256 2433 2286; x_wconf 87' lang='lat' dir='ltr'><strong>vult.</strong></span> 
     </span>
    </p>

    <p class='ocr_par' dir='ltr' id='par_1_15' title="bbox 1412 2299 2481 2653">
     <span class='ocr_line' id='line_1_110' title="bbox 1466 2299 2478 2346; baseline -0.006 -10"><span class='ocrx_word' id='word_1_929' title='bbox 1466 2305 1670 2346; x_wconf 85' lang='lat' dir='ltr'><strong>Responderi</strong></span> <span class='ocrx_word' id='word_1_930' title='bbox 1692 2305 1797 2345; x_wconf 89' lang='lat' dir='ltr'><strong>primo</strong></span> <span class='ocrx_word' id='word_1_931' title='bbox 1820 2309 1928 2344; x_wconf 91' lang='lat' dir='ltr'><strong>potest</strong></span> <span class='ocrx_word' id='word_1_932' title='bbox 1951 2301 2042 2343; x_wconf 93' lang='lat' dir='ltr'><strong>quod</strong></span> <span class='ocrx_word' id='word_1_933' title='bbox 2063 2311 2132 2332; x_wconf 90' lang='lat' dir='ltr'><strong>non</strong></span> <span class='ocrx_word' id='word_1_934' title='bbox 2155 2301 2310 2341; x_wconf 88' lang='lat' dir='ltr'><strong>accipitur</strong></span> <span class='ocrx_word' id='word_1_935' title='bbox 2331 2300 2377 2331; x_wconf 92' lang='lat' dir='ltr'><strong>ibi</strong></span> <span class='ocrx_word' id='word_1_936' title='bbox 2393 2299 2478 2331; x_wconf 84' lang='lat' dir='ltr'><strong>ratio</strong></span> 
     </span>
     <span class='ocr_line' id='line_1_111' title="bbox 1412 2345 2479 2391; baseline -0.007 -10"><span class='ocrx_word' id='word_1_937' title='bbox 1412 2360 1472 2391; x_wconf 90' lang='lat' dir='ltr'><strong>pro</strong></span> <span class='ocrx_word' id='word_1_938' title='bbox 1489 2349 1688 2384; x_wconf 85' lang='lat' dir='ltr'><strong>definitione,</strong></span> <span class='ocrx_word' id='word_1_939' title='bbox 1701 2348 1757 2380; x_wconf 89' lang='lat' dir='ltr'><strong>sed</strong></span> <span class='ocrx_word' id='word_1_940' title='bbox 1771 2357 1832 2389; x_wconf 88' lang='lat' dir='ltr'><strong>pro</strong></span> <span class='ocrx_word' id='word_1_941' title='bbox 1849 2347 2036 2378; x_wconf 90' lang='lat' dir='ltr'><strong>conditione</strong></span> <span class='ocrx_word' id='word_1_942' title='bbox 2053 2345 2220 2376; x_wconf 90' lang='lat' dir='ltr'><strong>cuiusdam</strong></span> <span class='ocrx_word' id='word_1_943' title='bbox 2236 2345 2479 2376; x_wconf 91' lang='lat' dir='ltr'><strong>convenientiae</strong></span> 
     </span>
     <span class='ocr_line' id='line_1_112' title="bbox 1413 2388 2480 2432; baseline -0.007 -6"><span class='ocrx_word' id='word_1_944' title='bbox 1413 2401 1446 2426; x_wconf 90' lang='lat' dir='ltr'><strong>et</strong></span> <span class='ocrx_word' id='word_1_945' title='bbox 1468 2394 1644 2425; x_wconf 90' lang='lat' dir='ltr'><strong>decentiae.</strong></span> <span class='ocrx_word' id='word_1_946' title='bbox 1668 2393 1788 2424; x_wconf 88' lang='lat' dir='ltr'><strong>Sensus</strong></span> <span class='ocrx_word' id='word_1_947' title='bbox 1812 2398 1859 2423; x_wconf 91' lang='lat' dir='ltr'><strong>est</strong></span> <span class='ocrx_word' id='word_1_948' title='bbox 1882 2392 1969 2422; x_wconf 86' lang='lat' dir='ltr'><strong>enim</strong></span> <span class='ocrx_word' id='word_1_949' title='bbox 1993 2390 2083 2432; x_wconf 92' lang='lat' dir='ltr'><strong>quod</strong></span> <span class='ocrx_word' id='word_1_950' title='bbox 2106 2390 2244 2430; x_wconf 90' lang='lat' dir='ltr'><strong>pertinet</strong></span> <span class='ocrx_word' id='word_1_951' title='bbox 2263 2389 2303 2419; x_wconf 91' lang='lat' dir='ltr'><strong>ad</strong></span> <span class='ocrx_word' id='word_1_952' title='bbox 2318 2388 2480 2428; x_wconf 88' lang='lat' dir='ltr'><strong>quandam</strong></span> 
     </span>
     <span class='ocr_line' id='line_1_113' title="bbox 1413 2433 2480 2470; baseline -0.007 0"><span class='ocrx_word' id='word_1_953' title='bbox 1413 2439 1594 2470; x_wconf 89' lang='lat' dir='ltr'><strong>decentiam</strong></span> <span class='ocrx_word' id='word_1_954' title='bbox 1618 2444 1649 2469; x_wconf 92' lang='lat' dir='ltr'><strong>et</strong></span> <span class='ocrx_word' id='word_1_955' title='bbox 1672 2437 1932 2468; x_wconf 89' lang='lat' dir='ltr'><strong>convenientiam</strong></span> <span class='ocrx_word' id='word_1_956' title='bbox 1954 2435 2128 2466; x_wconf 88' lang='lat' dir='ltr'><strong>voluntatis</strong></span> <span class='ocrx_word' id='word_1_957' title='bbox 2150 2440 2186 2465; x_wconf 94' lang='lat' dir='ltr'><strong>ut</strong></span> <span class='ocrx_word' id='word_1_958' title='bbox 2208 2434 2285 2464; x_wconf 88' lang='lat' dir='ltr'><strong>velit</strong></span> <span class='ocrx_word' id='word_1_959' title='bbox 2307 2433 2375 2464; x_wconf 90' lang='lat' dir='ltr'><strong>aliis</strong></span> <span class='ocrx_word' id='word_1_960' title='bbox 2390 2442 2480 2463; x_wconf 91' lang='lat' dir='ltr'><strong>com-</strong></span> 
     </span>
     <span class='ocr_line' id='line_1_114' title="bbox 1413 2477 2480 2518; baseline -0.008 -3"><span class='ocrx_word' id='word_1_961' title='bbox 1413 2484 1579 2515; x_wconf 87' lang='lat' dir='ltr'><strong>municare</strong></span> <span class='ocrx_word' id='word_1_962' title='bbox 1594 2484 1719 2514; x_wconf 89' lang='lat' dir='ltr'><strong>bonum</strong></span> <span class='ocrx_word' id='word_1_963' title='bbox 1738 2482 1886 2512; x_wconf 90' lang='lat' dir='ltr'><strong>volentis.</strong></span> <span class='ocrx_word' id='word_1_964' title='bbox 1906 2480 2006 2518; x_wconf 88' lang='lat' dir='ltr'><strong>Quod</strong></span> <span class='ocrx_word' id='word_1_965' title='bbox 2029 2485 2138 2510; x_wconf 89' lang='lat' dir='ltr'><strong>autem</strong></span> <span class='ocrx_word' id='word_1_966' title='bbox 2161 2479 2213 2509; x_wconf 91' lang='lat' dir='ltr'><strong>hic</strong></span> <span class='ocrx_word' id='word_1_967' title='bbox 2235 2487 2348 2508; x_wconf 88' lang='lat' dir='ltr'><strong>sensus</strong></span> <span class='ocrx_word' id='word_1_968' title='bbox 2370 2478 2411 2507; x_wconf 91' lang='lat' dir='ltr'><strong>sit</strong></span> <span class='ocrx_word' id='word_1_969' title='bbox 2432 2477 2480 2506; x_wconf 90' lang='lat' dir='ltr'><strong>in·</strong></span> 
     </span>
     <span class='ocr_line' id='line_1_115' title="bbox 1413 2521 2480 2565; baseline -0.008 -5"><span class='ocrx_word' id='word_1_970' title='bbox 1413 2534 1521 2560; x_wconf 89' lang='lat' dir='ltr'><strong>tentus</strong></span> <span class='ocrx_word' id='word_1_971' title='bbox 1537 2538 1556 2558; x_wconf 86' lang='lat' dir='ltr'><strong>a</strong></span> <span class='ocrx_word' id='word_1_972' title='bbox 1570 2527 1690 2559; x_wconf 84' lang='lat' dir='ltr'><strong>Sancto</strong></span> <span class='ocrx_word' id='word_1_973' title='bbox 1706 2526 1836 2557; x_wconf 87' lang='lat' dir='ltr'><strong>Thoma</strong></span> <span class='ocrx_word' id='word_1_974' title='bbox 1858 2531 1956 2565; x_wconf 87' lang='lat' dir='ltr'><strong>patet,</strong></span> <span class='ocrx_word' id='word_1_975' title='bbox 1981 2525 2057 2564; x_wconf 87' lang='lat' dir='ltr'><strong>quia</strong></span> <span class='ocrx_word' id='word_1_976' title='bbox 2079 2524 2113 2554; x_wconf 89' lang='lat' dir='ltr'><strong>in</strong></span> <span class='ocrx_word' id='word_1_977' title='bbox 2137 2522 2202 2553; x_wconf 90' lang='lat' dir='ltr'><strong>fine</strong></span> <span class='ocrx_word' id='word_1_978' title='bbox 2224 2522 2310 2552; x_wconf 92' lang='lat' dir='ltr'><strong>illius</strong></span> <span class='ocrx_word' id='word_1_979' title='bbox 2332 2521 2480 2552; x_wconf 85' lang='lat' dir='ltr'><strong>determi-</strong></span> 
     </span>
     <span class='ocr_line' id='line_1_116' title="bbox 1413 2565 2481 2608; baseline -0.007 -5"><span class='ocrx_word' id='word_1_980' title='bbox 1413 2573 1554 2604; x_wconf 87' lang='lat' dir='ltr'><strong>nationis</strong></span> <span class='ocrx_word' id='word_1_981' title='bbox 1570 2571 1736 2602; x_wconf 91' lang='lat' dir='ltr'><strong>concludit</strong></span> <span class='ocrx_word' id='word_1_982' title='bbox 1747 2571 1854 2601; x_wconf 91' lang='lat' dir='ltr'><strong>Deum</strong></span> <span class='ocrx_word' id='word_1_983' title='bbox 1866 2569 1948 2600; x_wconf 91' lang='lat' dir='ltr'><strong>velle</strong></span> <span class='ocrx_word' id='word_1_984' title='bbox 1963 2569 2024 2600; x_wconf 89' lang='lat' dir='ltr'><strong>alia</strong></span> <span class='ocrx_word' id='word_1_985' title='bbox 2040 2578 2057 2598; x_wconf 92' lang='lat' dir='ltr'><strong>a</strong></span> <span class='ocrx_word' id='word_1_986' title='bbox 2072 2578 2106 2598; x_wconf 88' lang='lat' dir='ltr'><strong>se</strong></span> <span class='ocrx_word' id='word_1_987' title='bbox 2123 2568 2315 2608; x_wconf 83' lang='lat' dir='ltr'><strong>inquantum</strong></span> <span class='ocrx_word' id='word_1_988' title='bbox 2329 2565 2481 2596; x_wconf 79' lang='lat' dir='ltr'><strong>condecet</strong></span> 
     </span>
     <span class='ocr_line' id='line_1_117' title="bbox 1415 2611 2321 2653; baseline -0.009 -6"><span class='ocrx_word' id='word_1_989' title='bbox 1415 2617 1558 2648; x_wconf 76' lang='lat' dir='ltr'><strong>divinam</strong></span> <span class='ocrx_word' id='word_1_990' title='bbox 1581 2616 1755 2646; x_wconf 85' lang='lat' dir='ltr'><strong>bonitatem</strong></span> <span class='ocrx_word' id='word_1_991' title='bbox 1779 2615 1846 2645; x_wconf 86' lang='lat' dir='ltr'><strong>alia</strong></span> <span class='ocrx_word' id='word_1_992' title='bbox 1870 2614 1967 2644; x_wconf 85' lang='lat' dir='ltr'><strong>etiam</strong></span> <span class='ocrx_word' id='word_1_993' title='bbox 1991 2613 2092 2653; x_wconf 84' lang='lat' dir='ltr'><strong>ipsam</strong></span> <span class='ocrx_word' id='word_1_994' title='bbox 2110 2611 2321 2651; x_wconf 81' lang='lat' dir='ltr'><strong>participare.</strong></span> 
     </span>
    </p>

    <p class='ocr_par' dir='ltr' id='par_1_16' title="bbox 1414 2653 2481 3002">
     <span class='ocr_line' id='line_1_118' title="bbox 1470 2653 2479 2700; baseline -0.01 -8"><span class='ocrx_word' id='word_1_995' title='bbox 1470 2660 1622 2691; x_wconf 90' lang='lat' dir='ltr'><strong>Secundo</strong></span> <span class='ocrx_word' id='word_1_996' title='bbox 1652 2658 1839 2700; x_wconf 90' lang='lat' dir='ltr'><strong>responderi</strong></span> <span class='ocrx_word' id='word_1_997' title='bbox 1869 2662 1977 2698; x_wconf 90' lang='lat' dir='ltr'><strong>potest</strong></span> <span class='ocrx_word' id='word_1_998' title='bbox 2001 2656 2090 2697; x_wconf 91' lang='lat' dir='ltr'><strong>quod</strong></span> <span class='ocrx_word' id='word_1_999' title='bbox 2119 2655 2233 2694; x_wconf 87' lang='lat' dir='ltr'><strong>utique</strong></span> <span class='ocrx_word' id='word_1_1000' title='bbox 2259 2653 2414 2693; x_wconf 90' lang='lat' dir='ltr'><strong>accipitur</strong></span> <span class='ocrx_word' id='word_1_1001' title='bbox 2436 2653 2479 2682; x_wconf 92' lang='lat' dir='ltr'><strong>ibi</strong></span> 
     </span>
     <span class='ocr_line' id='line_1_119' title="bbox 1415 2695 2480 2745; baseline -0.009 -9"><span class='ocrx_word' id='word_1_1002' title='bbox 1415 2706 1501 2735; x_wconf 84' lang='lat' dir='ltr'><strong>ratio</strong></span> <span class='ocrx_word' id='word_1_1003' title='bbox 1525 2714 1585 2745; x_wconf 86' lang='lat' dir='ltr'><strong>pro</strong></span> <span class='ocrx_word' id='word_1_1004' title='bbox 1609 2703 1813 2734; x_wconf 86' lang='lat' dir='ltr'><strong>definitione:</strong></span> <span class='ocrx_word' id='word_1_1005' title='bbox 1837 2701 1894 2732; x_wconf 89' lang='lat' dir='ltr'><strong>sed</strong></span> <span class='ocrx_word' id='word_1_1006' title='bbox 1915 2710 1984 2732; x_wconf 92' lang='lat' dir='ltr'><strong>non</strong></span> <span class='ocrx_word' id='word_1_1007' title='bbox 2009 2705 2056 2731; x_wconf 90' lang='lat' dir='ltr'><strong>est</strong></span> <span class='ocrx_word' id='word_1_1008' title='bbox 2083 2708 2194 2730; x_wconf 89' lang='lat' dir='ltr'><strong>sensus</strong></span> <span class='ocrx_word' id='word_1_1009' title='bbox 2218 2697 2308 2738; x_wconf 91' lang='lat' dir='ltr'><strong>quod</strong></span> <span class='ocrx_word' id='word_1_1010' title='bbox 2335 2697 2375 2727; x_wconf 92' lang='lat' dir='ltr'><strong>de</strong></span> <span class='ocrx_word' id='word_1_1011' title='bbox 2401 2695 2480 2726; x_wconf 91' lang='lat' dir='ltr'><strong>defi-</strong></span> 
     </span>
     <span class='ocr_line' id='line_1_120' title="bbox 1414 2741 2480 2785; baseline -0.01 -5"><span class='ocrx_word' id='word_1_1012' title='bbox 1414 2750 1539 2780; x_wconf 87' lang='lat' dir='ltr'><strong>nitione</strong></span> <span class='ocrx_word' id='word_1_1013' title='bbox 1561 2748 1735 2779; x_wconf 88' lang='lat' dir='ltr'><strong>voluntatis</strong></span> <span class='ocrx_word' id='word_1_1014' title='bbox 1751 2747 1791 2777; x_wconf 90' lang='lat' dir='ltr'><strong>sit</strong></span> <span class='ocrx_word' id='word_1_1015' title='bbox 1805 2751 1842 2777; x_wconf 93' lang='lat' dir='ltr'><strong>ut</strong></span> <span class='ocrx_word' id='word_1_1016' title='bbox 1859 2747 1985 2776; x_wconf 89' lang='lat' dir='ltr'><strong>bonum</strong></span> <span class='ocrx_word' id='word_1_1017' title='bbox 2001 2743 2092 2785; x_wconf 91' lang='lat' dir='ltr'><strong>quod</strong></span> <span class='ocrx_word' id='word_1_1018' title='bbox 2107 2744 2180 2783; x_wconf 88' lang='lat' dir='ltr'><strong>quis</strong></span> <span class='ocrx_word' id='word_1_1019' title='bbox 2194 2743 2290 2773; x_wconf 89' lang='lat' dir='ltr'><strong>habet</strong></span> <span class='ocrx_word' id='word_1_1020' title='bbox 2305 2741 2373 2771; x_wconf 91' lang='lat' dir='ltr'><strong>aliis</strong></span> <span class='ocrx_word' id='word_1_1021' title='bbox 2390 2749 2480 2771; x_wconf 90' lang='lat' dir='ltr'><strong>com-</strong></span> 
     </span>
     <span class='ocr_line' id='line_1_121' title="bbox 1415 2785 2480 2832; baseline -0.01 -7"><span class='ocrx_word' id='word_1_1022' title='bbox 1415 2794 1574 2830; x_wconf 62' lang='lat' dir='ltr'><strong>municen</strong></span> <span class='ocrx_word' id='word_1_1023' title='bbox 1603 2792 1662 2823; x_wconf 85' lang='lat' dir='ltr'><strong>sed</strong></span> <span class='ocrx_word' id='word_1_1024' title='bbox 1690 2791 1781 2832; x_wconf 91' lang='lat' dir='ltr'><strong>quod</strong></span> <span class='ocrx_word' id='word_1_1025' title='bbox 1809 2791 1939 2821; x_wconf 88' lang='lat' dir='ltr'><strong>habenti</strong></span> <span class='ocrx_word' id='word_1_1026' title='bbox 1968 2790 2126 2820; x_wconf 88' lang='lat' dir='ltr'><strong>rationem</strong></span> <span class='ocrx_word' id='word_1_1027' title='bbox 2156 2786 2337 2821; x_wconf 87' lang='lat' dir='ltr'><strong>voluntatis,</strong></span> <span class='ocrx_word' id='word_1_1028' title='bbox 2362 2785 2427 2815; x_wconf 88' lang='lat' dir='ltr'><strong>sive</strong></span> <span class='ocrx_word' id='word_1_1029' title='bbox 2451 2785 2480 2814; x_wconf 93' lang='lat' dir='ltr'><strong>ei</strong></span> 
     </span>
     <span class='ocr_line' id='line_1_122' title="bbox 1416 2830 2479 2878; baseline -0.01 -9"><span class='ocrx_word' id='word_1_1030' title='bbox 1416 2837 1507 2878; x_wconf 90' lang='lat' dir='ltr'><strong>quod</strong></span> <span class='ocrx_word' id='word_1_1031' title='bbox 1529 2837 1709 2868; x_wconf 90' lang='lat' dir='ltr'><strong>secundum</strong></span> <span class='ocrx_word' id='word_1_1032' title='bbox 1738 2841 1887 2866; x_wconf 91' lang='lat' dir='ltr'><strong>naturam</strong></span> <span class='ocrx_word' id='word_1_1033' title='bbox 1916 2843 2007 2865; x_wconf 91' lang='lat' dir='ltr'><strong>suam</strong></span> <span class='ocrx_word' id='word_1_1034' title='bbox 2031 2839 2078 2864; x_wconf 88' lang='lat' dir='ltr'><strong>est</strong></span> <span class='ocrx_word' id='word_1_1035' title='bbox 2100 2832 2222 2867; x_wconf 91' lang='lat' dir='ltr'><strong>volens,</strong></span> <span class='ocrx_word' id='word_1_1036' title='bbox 2246 2830 2397 2861; x_wconf 90' lang='lat' dir='ltr'><strong>convenit</strong></span> <span class='ocrx_word' id='word_1_1037' title='bbox 2419 2837 2479 2859; x_wconf 91' lang='lat' dir='ltr'><strong>suo</strong></span> 
     </span>
     <span class='ocr_line' id='line_1_123' title="bbox 1415 2873 2480 2915; baseline -0.011 -2"><span class='ocrx_word' id='word_1_1038' title='bbox 1415 2881 1516 2913; x_wconf 90' lang='lat' dir='ltr'><strong>modo</strong></span> <span class='ocrx_word' id='word_1_1039' title='bbox 1539 2887 1577 2912; x_wconf 93' lang='lat' dir='ltr'><strong>ut</strong></span> <span class='ocrx_word' id='word_1_1040' title='bbox 1599 2880 1821 2912; x_wconf 89' lang='lat' dir='ltr'><strong>communicet</strong></span> <span class='ocrx_word' id='word_1_1041' title='bbox 1844 2888 1940 2910; x_wconf 91' lang='lat' dir='ltr'><strong>suum</strong></span> <span class='ocrx_word' id='word_1_1042' title='bbox 1964 2879 2099 2915; x_wconf 87' lang='lat' dir='ltr'><strong>bonum,</strong></span> <span class='ocrx_word' id='word_1_1043' title='bbox 2116 2876 2236 2907; x_wconf 89' lang='lat' dir='ltr'><strong>scilicet</strong></span> <span class='ocrx_word' id='word_1_1044' title='bbox 2254 2873 2433 2904; x_wconf 89' lang='lat' dir='ltr'><strong>voluntarie</strong></span> <span class='ocrx_word' id='word_1_1045' title='bbox 2449 2877 2480 2902; x_wconf 89' lang='lat' dir='ltr'><strong>et</strong></span> 
     </span>
     <span class='ocr_line' id='line_1_124' title="bbox 1416 2916 2481 2962; baseline -0.01 -5"><span class='ocrx_word' id='word_1_1046' title='bbox 1416 2927 1529 2962; x_wconf 87' lang='lat' dir='ltr'><strong>libere;</strong></span> <span class='ocrx_word' id='word_1_1047' title='bbox 1554 2927 1637 2956; x_wconf 90' lang='lat' dir='ltr'><strong>sicut</strong></span> <span class='ocrx_word' id='word_1_1048' title='bbox 1655 2935 1706 2956; x_wconf 92' lang='lat' dir='ltr'><strong>res</strong></span> <span class='ocrx_word' id='word_1_1049' title='bbox 1725 2924 1885 2955; x_wconf 89' lang='lat' dir='ltr'><strong>naturales</strong></span> <span class='ocrx_word' id='word_1_1050' title='bbox 1901 2932 1961 2954; x_wconf 92' lang='lat' dir='ltr'><strong>suo</strong></span> <span class='ocrx_word' id='word_1_1051' title='bbox 1977 2922 2078 2953; x_wconf 92' lang='lat' dir='ltr'><strong>modo</strong></span> <span class='ocrx_word' id='word_1_1052' title='bbox 2095 2920 2345 2954; x_wconf 90' lang='lat' dir='ltr'><strong>communicant,</strong></span> <span class='ocrx_word' id='word_1_1053' title='bbox 2362 2916 2481 2947; x_wconf 90' lang='lat' dir='ltr'><strong>scilicet</strong></span> 
     </span>
     <span class='ocr_line' id='line_1_125' title="bbox 1417 2971 1611 3002; baseline -0.01 0"><span class='ocrx_word' id='word_1_1054' title='bbox 1417 2971 1611 3002; x_wconf 85' lang='lat' dir='ltr'><strong>naturaliter.</strong></span> 
     </span>
    </p>
   </div>
   <div class='ocr_carea' id='block_1_10' title="bbox 1365 3052 1418 3092">
    <p class='ocr_par' dir='ltr' id='par_1_17' title="bbox 1365 3052 1418 3092">
     <span class='ocr_line' id='line_1_126' title="bbox 1365 3052 1418 3092; baseline -0.019 -28"><span class='ocrx_word' id='word_1_1055' title='bbox 1365 3052 1418 3092; x_wconf 49' lang='grc' dir='ltr'><strong>ψ.</strong></span> 
     </span>
    </p>
   </div>
   <div class='ocr_carea' id='block_1_11' title="bbox 588 3108 2181 3218">
    <p class='ocr_par' dir='ltr' id='par_1_18' title="bbox 588 3108 2181 3218">
     <span class='ocr_line' id='line_1_127' title="bbox 588 3108 2181 3218; baseline -0.012 1"><span class='ocrx_word' id='word_1_1056' title='bbox 588 3108 1075 3218; x_wconf 65' lang='lat' dir='ltr'><strong>CAPITULUM</strong></span> <span class='ocrx_word' id='word_1_1057' title='bbox 1110 3152 1701 3212; x_wconf 81' lang='lat' dir='ltr'><strong>OCTOGESIMUM</strong></span> <span class='ocrx_word' id='word_1_1058' title='bbox 1738 3146 2181 3206; x_wconf 81' lang='lat' dir='ltr'><strong>SECUNDUM</strong></span> 
     </span>
    </p>
   </div>
   <div class='ocr_carea' id='block_1_12' title="bbox 1119 3245 1654 3288">
    <p class='ocr_par' dir='ltr' id='par_1_19' title="bbox 1119 3245 1654 3288">
     <span class='ocr_line' id='line_1_128' title="bbox 1119 3245 1654 3288; baseline -0.009 -10"><span class='ocrx_word' id='word_1_1059' title='bbox 1119 3248 1350 3288; x_wconf 90' lang='lat' dir='ltr'><strong>Fragmentum</strong></span> <span class='ocrx_word' id='word_1_1060' title='bbox 1374 3256 1412 3276; x_wconf 90' lang='lat' dir='ltr'><strong>ex</strong></span> <span class='ocrx_word' id='word_1_1061' title='bbox 1435 3245 1465 3276; x_wconf 86' lang='lat' dir='ltr'><strong>A</strong></span> <span class='ocrx_word' id='word_1_1062' title='bbox 1490 3254 1559 3283; x_wconf 86' lang='lat' dir='ltr'><strong>24r</strong></span> <span class='ocrx_word' id='word_1_1063' title='bbox 1597 3251 1654 3274; x_wconf 79' lang='lat' dir='ltr'><strong>ai.</strong></span> 
     </span>
    </p>
   </div>
   <div class='ocr_carea' id='block_1_13' title="bbox 424 3304 2354 3424">
    <p class='ocr_par' dir='ltr' id='par_1_20' title="bbox 424 3304 2354 3424">
     <span class='ocr_line' id='line_1_129' title="bbox 424 3304 2354 3371; baseline -0.012 0"><span class='ocrx_word' id='word_1_1064' title='bbox 424 3325 736 3371; x_wconf 87' lang='lat' dir='ltr'><strong>RATIONES</strong></span> <span class='ocrx_word' id='word_1_1065' title='bbox 769 3321 1098 3366; x_wconf 86' lang='lat' dir='ltr'><strong>DUCENTES</strong></span> <span class='ocrx_word' id='word_1_1066' title='bbox 1132 3320 1219 3360; x_wconf 90' lang='lat' dir='ltr'><strong>AD</strong></span> <span class='ocrx_word' id='word_1_1067' title='bbox 1253 3315 1710 3360; x_wconf 87' lang='lat' dir='ltr'><strong>INCONVENIENS</strong></span> <span class='ocrx_word' id='word_1_1068' title='bbox 1744 3314 1795 3355; x_wconf 86' lang='lat' dir='ltr'><strong>SI</strong></span> <span class='ocrx_word' id='word_1_1069' title='bbox 1829 3311 1992 3354; x_wconf 86' lang='lat' dir='ltr'><strong>DEUS</strong></span> <span class='ocrx_word' id='word_1_1070' title='bbox 2025 3310 2170 3351; x_wconf 91' lang='lat' dir='ltr'><strong>ALIA</strong></span> <span class='ocrx_word' id='word_1_1071' title='bbox 2204 3309 2245 3349; x_wconf 92' lang='lat' dir='ltr'><strong>A</strong></span> <span class='ocrx_word' id='word_1_1072' title='bbox 2279 3304 2354 3349; x_wconf 83' lang='lat' dir='ltr'><strong>SE</strong></span> 
     </span>
     <span class='ocr_line' id='line_1_130' title="bbox 1009 3377 1773 3424; baseline -0.01 0"><span class='ocrx_word' id='word_1_1073' title='bbox 1009 3382 1138 3424; x_wconf 92' lang='lat' dir='ltr'><strong>NON</strong></span> <span class='ocrx_word' id='word_1_1074' title='bbox 1171 3379 1556 3422; x_wconf 83' lang='lat' dir='ltr'><strong>NECESSARIO</strong></span> <span class='ocrx_word' id='word_1_1075' title='bbox 1591 3377 1773 3418; x_wconf 88' lang='lat' dir='ltr'>VELIT</span> 
     </span>
    </p>
   </div>
   <div class='ocr_carea' id='block_1_14' title="bbox 294 3482 496 3683">
    <p class='ocr_par' dir='ltr' id='par_1_21' title="bbox 294 3482 496 3683">
     <span class='ocr_line' id='line_1_131' title="bbox 294 3482 456 3624; baseline 0 -70"><span class='ocrx_word' id='word_1_1076' title='bbox 294 3482 341 3554; x_wconf 95' lang='lat' dir='ltr'><strong> </strong></span> <span class='ocrx_word' id='word_1_1077' title='bbox 442 3483 456 3624; x_wconf 95' lang='lat' dir='ltr'><strong>  </strong></span> 
     </span>
     <span class='ocr_line' id='line_1_132' title="bbox 294 3624 496 3683; baseline 0 -55"><span class='ocrx_word' id='word_1_1078' title='bbox 294 3624 496 3683; x_wconf 95' lang='lat' dir='ltr'><strong>  </strong></span> 
     </span>
    </p>
   </div>
   <div class='ocr_carea' id='block_1_15' title="bbox 294 3554 341 3628">
    <p class='ocr_par' dir='ltr' id='par_1_22' title="bbox 294 3554 341 3628">
     <span class='ocr_line' id='line_1_133' title="bbox 294 3554 341 3628; baseline 0 -34"><span class='ocrx_word' id='word_1_1079' title='bbox 294 3554 341 3628; x_wconf 95' lang='lat' dir='ltr'><strong>   </strong></span> 
     </span>
    </p>
   </div>
   <div class='ocr_carea' id='block_1_16' title="bbox 292 3466 1366 3587">
    <p class='ocr_par' dir='ltr' id='par_1_23' title="bbox 292 3466 1366 3587">
     <span class='ocr_line' id='line_1_134' title="bbox 292 3466 1366 3525; baseline -0.016 -6"><span class='ocrx_word' id='word_1_1080' title='bbox 292 3495 294 3497; x_wconf 63' lang='grc'><strong><em>’</em></strong></span> <span class='ocrx_word' id='word_1_1081' title='bbox 341 3486 437 3524; x_wconf 43' lang='grc' dir='ltr'><strong>(τῇ</strong></span> <span class='ocrx_word' id='word_1_1082' title='bbox 460 3495 482 3525; x_wconf 71' lang='grc' dir='ltr'><em>Ι</em></span> <span class='ocrx_word' id='word_1_1083' title='bbox 499 3488 656 3515; x_wconf 77' lang='lat' dir='ltr'><strong>mEN&#39;rUR</strong></span> <span class='ocrx_word' id='word_1_1084' title='bbox 689 3482 820 3512; x_wconf 88' lang='lat' dir='ltr'><strong>tamen</strong></span> <span class='ocrx_word' id='word_1_1085' title='bbox 853 3470 962 3520; x_wconf 92' lang='lat' dir='ltr'><strong>sequi</strong></span> <span class='ocrx_word' id='word_1_1086' title='bbox 997 3466 1307 3506; x_wconf 88' lang='lat' dir='ltr'><strong>inconvenientia</strong></span> <span class='ocrx_word' id='word_1_1087' title='bbox 1334 3466 1366 3503; x_wconf 92' lang='lat' dir='ltr'><strong>si</strong></span> 
     </span>
     <span class='ocr_line' id='line_1_135' title="bbox 310 3505 1365 3587; baseline -0.014 -17"><span class='ocrx_word' id='word_1_1088' title='bbox 310 3505 480 3587; x_wconf 32' lang='grc' dir='ltr'><strong>λαβῇ*</strong></span> <span class='ocrx_word' id='word_1_1089' title='bbox 513 3531 621 3568; x_wconf 89' lang='lat' dir='ltr'><strong>Deus</strong></span> <span class='ocrx_word' id='word_1_1090' title='bbox 649 3541 696 3566; x_wconf 90' lang='lat' dir='ltr'><strong>ea</strong></span> <span class='ocrx_word' id='word_1_1091' title='bbox 722 3538 824 3577; x_wconf 89' lang='lat' dir='ltr'><strong>quae</strong></span> <span class='ocrx_word' id='word_1_1092' title='bbox 851 3525 934 3562; x_wconf 89' lang='lat' dir='ltr'><strong>vult</strong></span> <span class='ocrx_word' id='word_1_1093' title='bbox 961 3534 1041 3560; x_wconf 92' lang='lat' dir='ltr'><strong>non</strong></span> <span class='ocrx_word' id='word_1_1094' title='bbox 1069 3534 1115 3558; x_wconf 89' lang='lat' dir='ltr'><strong>ex</strong></span> <span class='ocrx_word' id='word_1_1095' title='bbox 1143 3518 1365 3557; x_wconf 87' lang='lat' dir='ltr'><strong>necessitate</strong></span> 
     </span>
    </p>
   </div>
   <div class='ocr_carea' id='block_1_17' title="bbox 434 3635 480 3649">
    <p class='ocr_par' dir='ltr' id='par_1_24' title="bbox 434 3635 480 3649">
     <span class='ocr_line' id='line_1_136' title="bbox 434 3635 480 3649; baseline 0 -4"><span class='ocrx_word' id='word_1_1096' title='bbox 434 3635 465 3647; x_wconf 56' lang='lat' dir='ltr'><strong>*A</strong></span> <span class='ocrx_word' id='word_1_1097' title='bbox 475 3642 480 3649; x_wconf 63' lang='lat'><strong>,</strong></span> 
     </span>
    </p>
   </div>
   <div class='ocr_carea' id='block_1_18' title="bbox 1419 3455 2485 3671">
    <p class='ocr_par' dir='ltr' id='par_1_25' title="bbox 1419 3455 2485 3671">
     <span class='ocr_line' id='line_1_137' title="bbox 1419 3455 2483 3515; baseline -0.013 -12"><span class='ocrx_word' id='word_1_1098' title='bbox 1419 3476 1592 3515; x_wconf 88' lang='lat' dir='ltr'><strong>quorum</strong></span> <span class='ocrx_word' id='word_1_1099' title='bbox 1626 3462 1835 3499; x_wconf 87' lang='lat' dir='ltr'><strong>volitorum</strong></span> <span class='ocrx_word' id='word_1_1100' title='bbox 1871 3471 1951 3496; x_wconf 92' lang='lat' dir='ltr'><strong>non</strong></span> <span class='ocrx_word' id='word_1_1101' title='bbox 1985 3455 2258 3494; x_wconf 85' lang='lat' dir='ltr'><strong>determinetur</strong></span> <span class='ocrx_word' id='word_1_1102' title='bbox 2292 3461 2483 3503; x_wconf 90' lang='lat' dir='ltr'><strong>quantum</strong></span> 
     </span>
     <span class='ocr_line' id='line_1_138' title="bbox 1420 3506 2484 3563; baseline -0.012 -8"><span class='ocrx_word' id='word_1_1103' title='bbox 1420 3518 1470 3555; x_wconf 86' lang='lat' dir='ltr'><strong>ad</strong></span> <span class='ocrx_word' id='word_1_1104' title='bbox 1493 3517 1567 3563; x_wconf 84' lang='lat' dir='ltr'><strong>illa,</strong></span> <span class='ocrx_word' id='word_1_1105' title='bbox 1586 3515 1740 3553; x_wconf 90' lang='lat' dir='ltr'><strong>videtur</strong></span> <span class='ocrx_word' id='word_1_1106' title='bbox 1767 3526 1806 3550; x_wconf 92' lang='lat' dir='ltr'><strong>se</strong></span> <span class='ocrx_word' id='word_1_1107' title='bbox 1834 3513 1883 3549; x_wconf 92' lang='lat' dir='ltr'><strong>ad</strong></span> <span class='ocrx_word' id='word_1_1108' title='bbox 1911 3509 2133 3548; x_wconf 87' lang='lat' dir='ltr'><strong>utrumlibet</strong></span> <span class='ocrx_word' id='word_1_1109' title='bbox 2160 3508 2314 3544; x_wconf 87' lang='lat' dir='ltr'><strong>habere.</strong></span> <span class='ocrx_word' id='word_1_1110' title='bbox 2345 3506 2484 3544; x_wconf 90' lang='lat' dir='ltr'><strong>Omnis</strong></span> 
     </span>
     <span class='ocr_line' id='line_1_139' title="bbox 1421 3559 2483 3616; baseline -0.012 -8"><span class='ocrx_word' id='word_1_1111' title='bbox 1421 3578 1553 3608; x_wconf 88' lang='lat' dir='ltr'><strong>autem</strong></span> <span class='ocrx_word' id='word_1_1112' title='bbox 1571 3569 1692 3606; x_wconf 88' lang='lat' dir='ltr'><strong>virtus</strong></span> <span class='ocrx_word' id='word_1_1113' title='bbox 1711 3578 1811 3616; x_wconf 90' lang='lat' dir='ltr'><strong>quae</strong></span> <span class='ocrx_word' id='word_1_1114' title='bbox 1831 3573 1886 3602; x_wconf 89' lang='lat' dir='ltr'><strong>est</strong></span> <span class='ocrx_word' id='word_1_1115' title='bbox 1908 3564 1958 3601; x_wconf 89' lang='lat' dir='ltr'><strong>ad</strong></span> <span class='ocrx_word' id='word_1_1116' title='bbox 1979 3561 2202 3600; x_wconf 87' lang='lat' dir='ltr'><strong>utrumlibet</strong></span> <span class='ocrx_word' id='word_1_1117' title='bbox 2221 3568 2276 3597; x_wconf 87' lang='lat' dir='ltr'><strong>est</strong></span> <span class='ocrx_word' id='word_1_1118' title='bbox 2295 3559 2483 3609; x_wconf 81' lang='lat' dir='ltr'><strong>quodam-</strong></span> 
     </span>
     <span class='ocr_line' id='line_1_140' title="bbox 1422 3612 2485 3671; baseline -0.011 -11"><span class='ocrx_word' id='word_1_1119' title='bbox 1422 3623 1542 3660; x_wconf 91' lang='lat' dir='ltr'><strong>modo</strong></span> <span class='ocrx_word' id='word_1_1120' title='bbox 1562 3621 1602 3658; x_wconf 88' lang='lat' dir='ltr'><strong>in</strong></span> <span class='ocrx_word' id='word_1_1121' title='bbox 1620 3619 1804 3671; x_wconf 84' lang='lat' dir='ltr'><strong>potentia:</strong></span> <span class='ocrx_word' id='word_1_1122' title='bbox 1834 3629 1926 3654; x_wconf 87' lang='lat' dir='ltr'><strong>nam</strong></span> <span class='ocrx_word' id='word_1_1123' title='bbox 1953 3616 2005 3653; x_wconf 82' lang='lat' dir='ltr'><strong>ad</strong></span> <span class='ocrx_word' id='word_1_1124' title='bbox 2030 3614 2239 3652; x_wconf 81' lang='lat' dir='ltr'><strong>utrumlibet</strong></span> <span class='ocrx_word' id='word_1_1125' title='bbox 2265 3612 2411 3662; x_wconf 90' lang='lat' dir='ltr'><strong>species</strong></span> <span class='ocrx_word' id='word_1_1126' title='bbox 2429 3620 2485 3649; x_wconf 87' lang='lat' dir='ltr'><strong>est</strong></span> 
     </span>
    </p>
   </div>
  </div>
 </body>
</html>
