2664 4120
207 264 313 290 xxxvi

204 329 618 373 consequentiam.l³artern
632 326 799 365 quiescere
812 322 1015 363 impossibile
1029 327 1086 357 est,
1100 321 1157 351 sed
1173 325 1279 351 totum
1305 322 1308 356 j
1336 319 1453 350 ctionis
1477 318 1626 361 sequitur
1649 327 1718 348 non
1742 316 1988 359 perpenderunt
2010 319 2194 360 potentiam
2215 319 2422 361 hypothesis,

206 381 391 422 quieturum
416 382 485 405 esse
508 380 621 402 verum
651 376 698 400 est
722 370 781 399 sub
807 366 997 398 conditione
1029 366 1147 406 quietis
1171 365 1280 406 partis.
1306 371 1308 394 !
1337 365 1480 395 aureius
1496 362 1769 404 consequentiam
1792 362 1974 394 decurtant.

205 427 331 456 Partem
355 429 411 460 per
435 416 583 448 accidens
608 415 775 455 quiescere
802 418 833 443 et
861 412 986 442 moveri
1014 420 1129 442 verum
1154 416 1202 441 est
1226 410 1280 440 ab-
1395 409 1447 440 56.
1472 427 1496 431 -
1519 408 1678 439 Fautores
1697 407 1873 449 hypothesi
1888 416 1958 439 non
1974 407 2124 439 obstante
2140 414 2258 449 putant
2273 411 2423 452 sequitur

203 470 318 502 solute,
343 463 397 495 sed
422 463 518 492 etiam
542 460 690 491 absolute
714 467 828 488 verum
854 462 911 493 est,
943 466 1012 488 non
1037 456 1147 486 solum
1171 455 1280 487 divisi-
1306 459 1311 528 4
1338 454 1489 484 sustineri
1512 462 1620 494 posse.
1645 452 1780 492 Dicunt,
1795 453 1833 483 .si
1857 452 2047 494 quiescente
2070 463 2137 485 una
2159 459 2252 494 parte
2270 454 2333 486 alia
2348 464 2423 497 pars

205 514 269 544 bile
292 515 396 551 partes
420 507 537 536 habere
561 515 580 535 a
603 504 723 544 quibus
747 501 940 543 dependeat,
965 500 1020 531 sed
1046 502 1143 531 etiam
1168 511 1184 530 a
1210 510 1281 541 par·
1336 508 1405 529 non
1422 499 1617 538 quiesceret,
1632 498 1728 528 istam
1743 502 1870 538 partem
1886 506 1974 538 quae
1992 503 2085 530 mota
2102 504 2216 530 manet
2237 499 2422 532 habitu-m

202 559 287 588 tibus
303 552 486 593 dependere
503 554 680 590 antequam
696 553 802 589 partes
816 547 885 578 eius
901 547 1028 577 moveri
1043 546 1095 576 vel
1113 546 1280 587 quiescere
1337 553 1406 574 esse
1426 549 1556 574 motum
1579 541 1839 583 independenter
1853 552 1873 574 a
1887 548 1984 574 motu
1999 543 2110 575 totius.
2129 543 2208 575 Ideo
2223 542 2423 577 admirantur

202 611 259 643 per
278 598 426 630 accidens
442 595 577 636 possint.
595 593 673 624 ideo
691 592 782 633 quod
799 602 838 622 ex
855 596 1020 632 conceptu
1041 603 1056 618 ι
1074 591 1193 621 habere
1209 599 1281 631 par·
1337 588 1472 629 quidem
1496 587 1638 619 formam
1660 587 1848 628 positivam,
1869 587 2029 629 sequitur,
2053 588 2110 620 sed
2138 594 2323 620 sustentant
2344 600 2422 632 prae

202 654 250 677 tes
271 659 296 681 »,
322 636 493 684 διαιρετόν
519 649 598 675 esse,
623 638 767 679 legitime
791 637 936 677 arguitur
958 636 991 667 in
1015 644 1135 676 genere
1158 640 1280 670 motus
1337 643 1403 664 non
1427 634 1588 675 sequitur,
1613 633 1813 674 praesertim,
1838 638 1876 664 ut
1897 632 2036 670 videtur,
2060 634 2139 674 quia
2162 639 2271 666 cetera
2286 636 2422 669 rationis

201 687 395 732 profundius
419 684 591 715 fundatum
617 683 676 713 erit
699 691 798 722 quam
823 686 860 712 ut
884 680 1070 711 obiectione
1093 679 1280 711 Avicennae
1306 691 1309 755 ὅ
1336 678 1498 710 elementa
1521 682 1717 719 supponunt
1738 677 1899 718 sequitur.
1914 677 2101 719 utrumque
2123 687 2239 711 verum
2263 685 2327 717 θείς
2353 691 2420 712 non

202 739 359 774 tangatur.
1335 725 1497 755 rationem
1521 723 1611 754 luxat
1634 728 1667 753 et
1698 721 1843 763 dissipat,
1873 727 1911 753 ut
1937 723 2047 754 statim
2073 722 2268 756 videbimus.
2296 725 2419 758 Verum

255 778 361 809 Verba
377 775 409 806 S.
427 775 575 805 'rhomae
595 773 648 803 bic
673 770 864 802 adducenda
887 776 964 801 sunt
988 775 1150 811 quantum
1174 769 1215 800 ad
1230 778 1279 799 se-
1305 759 1309 802 f,
1337 770 1434 800 etiam
1460 774 1507 799 est
1531 766 1623 809 quod
1647 776 1720 808 pars
1742 772 1832 798 mota
1855 775 1994 799 manens
2016 767 2149 800 habebit
2163 774 2294 801 motum
2312 771 2420 812 primo

202 822 342 855 cundam
359 820 545 851 Avicennae
565 832 577 846 «
594 817 790 848 calumniam
806 828 835 852 υ,
849 815 932 846 idest
947 815 1063 846 falsum
1077 814 1280 845 intellectum
1336 823 1445 845 suum.
1470 813 1535 845 Sed
1562 812 1643 853 quid
1666 811 1753 849 inde,
1778 812 1956 854 hypothesi
1977 810 2152 853 regnante?
2174 813 2240 846 Hic
2262 814 2421 857 indepen-

200 870 235 900 in
259 868 413 899 damnum
438 863 571 894 rationis
587 861 788 893 Aristotelis:
807 860 844 891 31
859 870 876 890 a
898 860 936 891 16
958 872 972 886 α
991 859 1061 891 Nec
1077 859 1187 890 obviat
1202 859 1281 890 huic
1336 858 1466 890 dentiae
1489 858 1705 894 renuntiatur,
1721 863 1778 889 aut
1793 857 1960 890 inducitur
1974 862 2131 899 quartam
2153 858 2358 900 impossibile
2380 862 2421 894 dc

199 913 315 944 rationi
335 908 621 952 (argumentationi
637 906 820 937 Aristotelis
843 915 902 946 per
925 905 956 936 S.
976 905 1144 935 'rhomam
1167 913 1280 945 repor-
1336 914 1406 945 quo
1429 913 1539 945 supra,
1563 912 1632 944 quo
1656 903 1764 934 eiecto
1790 902 1880 944 (nam
1903 902 1938 933 in
1961 901 2103 943 decursu
2130 906 2422 944 argumentationis

199 956 295 998 tatae)
312 980 320 987 .
332 980 338 986 .
351 979 357 986 .
372 953 463 995 quod
479 953 576 994 partis
593 961 661 982 non
679 957 726 982 est
747 951 916 991 quiescere
933 950 985 980 vel
1001 950 1128 981 moveri
1144 950 1206 981 nisi
1222 959 1281 991 per
1335 948 1514 990 aliquando
1530 947 1730 980 eiiciendum
1747 948 1818 984 erit,
1834 957 1877 979 ne
1894 956 1994 988 super
2009 946 2092 979 falso
2116 946 2251 981 fundata
2273 949 2421 984 inefficax

200 1001 347 1033 accidens
362 1023 387 1030 ..
399 1023 406 1030 .
421 999 498 1039 quia
513 998 559 1028 vis
583 996 716 1027 rationis
740 996 773 1026 in
798 996 863 1026 hoc
884 995 1041 1031 consistit,
1058 994 1151 1036 quod
1174 995 1200 1025 si
1223 995 1280 1026 ali·
1336 993 1389 1036 sit)
1415 994 1587 1026 reviviscet
1602 1002 1668 1024 non
1683 993 1835 1034 sequitur
1848 1001 1928 1024 cum
1945 992 2090 1033 sequelis
2103 993 2183 1032 suis,
2196 1002 2269 1026 non
2290 995 2422 1028 exelma

200 1047 279 1088 quid
295 1047 438 1086 seipsum
462 1048 593 1074 moveat
616 1042 724 1082 primo
742 1048 772 1071 et
796 1050 854 1081 per
878 1050 912 1071 se
935 1050 1005 1071 non
1020 1041 1147 1071 ratione
1170 1040 1279 1081 partis,
1335 1040 1540 1081 dispersione
1570 1038 1754 1079 argumenti
1780 1037 1981 1070 Aristotelici
2008 1038 2042 1069 in
2069 1042 2200 1070 atomos
2232 1038 2420 1075 disiunctas.

199 1097 328 1132 oportet
352 1088 442 1130 quod
475 1097 571 1119 suum
603 1087 727 1117 moveri
760 1094 829 1116 non
863 1084 1048 1126 dependeat
1077 1086 1118 1115 ab
1148 1085 1278 1127 aliqum
1334 1085 1488 1117 Putatum
1514 1089 1562 1115 est
1585 1084 1684 1115 etiam
1707 1082 1801 1124 quod
1821 1082 1972 1125 sequitan-
1994 1082 2174 1115 naturalius
2197 1088 2230 1115 et
2253 1091 2353 1126 captu
2374 1085 2422 1118 f.-

198 1137 322 1167 moveri
338 1140 447 1166 autem
463 1133 566 1174 ipsius
583 1131 760 1167 divisibilis,
778 1131 862 1161 sicut
882 1136 914 1161 et
928 1131 1001 1162 eius
1018 1139 1098 1167 esse,
1115 1129 1281 1171 dependet
1335 1130 1428 1162 cilius
1452 1134 1594 1168 sonaret,
1611 1129 1638 1159 si
1661 1137 1724 1169 pro
1746 1127 1844 1170 Ergo
1867 1128 2030 1168 legeretur
2052 1126 2119 1159 Sed
2140 1128 2195 1160 vel
2216 1130 2327 1171 Atqui.
2350 1131 2422 1164 nif-

199 1192 216 1212 a
239 1181 393 1222 partibus,
419 1184 450 1209 et
480 1179 525 1209 sic
549 1187 617 1208 non
643 1181 752 1217 potest
778 1176 925 1216 seipsum
949 1185 1083 1207 movere
1114 1175 1224 1217 primo
1247 1181 1280 1206 et
1335 1174 1506 1207 ferentiam
1519 1183 1587 1206 non
1601 1182 1768 1214 assequor.
1781 1173 1874 1205 Haec
1886 1173 2088 1214 propositio:
2106 1173 2148 1205 ad
2162 1173 2310 1215 quietem
2323 1177 2422 1208 unius

198 1236 256 1267 per
279 1235 313 1256 se
331 1238 359 1255 ».
385 1223 523 1254 Planum
547 1221 703 1263 estquod
719 1221 752 1252 S.
769 1221 916 1252 Thomas
934 1220 974 1252 de
997 1220 1215 1252 fundamento
1230 1230 1280 1251 ra·
1334 1221 1434 1262 partis
1456 1220 1515 1252 AB
1538 1219 1622 1251 moti
1644 1227 1714 1250 nou
1739 1219 1866 1250 ratione
1895 1218 1995 1259 panis
2026 1218 2177 1259 sequitur
2203 1219 2299 1260 quies
2320 1222 2422 1254 totius

197 1272 294 1302 tionis
310 1269 491 1301 Aristotelis
508 1267 664 1308 loquitur,
682 1271 714 1298 et
736 1265 818 1298 illud
841 1266 937 1297 nobis
953 1265 1097 1297 indicare
1120 1265 1277 1303 intendit3
1335 1265 1404 1303 AB,
1428 1264 1529 1297 dividi
1552 1269 1662 1306 potest
1684 1264 1718 1295 in
1743 1263 1824 1295 duas
1850 1262 1986 1295 diversis
2012 1263 2123 1295 modis
2137 1268 2171 1295 et
2193 1264 2328 1297 diversis
2350 1275 2423 1309 par-

196 1326 264 1347 non
288 1315 357 1346 vult
381 1315 539 1345 rationem
556 1322 649 1344 suam
665 1312 783 1343 rationi
799 1312 944 1353 magistri
967 1311 1173 1342 substituere.
1191 1310 1279 1352 Ergo
1334 1311 1443 1343 ticulis
1466 1311 1564 1350 uniri,
1587 1308 1771 1341 secundum
1795 1317 1920 1340 casum.
1951 1307 2016 1340 Sed
2039 1308 2126 1340 sicut
2147 1308 2249 1341 divisa
2270 1319 2342 1343 non
2363 1312 2424 1344 erit

197 1361 292 1392 verba
320 1372 334 1387 ‹
353 1365 385 1390 et
407 1359 455 1390 sic
478 1368 546 1390 non
571 1362 680 1399 potest
702 1357 847 1397 seipsum
872 1365 1007 1388 movere
1033 1357 1142 1398 primo
1166 1361 1199 1387 et
1221 1365 1280 1397 per
1333 1365 1409 1388 vera
1432 1356 1460 1387 si
1484 1355 1575 1387 unita
1594 1359 1661 1386 erat
1684 1353 1775 1391 falsa,
1789 1354 1836 1386 ita
1857 1362 1927 1385 non
1942 1352 2041 1384 video
2057 1362 2159 1395 quare
2177 1353 2279 1387 divisa
2295 1354 2423 1390 facilius

196 1416 230 1437 se
258 1415 326 1436 non
351 1405 476 1436 ratione
500 1404 599 1444 partis
619 1416 633 1429 »
660 1407 779 1443 sponte
803 1406 998 1444 supponunt
1021 1402 1182 1433 rationem
1206 1401 1279 1432 Ari-
1333 1401 1571 1442 intelligeretur
1585 1408 1663 1431 cum
1679 1398 1744 1430 Sed
1765 1403 1955 1431 constructa
1973 1407 2077 1439 quam
2096 1407 2176 1431 cum
2194 1399 2304 1442 Ergo.
2321 1401 2422 1444 Apud

195 1451 318 1482 stotelis
351 1450 542 1491 ceteroquin
570 1453 658 1480 recte
681 1449 878 1488 processisse
905 1453 938 1478 et
963 1446 1279 1478 demonstrationem
1334 1446 1366 1478 S.
1392 1446 1559 1478 Thomam
1582 1446 1667 1476 iacet
1688 1444 1797 1476 soluta
1819 1444 1854 1476 in
1869 1443 2098 1485 enthymema3
2120 1442 2210 1476 unde
2223 1445 2316 1478 alteri
2338 1448 2422 1489 pasti

196 1505 277 1527 esse.
301 1495 468 1536 Supponit
491 1495 588 1526 etiarn
613 1492 865 1534 dependentiam
890 1492 1058 1524 divisibilis
1081 1492 1139 1524 AB
1162 1501 1280 1524 secun·
1333 1492 1405 1523 eius
1428 1491 1586 1523 convenit
1607 1489 1767 1532 particula
1795 1489 1914 1532 Ergm·
1940 1488 2039 1520 simul
2069 1494 2180 1521 tamen
2210 1490 2292 1522 haec
2321 1491 2421 1526 altera

196 1541 275 1572 dum
300 1550 369 1572 esse
393 1546 426 1571 et
449 1540 573 1571 moveri
597 1548 666 1569 non
690 1543 846 1580 negatum
869 1538 919 1568 iri.
952 1537 1054 1569 Secus
1082 1538 1170 1569 enirn
1194 1537 1279 1568 circa
1333 1546 1407 1579 pars
1430 1542 1479 1568 est
1506 1535 1688 1578 syllogismi
1717 1535 1838 1572 minor,
1861 1533 2006 1576 ideoque
2034 1533 2229 1575 particulam
2256 1535 2323 1567 Sed
2350 1545 2420 1569 non

196 1585 448 1627 dependentiam
473 1584 589 1616 frustra
611 1589 679 1615 tam
703 1585 819 1615 aeriter
841 1583 1018 1615 institisset.
1333 1582 1453 1614 abiicit.
1476 1581 1569 1613 Haec
1591 1579 1704 1622 quoad
1727 1579 1887 1617 formam
1903 1584 2067 1621 quantum
2086 1579 2128 1611 ad
2149 1589 2220 1613 rem
2236 1586 2270 1612 et
2287 1581 2421 1615 omolo-

254 1631 394 1662 lncisum
431 1643 445 1658 α
465 1630 491 1660 si
515 1629 638 1671 aliquid
668 1638 728 1670 per
757 1639 791 1660 se
822 1629 931 1669 primo
963 1633 1116 1659 movetur
1147 1632 1280 1669 oportet
1331 1628 1404 1669 gice
1422 1625 1604 1669 loquendo,
1628 1626 1655 1657 si
1679 1630 1787 1657 totum
1811 1634 1880 1656 non
1897 1623 2062 1666 dependet
2079 1634 2099 1656 a
2122 1631 2214 1666 parte
2235 1625 2420 1660 ”undiu-

196 1676 287 1717 quod
311 1685 380 1707 non
396 1675 579 1716 dependeat
595 1675 634 1705 ab
658 1674 770 1716 aliquo
788 1688 801 1701 »
829 1679 877 1705 est
900 1672 1131 1705 conditionalis
1154 1682 1194 1704 ex
1216 1674 1279 1704 im·
1332 1682 1403 1704 esse
1426 1678 1459 1704 et
1481 1671 1618 1708 moveri,
1635 1680 1709 1712 pars
1732 1669 1852 1702 eodem
1875 1671 1947 1702 iure
1961 1670 2065 1702 libera
2086 1670 2148 1703 erit
2161 1679 2180 1703 a
2195 1676 2280 1703 toto.
2304 1671 2420 1704 lactio

196 1722 404 1762 possibilibus
416 1730 501 1752 vera.
514 1719 648 1762 Aliquid
664 1729 723 1761 per
738 1729 773 1751 se
788 1719 896 1760 primo
913 1724 944 1750 et
956 1729 1025 1750 non
1037 1718 1164 1749 ratione
1180 1719 1278 1760 partis
1331 1718 1442 1760 itaque
1466 1717 1606 1758 positiva
1634 1716 1784 1758 sequitur
1810 1725 1869 1756 per
1897 1716 1996 1757 partis
2025 1720 2137 1747 motae
2166 1715 2419 1758 dependentia—

196 1767 332 1806 moveri‚
354 1766 556 1807 impossibile
581 1770 638 1802 est,
662 1765 848 1806 supposito,
868 1774 945 1796 cum
969 1763 1002 1796 S.
1027 1763 1168 1800 Thoma‚
1185 1763 1278 1805 quod
1333 1773 1352 1794 a
1373 1768 1446 1794 toto
1470 1762 1564 1794 cuius
1594 1771 1661 1793 una
1687 1770 1762 1802 pars
1788 1761 1927 1802 quiescit
1950 1769 2020 1792 non
2043 1765 2153 1802 potest
2175 1759 2318 1800 defendi,
2342 1763 2421 1804 quia

196 1809 385 1843 Aristoteles
409 1821 478 1842 rem
494 1811 578 1842 bene
594 1811 701 1851 gessit.
719 1810 830 1842 Altera
845 1809 1056 1851 impossibilis
1073 1814 1134 1840 est:
1152 1810 1278 1840 moveri
1332 1807 1552 1850 dependentia
1574 1806 1787 1848 hypothetice
1806 1811 1934 1838 remota
1957 1811 2016 1837 est.
2040 1806 2093 1837 An
2117 1806 2252 1838 excluso
2271 1807 2422 1849 sequam-

196 1866 293 1887 suum
317 1866 384 1888 non
402 1856 565 1898 dependet
584 1856 624 1887 ab
648 1855 772 1896 aliquo.
797 1855 846 1886 Ex
869 1855 920 1886 his
944 1854 1099 1886 coalescit
1115 1854 1278 1886 conditio·
1303 1858 1305 1884 1
1331 1852 1508 1894 legendum
1532 1852 1574 1883 sit
1597 1850 1901 1888 contradictorium,
1924 1860 2015 1882 nunc
2037 1850 2254 1892 inquiremus.

196 1902 275 1933 nalis
299 1915 312 1929 α
329 1901 363 1933 Si
379 1901 502 1943 aliquid
517 1911 585 1932 non
602 1901 729 1932 ratione
744 1901 843 1942 partis
859 1906 1021 1939 movetur,
1037 1904 1169 1940 oportet
1187 1899 1279 1941 quod
1302 1894 1306 1939 ἷ
1391 1899 1443 1939 57.
1467 1915 1491 1921 -
1514 1897 1802 1929 lnconvenientiae
1829 1896 2010 1938 legentium
2040 1905 2108 1927 non
2135 1896 2285 1938 seqnitur
2309 1896 2420 1938 plures

199 1946 432 1988 (necessarium
455 1951 504 1978 est
526 1946 627 1987 quod,
644 1946 794 1987 sequitur
809 1944 914 1987 quod)
937 1954 1034 1976 suum
1059 1945 1185 1976 moveri
1209 1954 1278 1976 non
1331 1949 1418 1974 sunt.
1442 1942 1551 1974 Prima
1567 1947 1625 1979 est,
1643 1940 1737 1983 quod
1753 1950 1793 1973 ex
1815 1941 2030 1983 hypothetica
2051 1940 2315 1983 impossibilitate
2335 1941 2419 1975 inb-

1301 2451 1306 2475 ι

195 1991 376 2033 dependeat
399 1992 438 2022 ab
462 1992 574 2032 aliquo
602 1990 673 2033 (seu
689 1991 746 2022 ΑΒ
771 2001 837 2022 non
860 1990 1052 2032 dependebit
1073 1990 1114 2020 ab
1137 1988 1276 2031 aliquo).
1331 1993 1408 2019 runt
1428 1997 1496 2020 rs·
1514 1986 1720 2029 possibilem:
1744 1986 1998 2028 enthymematis
2013 1995 2234 2028 consequens.
2249 1995 2328 2019 eum
2350 1995 2418 2019 uon

194 2037 280 2067 Dicit
303 2046 395 2078 ergo:
412 2041 450 2067 ut
473 2037 530 2067 ΑΒ
546 2046 614 2067 non
635 2037 761 2068 ratione
778 2036 877 2077 partis
892 2036 1019 2067 moveri
1034 2040 1156 2076 posset,
1177 2044 1277 2076 opor·
1330 2032 1482 2076 sequitur
1502 2037 1742 2069 constructum,
1764 2041 1835 2063 non
1850 2037 1899 2063 est
1914 2031 2004 2063 illico
2020 2036 2054 2062 et
2075 2030 2265 2064 immediate
2286 2030 2417 2064 fnum

1331 2077 1452 2110 Deficit
1481 2077 1628 2109 falsitatis
1662 2077 1845 2114 criterium;
1876 2076 1910 2109 S.
1942 2075 2091 2108 Thomas
2124 2077 2280 2109 tacuisset
2308 2077 2416 2119 Mem

1330 2129 1443 2155 motus
1466 2122 1707 2159 conculcatam,
1730 2130 1801 2153 rem
1831 2122 1974 2153 maxime
1997 2120 2176 2159 efficacem,
2199 2131 2285 2163 quae
2307 2123 2416 2164 prino

1331 2175 1463 2200 motum
1486 2169 1611 2209 absque
1637 2167 1830 2208 ambagibus
1860 2171 1894 2199 et
1922 2166 2156 2199 subtilitatibus
2181 2167 2318 2199 rationis
2342 2167 2418 2200 'Ari-

192 2087 273 2158 terlet
296 2081 387 2123 quod
411 2087 495 2112 esset
518 2081 743 2122 independens
771 2091 788 2112 a
819 2081 975 2122 partibus.
1004 2079 1083 2112 Ideo
1107 2079 1278 2112 Avieenna

195 2137 232 2158 ca
245 2127 422 2158 umniatur.

251 2172 302 2203 55.
327 2190 349 2194 -
373 2171 599 2202 Necessarium
625 2177 692 2202 erat
716 2171 876 2212 explicare
905 2170 1059 2211 copulam
1085 2174 1215 2211 oportet
1245 2175 1277 2201 et

1330 2213 1456 2245 stotelis
1480 2223 1499 2245 e
1522 2212 1634 2245 medio
1657 2212 1793 2245 tulisset.
1819 2211 1854 2244 ln
1878 2212 1941 2244 hac
1963 2211 2205 2253 generalissima
2231 2211 2417 2245 considem-

1330 2260 1422 2290 tione
1437 2263 1559 2296 motus,
1575 2257 1726 2290 nondum
1742 2256 1837 2289 divisi
1853 2257 1886 2288 in
1905 2262 2036 2289 motum
2052 2256 2203 2295 localem,
2219 2257 2417 2291 alterationis

1331 2309 1364 2336 et
1387 2304 1566 2345 augmenti,
1588 2302 1706 2334 ftustra
1730 2307 1868 2334 conatus
1890 2311 1965 2334 sum
1992 2302 2099 2343 legem
2130 2302 2278 2334 invenire
2301 2302 2417 2345 cauny-⁴

1330 2349 1464 2381 memati
1489 2349 1643 2380 Auctoris
1666 2347 1907 2389 applicabilem.

194 2227 277 2258 quae
293 2217 323 2247 ei
339 2217 559 2248 circumstant.
570 2216 655 2247 Nam
668 2215 801 2247 fuerunt
818 2215 867 2246 vel
885 2215 982 2246 etiam
998 2224 1088 2246 nunc
1104 2220 1190 2252 sunt,
1207 2215 1276 2256 qui,

193 2263 237 2292 ob
269 2266 399 2302 oportet
427 2262 460 2292 ni
491 2261 595 2298 fallor,
627 2267 798 2293 autumant
827 2260 918 2302 quod
942 2260 974 2291 S.
999 2260 1147 2292 Thomas
1170 2260 1277 2291 nuntii

194 2316 331 2338 munere
357 2304 494 2347 fungens
518 2307 659 2337 termino
677 2316 743 2337 non
762 2306 892 2337 ratione
910 2305 1020 2347 partis
1043 2306 1077 2336 in
1093 2311 1204 2337 mente
1219 2314 1277 2336 sua

194 2351 300 2383 ideam
332 2351 605 2392 independentiae
629 2362 646 2382 a
670 2358 765 2383 motu
790 2352 889 2392 partis
913 2351 1053 2387 miscuit,
1072 2356 1103 2382 et
1119 2351 1180 2382 hac
1203 2350 1276 2382 idea

194 2398 366 2438 inspiratus
390 2397 430 2427 de
446 2398 572 2427 ratione
590 2397 708 2428 retulit.
732 2397 975 2437 Paragraphum
1002 2408 1016 2423 ι
1035 2395 1106 2427 Nee
1129 2396 1240 2427 obviat
1258 2407 1273 2424 ›
1388 2393 1540 2426 Secunda
1563 2399 1612 2424 est
1639 2392 1731 2434 quod
1755 2402 1822 2424 non
1845 2392 1996 2435 sequitur
2017 2392 2253 2424 oeconomiam
2282 2393 2417 2424 ationis

194 2443 259 2473 hoc
275 2452 371 2473 sensu
389 2442 497 2472 lucem
520 2451 610 2473 suam
628 2452 726 2483 supra
741 2443 902 2473 rationem
923 2441 1106 2472 Aristotelis
1122 2442 1277 2472 arbitrari·
1331 2440 1459 2470 evertit:
1477 2437 1512 2481 a)
1531 2438 1742 2480 enthymema
1757 2447 1826 2479 quo
1850 2436 1939 2478 apud
1961 2437 2173 2469 Aristotelem
2189 2437 2248 2469 ΑΒ
2262 2442 2302 2469 ut
2322 2437 2416 2470 deest

194 2494 246 2518 tur
262 2487 394 2518 radiare.
411 2486 501 2525 Quid
518 2488 737 2528 paragraphus
757 2501 771 2514 «
788 2488 857 2518 Nec
874 2487 985 2518 obviat
1003 2498 1018 2514 s
1038 2486 1186 2518 intendat
1200 2487 1276 2518 satis
1331 2484 1490 2516 intactum
1520 2489 1675 2520 servatur,
1703 2483 1792 2524 apud
1819 2482 1986 2515 'Pbomam
2017 2482 2157 2514 absolvit
2181 2483 2355 2524 negotium
2380 2491 2417 2515 ae

194 2532 390 2574 explicatum
407 2538 468 2563 est:
487 2531 681 2573 expellendo
697 2533 780 2563 moti
797 2533 1036 2573 cuiuscumque
1052 2531 1277 2573 independen-
1330 2529 1419 2566 solo;
1431 2528 1464 2570 ὁ)
1478 2529 1630 2570 probatio
1645 2528 1914 2570 consequentiae,
1927 2525 1957 2558 εἰ
1973 2524 2042 2573 γάρ
2058 2524 2108 2571 μή
2127 2524 2261 2570 (ἠρεμεῖ
2277 2525 2318 2559 τᾶ
2337 2525 2416 2570 ΑΙ),

193 2578 271 2608 tiam
295 2587 313 2608 a
338 2583 427 2618 parte
458 2577 639 2608 secundum
671 2587 741 2608 esse
773 2583 805 2608 et
827 2578 964 2614 moveri,
989 2576 1087 2608 docet
1116 2586 1179 2608 nos
1206 2586 1275 2618 quo
1331 2574 1381 2606 vel
1406 2573 1436 2605 ιὶ
1460 2571 1526 2619 γάρ
1551 2570 1734 2609 κινήσεται
1761 2572 1819 2615 (τὸ
1847 2571 1923 2615 ΑΒ).
1947 2572 2037 2613 apud
2060 2572 2238 2610 'stom-m,
2266 2573 2417 2614 qm*

194 2623 293 2653 vectis
309 2622 490 2654 Aristotelis
513 2623 678 2659 consistat,
704 2628 736 2654 et
752 2623 955 2654 Avicennam
978 2631 1047 2653 non
1063 2622 1182 2653 habere
1206 2631 1275 2664 quo
1330 2618 1418 2651 dicat
1444 2632 1458 2646 e
1478 2619 1505 2651 si
1534 2620 1623 2650 enim
1641 2642 1648 2650 .
1663 2618 1769 2650 ..alia
1800 2627 1874 2659 pars
1899 2622 2090 2650 moveretur
2107 2630 2122 2646 a
2154 2617 2248 2659 quod
2275 2617 2416 2650 naturali

193 2672 263 2699 stet.
287 2666 443 2699 Ceterum
468 2669 627 2699 rationem
651 2667 833 2699 Aristotelis
857 2668 916 2698 sibi
940 2667 1104 2708 relinquit.
1329 2665 1491 2696 sermonis
1514 2664 1671 2696 instinctu
1695 2672 1812 2695 omnes
1827 2662 1868 2694 ad
1883 2663 2096 2705 enthymema
2110 2663 2256 2700 remittit,
2271 2671 2343 2694 non
2357 2663 2417 2695 erit

250 2711 426 2743 Videamus
450 2718 558 2744 tamen
584 2713 624 2744 de
648 2713 775 2744 ratione
798 2713 991 2752 Aristotelis,
1015 2711 1275 2752 cointelligentes
1329 2709 1395 2741 iam
1419 2708 1512 2751 quod
1534 2715 1583 2741 est
1599 2708 1688 2751 apud
1711 2707 1939 2744 Aristotelcrm
1963 2707 1994 2749 c)
2020 2707 2061 2740 ad
2084 2707 2167 2749 quid
2180 2706 2339 2740 referatur
2355 2708 2416 2740 ite·

192 2757 490 2799 independentiam.
507 2759 615 2790 Nemo
635 2763 721 2789 certe
746 2759 803 2799 qui
827 2768 896 2790 non
921 2758 1048 2794 sentiat,
1074 2766 1174 2799 quam
1198 2766 1275 2798 pro·
1329 2764 1403 2786 rum
1420 2760 1562 2791 tacetur;
1585 2753 1620 2796 d)
1647 2754 1724 2795 quia
1747 2754 1857 2785 minor
1880 2752 1958 2785 falsa
1982 2762 2053 2785 esse
2080 2753 2231 2794 uigitm,
2253 2753 2360 2784 maior
2383 2751 2416 2798 (a

194 2802 294 2833 funde
318 2809 350 2834 et
373 2803 486 2834 intime
503 2805 546 2834 rei
573 2808 673 2834 status
689 2809 833 2834 mutatus
849 2804 899 2834 sit.
925 2803 992 2840 ΑΒ,
1017 2802 1241 2843 dependenter
1256 2811 1274 2833 a
1330 2809 1397 2842 qua
1412 2799 1500 2841 apud
1518 2799 1730 2831 Aristotelem
1754 2798 1991 2830 demonstratio
2015 2798 2190 2840 dependet.
2213 2798 2292 2839 quia
2306 2798 2417 2830 minor

194 2848 337 2887 partibus
361 2847 417 2879 sed
441 2858 508 2878 non
534 2849 658 2879 ratione
683 2849 781 2888 partis
805 2855 946 2884 motum,
963 2858 980 2878 a
998 2857 1066 2889 quo
1084 2848 1275 2879 Aristoteles
1300 2854 1303 2896 Ι
1329 2854 1398 2876 non
1414 2844 1513 2876 laedit
1529 2850 1561 2876 et
1576 2854 1646 2876 non
1666 2843 1764 2876 debet
1786 2843 1915 2875 laedere
1938 2842 2009 2885 AB)
2035 2843 2142 2875 maior
2163 2842 2240 2875 dieo
2263 2852 2333 2875 non
2356 2843 2416 2875 erit

194 2892 360 2923 exorditur
380 2898 417 2923 ut
434 2893 490 2923 ΑΒ
507 2894 546 2923 ab
564 2893 628 2924 alio
645 2894 769 2924 moveri
788 2895 916 2934 probet,
933 2894 998 2924 iarn
1013 2903 1082 2924 non
1099 2898 1148 2923 est
1169 2905 1183 2919 «
1199 2892 1274 2924 Hoc
1299 2897 1303 2938 Ι
1329 2891 1451 2927 maian
1472 2889 1502 2931 e)
1529 2889 1570 2921 ad
1593 2889 1674 2932 quid
1697 2889 1838 2921 serviant
1854 2889 1951 2920 verba
1968 2888 2167 2925 ex-maioris,
2186 2887 2335 2920 Thomas
2355 2888 2416 2920 ite-

195 2937 286 2978 quod
301 2947 319 2967 a
335 2939 443 2979 seipso
468 2939 602 2978 ponitur
625 2940 749 2970 moveri
766 2952 780 2965 υ
808 2939 839 2970 S.
858 2939 1020 2974 Thomae,
1037 2938 1115 2979 quia
1136 2938 1201 2968 hoc
1218 2937 1274 2969 ΑΒ
1300 2943 1303 2972 ι
1329 2945 1403 2966 rum
1426 2935 1604 2966 lectoribus
1627 2933 1922 2966 coniecturandum
1945 2933 2111 2975 relinquit.
2128 2933 2254 2965 Revera
2268 2933 2416 2965 'l‘liomas

195 2987 346 3013 movetur
358 2982 616 3023 independenter
629 2994 646 3014 a
658 2990 752 3015 motu
770 2985 877 3024 partis.
897 2983 973 3015 Duo
989 2984 1087 3024 igitur
1102 2983 1160 3014 AB
1176 2982 1275 3014 habe·
1300 2974 1303 3044 i
1329 2981 1423 3022 plura
1447 2986 1479 3011 ct
1502 2981 1626 3012 maiora
1642 2980 1780 3011 tacuerit
1796 2987 1898 3021 quam
1913 2978 2140 3012 enuntiaverit.
2165 2978 2415 3019 Argumentatio

193 3036 301 3058 remus
325 3027 528 3058 destruenda.
554 3028 666 3060 Unum
689 3029 846 3060 destruxit
869 3028 1069 3065 Aristoteles,
1083 3036 1275 3068 supponens
1331 3026 1402 3057 eius
1425 3035 1526 3067 quare
1549 3031 1617 3057 tarn
1640 3025 1739 3066 plena
1762 3030 1810 3056 est
1833 3021 2045 3056 lacunarum?

195 3072 445 3112 dependentiam
478 3084 495 3103 a
523 3078 612 3114 parte
641 3079 671 3104 et
697 3079 790 3105 motu
822 3075 928 3115 partis.
955 3074 1103 3105 Alterum
1132 3072 1275 3104 destruet
1301 3085 1303 3096 ι
1386 3070 1535 3102 Tertium
1553 3070 1789 3102 inconveniens
1805 3074 1854 3101 est
1868 3068 1960 3110 quod
1977 3078 2044 3100 non
2059 3068 2209 3110 uqanur
2221 3067 2314 3110 quies
2328 3068 2415 3099 timi-

195 3117 328 3147 nuntius
351 3118 430 3153 eius,
455 3124 487 3148 et
511 3118 655 3158 quidem,
685 3120 804 3150 mirum
831 3129 917 3155 sane,
947 3125 1042 3150 utens
1073 3117 1275 3159 supellectile
1331 3115 1403 3147 dius
1419 3116 1615 3147 conclusum
1631 3121 1689 3146 est.
1706 3113 1899 3146 Aristotcles
1913 3123 1972 3155 per
1989 3108 2278 3159 ἀνᾶγιπῆμμῐν
2294 3110 2354 3143 καὶ
2372 3111 2414 3143 τό

196 3162 392 3198 Aristotelis;
411 3172 451 3193 an
476 3170 511 3193 ut
535 3173 648 3194 verum
665 3164 811 3195 videatur
835 3164 1043 3195 Aristotelem
1061 3165 1106 3194 sic
1123 3160 1276 3203 arguere?
1330 3160 1394 3197 AB,
1418 3160 1471 3192 vel
1497 3157 1537 3192 οὗ
1562 3156 1787 3196 κινηθήσεται
1818 3158 1860 3190 *td
1886 3159 1949 3196 AB.
1972 3158 2116 3199 logicam
2141 3157 2413 3199 consequentiam

251 3207 456 3247 Supponenti
475 3208 588 3248 utique
613 3209 723 3240 omnia
747 3209 857 3247 licent,
874 3210 960 3240 salva
976 3209 1048 3250 lege
1065 3210 1275 3239 intemeratae
1301 3219 1304 3239 a
1330 3205 1488 3237 absurdae
1519 3206 1638 3247 quietis
1666 3205 1765 3246 partis
1792 3204 1949 3236 exhaurit.
1973 3202 2008 3235 S.
2023 3202 2171 3236 nomas
2193 3210 2234 3233 ex
2256 3200 2414 3242 indepen-

197 3253 458 3292 consequentiae.
478 3253 557 3283 Vide
574 3260 682 3284 tamen
701 3254 757 3285 ΑΒ
774 3255 806 3284 in
825 3263 905 3295 quas
923 3255 1086 3293 angustias
1103 3253 1274 3285 reductum
1301 3243 1304 3278 ἕ
1330 3250 1439 3282 dentia
1463 3250 1664 3282 concludere
1687 3250 1849 3291 potuisset
1872 3248 1957 3280 nisit
1977 3247 2071 3290 sequi
2084 3247 2171 3279 circa
2194 3246 2339 3287 quietern
2363 3246 2414 3277 vel

197 3296 252 3325 sit:
279 3296 466 3328 Aristoteles
490 3298 628 3329 intendit
652 3299 789 3338 probare
815 3299 870 3329 ΑΒ
902 3310 918 3329 a
943 3309 976 3329 sc
1008 3299 1115 3338 primo
1146 3303 1274 3329 motum
1302 3323 1305 3327 .
1330 3301 1462 3327 motum
1485 3296 1536 3327 sui
1560 3295 1628 3334 AB,
1653 3294 1744 3336 quod
1769 3295 1834 3326 iam
1862 3302 1931 3325 non
1955 3298 2004 3324 est
2031 3291 2217 3324 Aristotelis
2239 3291 2309 3328 AB,
2332 3291 2413 3332 quin

197 3350 263 3370 rem
289 3350 357 3371 esse
382 3342 630 3383 impossibilem:
653 3345 685 3373 in
709 3345 833 3374 ratione
858 3343 988 3374 adhibet
1012 3344 1156 3384 quietern
1178 3343 1276 3383 partis
1331 3350 1390 3383 per
1413 3341 1477 3372 hoc
1501 3341 1677 3381 probatum
1699 3345 1785 3371 esset
1807 3338 1865 3370 AB
1888 3347 1957 3370 non
1981 3346 2078 3378 posse
2094 3337 2231 3368 existere
2253 3336 2287 3367 in
2306 3345 2414 3367 rerum

197 3386 266 3415 eius
283 3386 527 3426 impossibilem:
544 3389 575 3418 S.
593 3388 740 3419 Thomas
756 3388 1031 3429 superinduxisset
1048 3388 1275 3429 impossibilem
1330 3393 1455 3417 natura.
1481 3384 1735 3416 Circumdamur
1758 3385 1846 3415 enim
1877 3382 2017 3418 entibus,
2042 3382 2145 3412 immo
2174 3390 2288 3412 sumus
2317 3381 2414 3415 entia.

198 3429 482 3469 independentiarn
507 3443 523 3462 a
549 3439 642 3463 motu
668 3434 775 3473 partis.
801 3433 898 3464 Haud
924 3434 992 3464 scio
1017 3444 1057 3464 an
1082 3434 1181 3474 aliqui
1207 3443 1276 3464 non
1332 3431 1371 3462 ad
1390 3432 1535 3472 quietem
1553 3439 1696 3471 quorum
1713 3429 1811 3471 partis
1827 3427 1907 3459 nihil
1923 3427 2071 3467 sequitur
2087 3425 2198 3467 quoad
2214 3432 2343 3457 motum
2365 3426 2415 3457 vel

200 3474 316 3505 addant
332 3483 482 3515 quartum
510 3478 716 3518 impossibile.
737 3488 857 3518 nempe
882 3479 956 3512 hoc.
982 3478 1083 3518 quod,
1101 3478 1180 3509 dnm
1204 3488 1276 3509 mo·
1303 3489 1304 3506 π
1332 3477 1477 3517 quietem
1494 3481 1674 3507 ceterarum
1691 3474 1844 3516 partium.
1863 3471 2047 3512 Hucusque
2063 3480 2142 3512 ergo
2162 3471 2269 3512 primo
2285 3477 2414 3502 motum

199 3524 250 3548 tus
281 3520 379 3550 totius
409 3531 426 3550 a
456 3528 548 3552 motu
574 3524 671 3562 partis
702 3533 768 3554 non
799 3523 972 3564 dependet,
998 3529 1109 3554 motus
1136 3523 1234 3564 partis
1259 3534 1275 3553 a
1302 3517 1305 3559 ]
1331 3520 1482 3552 nondum
1506 3519 1680 3552 infractum
1705 3523 1754 3550 est
1776 3522 1890 3549 contra
1921 3516 2063 3557 aliquam
2094 3516 2201 3558 legem
2229 3522 2341 3547 motus
2363 3516 2415 3547 vel

200 3568 275 3612 totq
295 3565 397 3604 pergit
422 3565 614 3605 dependere.
639 3568 837 3608 Sequiturne
861 3569 969 3599 navim
995 3569 1027 3599 in
1052 3567 1183 3599 salebris
1207 3578 1277 3598 ver-
1303 3562 1305 3604 ξ
1333 3566 1425 3597 entis.
1454 3565 1497 3597 Ut
1522 3564 1696 3606 frangatur.
1728 3561 1947 3594 necessarium
1972 3566 2019 3592 est
2052 3560 2276 3603 hypotheseos
2299 3569 2416 3592 conse-

200 3609 275 3637 sarir
294 3611 606 3648 argumentationem
629 3611 695 3643 fieri
714 3604 1005 3644 intricatissimam?
1021 3613 1096 3644 Non
1115 3618 1275 3653 quantum
1303 3606 1305 3630 *
1333 3612 1499 3651 quentiam
1524 3609 1676 3650 logicam,
1700 3617 1799 3649 super
1826 3606 1898 3647 lege
1921 3611 2032 3638 motus
2063 3612 2095 3637 et
2125 3606 2208 3637 entis
2236 3604 2415 3641 fundatam,

199 3653 300 3691 primi
327 3654 394 3683 eius
419 3653 515 3684 facies
546 3656 695 3687 minatur.
730 3656 943 3689 confessores
972 3663 1003 3688 et
1035 3657 1205 3688 adversarii
1230 3657 1275 3688 le·
1332 3656 1427 3696 plene
1457 3655 1647 3696 exprimere,
1680 3650 1898 3683 renuntiando
1922 3651 2068 3682 terminis
2095 3650 2286 3682 Aristotelis.
2315 3649 2416 3688 Quod
