2742 4152
20 567 29 576 ‘
41 565 78 587 Cf.
89 565 161 589 Boen,
173 563 193 584 V
205 563 234 584 de

21 592 124 618 Consul„
136 597 171 618 pr.
182 591 204 612 6.

19 831 28 840 ·
43 830 100 857 Cap.
111 835 163 851 xm.

15 1424 24 1433 ·
39 1422 97 1445 lbid.

13 2011 21 2020 ¹
39 2009 75 2031 Cf.
91 2009 225 2031 commem.

14 2043 35 2058 c.
45 2043 92 2062 xiv,
107 2036 158 2058 init.

13 2283 22 2291 ·
32 2281 67 2303 Cf.
78 2287 99 2303 n.
108 2287 133 2307 11,
144 2287 165 2303 ιν
174 2287 226 2309 sqq.

264 283 314 318 42
864 265 1053 303 SUMMA
1082 263 1307 302 CONTRA
1335 263 1612 313 GENTILES,
1643 265 1755 303 CAP.
1777 266 1860 303 XV.

263 349 417 409 habere,
438 358 509 383 nec
537 345 665 394 aliqua
684 342 876 382 successio
905 343 946 380 in
974 355 1056 380 esse
1076 342 1197 393 ipsius
1225 342 1332 380 inve·
1388 355 1547 381 causam
1566 355 1660 380 suae
1679 344 1912 383 necessitatis
1931 345 2104 392 aliunde;
2125 346 2193 383 vel
2205 357 2300 392 non,
2320 344 2388 383 sed
2408 354 2464 383 est

261 401 334 439 niri
358 407 500 450 Ρο1051.
526 398 618 448 quia
639 399 734 435 haec
762 397 844 434 sine
872 404 1049 457 ternpore
1069 395 1224 445 intelligi
1251 407 1333 433 non
1387 407 1460 446 per
1478 396 1652 456 seipsum
1671 398 1945 436 necessarium.
1975 399 2069 436 Non
2088 405 2145 436 est
2169 406 2302 436 autem
2328 410 2464 448 proce-

259 458 433 504 p'ossunt.
459 453 527 489 Est
545 451 657 501 igitur
675 463 810 488 carens
829 450 1019 500 principio
1040 458 1076 487 et
1094 450 1185 497 fine,
1205 457 1332 487 totum
1388 449 1509 487 dere
1500 461 1540 486 m
1559 449 1786 488 infinitum'
1777 463 1817 488 111
1840 451 2064 489 necessariis
2083 463 2185 502 quae
2209 451 2355 490 habent
2373 464 2463 490 cau-

261 519 342 544 esse
375 517 493 543 suum
521 504 636 543 simul
668 505 827 542 habens.
862 505 905 541 In
933 516 1014 554 quo
1047 503 1142 541 ratio
1171 502 1332 541 aeterni·
1388 515 1473 540 sam
1488 515 1581 540 suae
1596 503 1829 563 necessitatis
1844 505 2012 543 aliunde.
2031 506 2134 554 Ergo
2149 511 2302 555 oportet
2315 517 2463 555 ponere

259 559 343 597 tatis
370 558 590 597 consistit*
1355 569 1365 589 ⁵
1388 556 1547 606 aliquod
1578 555 1754 606 primum
1781 558 2054 607 necessarium,
2085 558 2193 609 quod
2222 567 2279 597 est
2309 570 2380 619 Ρο1
2406 571 2463 596 50-

312 613 465 650 Adhuc.
495 612 536 650 Si
564 612 774 662 aliquando
806 623 887 649 non
914 609 984 648 fuit
1012 618 1049 648 et
1076 610 1332 660 postmodum
1387 609 1517 659 ipsum
1532 609 1806 648 necessarium.
1823 612 1872 648 Et
1886 612 1963 650 hoc
1972 612 2080 650 Deus
2095 620 2166 650 est:
2183 624 2276 650 cum
2291 612 2337 650 sit
2346 623 2464 650 causa

258 665 339 713 fuit,
364 666 413 704 ab
441 665 572 726 aliquo
597 666 759 703 eductus
787 672 843 702 est
870 664 919 702 de
947 676 1029 701 non
1055 676 1138 701 esse
1167 663 1206 701 in
1234 675 1330 700 esse.
1386 662 1524 713 prima,
1541 670 1583 700 ut
1598 670 1799 701 ostensum
1813 664 1908 702 est*.
1929 666 1997 702 Est
2015 665 2129 715 igitur
2142 666 2251 704 Deus
2265 673 2462 704 aeternus:

258 720 352 757 Non
371 731 394 757 a
413 719 559 769 501Ρ50;
589 719 682 769 quia
700 719 809 769 quod
837 730 918 755 non
938 724 994 754 est
1022 729 1103 754 non
1122 724 1248 776 potest
1266 716 1332 754 ali·
1386 728 1480 754 cum
1499 728 1619 754 omne
1638 716 1900 754 necessarium
1919 730 1991 768 per
2009 731 2050 756 se
2069 719 2116 757 sit
2139 727 2354 757 aeternum.

258 772 352 823 quid
372 784 496 821 agere.
528 772 569 810 Si
592 780 724 810 autem
752 771 801 809 ab
829 771 917 818 alio,
938 770 1032 808 illud
1060 777 1116 807 est
1142 769 1251 820 prius
1270 782 1330 807 eo.
1442 769 1621 808 Ostendit
1634 769 1751 807 etiam
1761 769 1982 808 Aristoteles
1996 783 2044 809 ex
2057 772 2358 823 sempiternitate
2367 779 2464 810 tem-

260 828 472 866 Ostensum
497 834 630 863 autem
657 834 713 863 est
730 825 751 847 *
779 825 909 862 Deum
934 836 1016 861 esse
1044 823 1214 873 primam
1241 835 1332 862 cau·
1348 844 1374 860 ιο
1386 823 1492 874 poris
1525 822 1868 884 sempiternitatem
1900 831 2032 866 motus
2050 824 2083 862 *.
2116 825 2176 864 Ex
2203 839 2285 877 quo
2322 825 2464 864 iterum

259 893 354 918 sam.
393 881 486 917 Non
519 879 632 928 igitur
663 891 746 916 esse
778 877 957 927 incoepit.
996 877 1110 915 Unde
1143 889 1216 914 nec
1248 889 1331 915 esse
1387 876 1554 915 ostendit
1581 876 1926 927 sempiternitatem
1954 854 2190 917 substantiae
2217 879 2412 918 moventis
2430 879 2462 916 ³⁸.

259 933 423 972 desinet.
453 933 545 982 quia
572 933 680 982 quod
713 944 868 992 semper
895 930 974 977 fuit,
1004 930 1121 967 habet
1148 929 1332 968 virtutem
1387 929 1519 968 Prima
1550 938 1683 967 autem
1715 930 1929 968 substantia
1955 943 2124 969 movens
2154 932 2264 970 Deus
2294 940 2362 970 est.
2396 933 2464 970 Est

258 998 413 1036 semper
440 986 604 1023 essendi.
635 987 703 1023 Est
730 984 844 1033 igitur
872 991 1063 1021 aeternus.
1387 983 1501 1033 igitur
1531 983 1802 1033 sempiternus.
1831 1006 1858 1011 —
1887 985 2036 1033 Negata
2063 992 2196 1023 autem
2223 985 2464 1036 sempiterni-

312 1039 501 1090 Amplius.
531 1039 721 1077 Videmus
749 1039 788 1076 in
823 1037 974 1075 mundo
1005 1037 1202 1087 quaedam
1229 1049 1332 1088 quae
1386 1045 1462 1075 tate
1494 1036 1683 1097 temporis
1715 1045 1754 1074 et
1785 1045 1928 1086 motus,
1958 1038 2090 1075 adhuc
2123 1046 2256 1077 manet
2290 1039 2386 1077 ratio
2414 1039 2464 1078 ad

257 1101 347 1131 sunt
373 1092 570 1143 possibilia
598 1105 681 1130 0550
710 1099 747 1129 01
773 1103 855 1128 11011
883 1103 979 1138 0550,
1005 1090 1147 1129 50111001
1173 1102 1331 1140 genera·
1348 1109 1371 1130 ¹5
1387 1089 1733 1151 sempiternitatem
1765 1090 2013 1130 substantiae.
2042 1092 2162 1140 Nam,
2191 1091 2223 1130 51
2250 1100 2383 1130 motus
2410 1091 2465 1130 in·

256 1147 346 1185 bilia
365 1154 401 1184 et
420 1146 692 1196 corruptibilia.
723 1145 854 1183 Omne
874 1151 1007 1182 autern
1034 1144 1144 1195 quod
1163 1152 1220 1182 est
1242 1157 1332 1195 pos·
1387 1143 1526 1204 coepit,
1556 1151 1710 1204 oportet
1741 1144 1850 1194 quod
1878 1144 1928 1182 ab
1957 1144 2089 1195 aliquo
2121 1154 2308 1184 movente
2335 1145 2465 1184 incoe-

257 1200 364 1238 sibile
384 1212 479 1248 esse,
495 1212 652 1238 causam
674 1198 806 1236 habet:
827 1197 931 1248 quia,
948 1210 1041 1236 cum
1060 1198 1109 1235 de
1129 1210 1170 1235 se
1189 1210 1332 1248 aequa·
1387 1197 1496 1248 Ρο111.
1527 1197 1608 1245 Qui
1627 1197 1659 1235 51
1677 1197 1858 1248 11100οΡ11,
1887 1197 2019 1248 aliquo
2047 1206 2184 1248 agente
2206 1198 2387 1250 incoepit.
2417 1200 2469 1237 Et

255 1254 339 1292 liter
366 1265 406 1291 se
430 1254 570 1291 habeat
593 1253 643 1291 ad
671 1253 763 1300 duo,
785 1252 926 1290 scilicet
953 1263 1036 1289 esse
1065 1259 1103 1289 et
1129 1263 1211 1289 non
1235 1264 1330 1299 esse,
1387 1251 1443 1289 510
1460 1252 1523 1289 νο1
1551 1251 1591 1288 111
1610 1250 1808 1289 infinitum
1827 1250 1964 1298 ibitur,
1992 1253 2056 1290 vel
2084 1252 2314 1291 devenietur
2331 1253 2381 1292 ad
2400 1252 2466 1291 ali-

256 1315 418 1358 oportet,
439 1307 470 1344 si
494 1307 529 1344 ei
553 1305 824 1367 approprietur
851 1317 948 1353 esse,
968 1305 1078 1356 quod
1106 1306 1183 1343 hoc
1211 1305 1258 1343 sit
1285 1318 1332 1343 ex
1388 1305 1484 1356 quid
1512 1304 1622 1355 quod
1650 1317 1732 1342 non
1760 1304 1940 1366 incoepit.

255 1361 385 1410 aliqua
403 1373 530 1399 causa.
562 1360 667 1399 Sed'
658 1373 698 1398 111
718 1359 844 1398 causis
866 1371 949 1397 non
977 1366 1034 1397 est
1060 1358 1301 1409 procedere
1291 1371 1333 1397 111
1347 1376 1374 1391 20
1442 1358 1545 1396 Huic
1572 1365 1702 1396 autem
1732 1357 1882 1396 veritati
1909 1357 2042 1397 divina
2060 1357 2268 1398 auctoritas
2294 1359 2465 1398 testimo-

254 1414 463 1461 infinitum‚
484 1422 527 1452 ut
545 1426 664 1464 supra
677 1413 927 1464 *probatum
955 1420 1012 1450 est
1038 1425 1109 1463 per
1141 1411 1333 1451 rationem
1366 1411 1498 1462 ,nium
1528 1411 1717 1462 perhibet.
1746 1412 1861 1451 Unde
1880 1413 2060 1451 Psalmus
2077 1413 2113 1451 *ε
2147 1414 2205 1452 Tu
2229 1419 2367 1461 autem,
2387 1410 2503 1451 Do-

255 1468 477 1506 Aristotelis.
507 1469 610 1517 Ergo
635 1475 787 1518 oportet
806 1479 954 1517 ponere
982 1465 1128 1516 aliquid
1147 1466 1257 1516 quod
1285 1465 1334 1504 sit
1387 1468 1501 1513 mine,
1517 1467 1555 1503 in
1575 1472 1771 1503 aeternum
1786 1478 2002 1516 permanes.
2024 1467 2073 1504 Et
2091 1466 2243 1505 idem*:
2269 1469 2326 1505 Tu
2340 1473 2467 1505 autem

254 1534 410 1560 necesse
431 1534 525 1559 esse.
548 1522 679 1560 Omne
698 1529 831 1559 autem
852 1519 1116 1559 necessarium
1134 1521 1197 1557 vel
1215 1519 1334 1558 habet
1389 1520 1486 1557 idem
1506 1521 1584 1569 ipse
1602 1531 1651 1565 es,
1672 1525 1707 1556 et
1725 1521 1819 1557 anni
1836 1521 1892 1557 tui
1908 1531 1984 1557 non
2004 1520 2185 1569 deficient.

308 1638 325 1664 6
344 1638 380 1672 Si]
400 1638 427 1664 Si
445 1638 518 1665 Deus
539 1637 586 1662 Pa.
676 1635 693 1661 8
711 1635 780 1670 Non]
799 1635 859 1661 Non
877 1639 965 1660 autem
985 1635 1035 1661 ΡΑ.

309 1681 342 1700 ιο
361 1675 456 1700 iterum
476 1674 519 1699 Ita
538 1672 675 1702 DNZde;
688 1676 759 1697 recte
773 1671 824 1702 BC,
838 1671 908 1696 idem
922 1674 950 1696 et
963 1670 1025 1696 item
1037 1671 1129 1696 ceteri.
1222 1670 1254 1696 13
1268 1669 1365 1704 auteml
1385 1670 1455 1696 enim
1474 1670 1545 1696 GPc.
1637 1677 1672 1703 14
1686 1670 1784 1704 manet]
1803 1676 1922 1697 remanet
1935 1670 2004 1698 GPc.
2097 1678 2129 1706 ¹7
2149 1671 2248 1707 aliquo}
2267 1672 2299 1698 ab
2312 1673 2402 1707 aliquo
2416 1673 2467 1700 Pa.

1019 1793 1358 1827 Commentario.
1381 1794 1694 1828 Fen-ariensis

311 1923 457 1944 osi-oum
480 1911 616 1944 Sanctus
633 1911 779 1942 Thomas
795 1909 935 1942 ostendit
960 1909 1099 1941 modum
1120 1907 1332 1951 perveniendi

260 1925 344 1989 Pin
368 1957 509 1989 divinam
534 1957 768 1996 cognitionem,
785 1965 884 1991 nunc,
901 1954 1083 1986 secundum
1108 1954 1247 1986 modum
1269 1960 1331 1985 tra·

254 2003 368 2039 ditum,
393 2001 434 2033 ad
457 2001 708 2032 declarationem
732 1999 917 2030 divinorum
946 1999 1069 2030 accedit
1084 2000 1111 2029 ’ἱ
1142 1998 1237 2030 Circa
1267 1999 1332 2030 hoc

254 2054 363 2079 autem
376 2047 435 2077 tria
446 2045 535 2076 facit:
552 2046 659 2086 primo
672 2045 759 2075 enim
772 2049 918 2075 removet
930 2053 949 2074 a
961 2044 1032 2075 Deo
1050 2043 1332 2084 imperfectionem

253 2093 299 2124 rei
314 2091 515 2132 temporalis;
532 2089 688 2126 secundo,
701 2088 983 2130 imperfectionem
994 2089 1160 2130 potentiae
1176 2089 1332 2129 passivae,

255 2147 324 2178 cap.
342 2146 420 2176 seq.;
444 2135 550 2171 tertio,
575 2133 856 2175 imperfectionem
877 2133 1137 2174 compositionis,
1162 2143 1232 2174 cap.
1245 2143 1332 2165 xvm.

310 2182 332 2213 1.
353 2181 523 2219 Quantum
535 2178 575 2210 ad
590 2180 743 2220 primum,
760 2179 854 2220 ponit
870 2178 953 2209 hanc
967 2178 1229 2210 conclusionem:
1242 2178 1333 2210 Deus

255 2232 302 2258 est
324 2231 487 2257 aeternus.

311 2271 474 2301 Probatur
494 2269 604 2310 primo
621 2270 648 2299 *.
674 2267 775 2306 Quod
801 2267 915 2309 incipit
944 2273 1000 2299 aut
1025 2267 1141 2299 desinit
1167 2277 1247 2304 esse,
1276 2276 1334 2308 per

255 2321 384 2348 motum
407 2320 462 2346 aut
485 2314 700 2345 mutationem
715 2313 780 2344 hoc
795 2313 924 2354 patitur.
949 2313 1039 2343 Deus
1060 2313 1198 2344 omnino
1214 2312 1333 2343 immu-

255 2361 360 2392 tabilis
384 2366 440 2391 est.
465 2359 552 2399 Ergo
576 2368 645 2389 non
668 2357 782 2399 incipit
805 2363 861 2388 aut
884 2356 1001 2388 desinit
1024 2366 1103 2388 esse.

310 2405 451 2436 Adverte
474 2404 527 2435 hic
551 2403 642 2444 quod
664 2408 774 2434 motus
797 2408 853 2434 aut
875 2402 1014 2433 mutatio
1038 2401 1209 2443 dupliciter
1230 2401 1335 2442 accipi

255 2455 372 2491 potest.
397 2449 472 2481 Uno
497 2448 609 2484 modo,
633 2457 693 2489 pro
717 2448 852 2479 transitu
875 2447 933 2488 qui
956 2452 1004 2478 est
1026 2447 1110 2478 inter
1133 2456 1202 2478 esse
1218 2452 1250 2477 et
1264 2455 1334 2478 non

256 2505 326 2526 esse
348 2495 458 2535 aliquo
482 2493 628 2525 subiecto
652 2493 838 2534 supposito:
864 2501 948 2533 quae
967 2491 1083 2523 dicitur
1098 2491 1236 2523 mutatio
1251 2491 1333 2533 phy-

256 2541 330 2571 sica.
355 2539 430 2570 Alio
454 2538 566 2575 modo,
590 2548 650 2579 pro
674 2538 766 2569 omni
789 2537 995 2569 successione
1017 2537 1100 2568 inter
1123 2546 1192 2568 esse
1213 2541 1245 2567 et
1264 2545 1334 2567 11011

257 2594 336 2620 0550,
361 2585 428 2615 51νο
455 2588 619 2624 supponat
649 2583 832 2615 subiectum
862 2582 930 2613 sive
961 2591 1030 2613 non
1061 2586 1238 2623 supponat:
1264 2590 1332 2622 quo

257 2629 358 2661 modo
382 2629 479 2660 etiam
495 2627 528 2659 id
545 2627 636 2669 quod
651 2628 692 2660 de
707 2637 796 2659 novo
821 2632 946 2658 creatur
969 2631 1025 2658 aut
1047 2626 1188 2658 totaliter
1207 2626 1333 2657 annihi-

256 2674 348 2711 latur,
373 2673 436 2704 dici
459 2678 566 2714 potest
589 2673 716 2710 mutari,
742 2672 819 2713 quia
841 2670 922 2703 illud
945 2671 1061 2712 accipit
1084 2681 1153 2702 esse
1174 2675 1251 2712 post
1264 2680 1334 2702 non

257 2728 336 2755 esse,
352 2719 416 2749 hoc
439 2727 516 2749 vero
540 2727 608 2748 non
633 2727 701 2749 esse
724 2722 799 2757 post
814 2726 894 2747 esse.
919 2715 1118 2757 Accipienda
1138 2721 1186 2747 est
1206 2725 1283 2756 ergo
1299 2716 1334 2746 in

257 2764 378 2794 maiore
402 2762 626 2804 propositione
650 2762 787 2794 mutatio
819 2760 964 2792 secundo
994 2760 1110 2792 modo:
1136 2769 1212 2791 nam
1236 2761 1333 2791 etiam

257 2807 437 2839 secundum
460 2807 543 2838 hanc
567 2807 655 2838 Deus
679 2807 816 2837 omnino
840 2805 1050 2836 immutabilis
1074 2810 1131 2841 est,
1156 2810 1222 2836 tarn
1250 2805 1333 2836 acci-

258 2852 424 2884 dentaliter
448 2861 547 2892 quam
570 2851 826 2882 substantialiter.
851 2850 927 2882 Non
951 2855 1060 2881 autem
1084 2850 1190 2890 primo
1213 2849 1332 2880 modo:

258 2898 444 2928 universum
468 2896 555 2927 enim
569 2896 722 2937 *incoepit
746 2905 825 2931 0550,
851 2900 882 2926 01
905 2900 1015 2926 18111011
1030 2904 1099 2926 11011
1115 2895 1261 2935 111οοοΡ11
1276 2903 1334 2935 Ρο1

258 2947 387 2972 motum
417 2946 471 2972 aut
504 2941 718 2971 mutationem
747 2940 878 2981 proprie
908 2938 1039 2979 dictam,
1069 2938 1126 2970 sed
1157 2948 1215 2980 per
1247 2948 1333 2970 crea-

258 2987 393 3017 tionem.

315 3030 352 3061 11.
377 3029 536 3061 Secundo.
562 3029 650 3060 Deus
672 3030 768 3062 habet
792 3038 860 3060 0550
884 3034 991 3060 totum
1019 3026 1127 3063 simul,
1151 3036 1212 3058 nec
1238 3027 1334 3058 habet

259 3084 328 3105 esse
360 3080 435 3115 post
467 3084 535 3105 non
567 3083 646 3111 esse,
671 3084 731 3106 nec
761 3083 830 3104 non
861 3083 929 3104 esse
956 3077 1031 3114 post
1059 3081 1138 3103 esse.
1170 3071 1256 3112 Ergo
1288 3077 1335 3103 est

260 3124 417 3150 aeternus.
444 3137 467 3141 -
497 3118 654 3149 Probatur
684 3119 938 3159 consequentia:
963 3116 1050 3156 Quia
1083 3116 1117 3147 in
1151 3115 1218 3147 istis
1253 3117 1334 3147 ratio

259 3164 451 3195 aeternitatis
479 3164 633 3194 consistit.
658 3182 681 3186 -
703 3162 909 3195 Antecedens
940 3171 1017 3193 vero
1045 3160 1209 3202 probatur.
1246 3161 1334 3192 Deus

260 3217 327 3239 non
351 3213 552 3239 mensuratur
575 3213 737 3249 tempore:
760 3218 800 3239 eo
821 3206 912 3248 quod
928 3206 981 3237 illa
997 3206 1065 3237 sola
1080 3211 1228 3247 tempore
1243 3215 1334 3236 men-

261 3258 409 3283 surentur
424 3262 508 3294 quae
523 3257 706 3289 moventur,
727 3262 803 3284 cum
826 3257 956 3292 tempus
980 3251 1019 3281 sit
1043 3259 1198 3281 numerus
1218 3254 1333 3281 motus.

262 3296 360 3336 Igitur
382 3307 451 3328 non
475 3302 522 3328 est
543 3297 578 3328 in
601 3298 673 3338 ipso
698 3299 786 3338 prius
815 3302 847 3328 et
877 3295 1038 3337 posterius
1061 3295 1216 3335 accipere.
1248 3294 1334 3335 Ergo

262 3350 370 3381 neque
390 3351 458 3372 esse
478 3347 552 3382 post
567 3351 635 3373 non
651 3351 731 3379 esse,
748 3351 855 3382 neque
871 3350 940 3371 non
956 3349 1025 3371 esse
1040 3344 1116 3380 post
1131 3348 1210 3375 esse,
1227 3348 1336 3380 neque

263 3385 296 3415 in
320 3394 379 3415 suo
411 3395 478 3416 esse
509 3391 556 3416 est
587 3387 759 3418 successio.
795 3385 951 3417 Probatur
982 3384 1230 3425 consequentia:
1260 3384 1336 3425 quia

264 3429 342 3459 haec
366 3430 433 3461 sine
457 3435 603 3471 tempore
627 3431 760 3472 intelligi
783 3439 852 3461 non
875 3434 1013 3470 possunt
1036 3437 1115 3459 esse.

318 3473 559 3505 Advertendum
591 3475 707 3515 primo,
732 3474 823 3516 quod
853 3483 952 3505 omne
983 3473 1072 3514 prius
1103 3477 1135 3503 et
1165 3472 1334 3513 posterius,

265 3517 331 3547 sive
354 3518 459 3548 omnis
483 3520 643 3550 successio
667 3521 700 3550 in
725 3519 903 3555 duratione,
928 3517 968 3549 ad
992 3517 1148 3548 rationem
1181 3517 1337 3558 temporis

265 3561 418 3600 pertinet:
444 3572 519 3594 cum
543 3565 649 3594 omnis
665 3565 726 3595 alia
742 3564 867 3596 duratio
892 3563 1096 3595 successione
1120 3567 1233 3593 careat.
1259 3561 1337 3592 Pro-

266 3610 373 3644 pterea
386 3607 603 3637 convertibilia
619 3614 692 3639 sunt
705 3608 882 3639 mensurari
898 3614 1056 3648 tempore,
1070 3612 1101 3638 et
1117 3606 1233 3637 habere
1248 3606 1337 3646 prius

266 3655 298 3679 et
322 3650 479 3690 posterius
503 3650 679 3682 duratione.
712 3652 787 3684 Ideo
818 3653 901 3684 bene
929 3651 1064 3683 Sanctus
1088 3650 1234 3682 Thomas
1258 3659 1336 3681 0011-

1386 1908 1501 1940 cludit:
1526 1909 1603 1940 Non
1631 1915 1836 1941 mensuratur
1859 1915 2019 1950 tempore,
2051 1910 2150 1951 Igitur
2173 1919 2242 1942 non
2266 1916 2313 1943 est
2336 1911 2370 1942 in
2392 1911 2468 1953 ipso

1386 1955 1475 1995 prius
1499 1959 1531 1985 et
1553 1955 1715 1994 posterius
1738 1954 1920 1986 duratione.

1443 1997 1727 2030 Considerandum
1748 1998 1906 2035 secundo,
1922 1998 2014 2040 quod
2033 1999 2098 2030 hoc
2116 1999 2193 2031 1000
2213 2001 2315 2041 tangit
2330 1999 2472 2033 Sanctus

1387 2042 1533 2074 Thomas
1556 2043 1751 2075 aeternitatis
1777 2044 1937 2075 rationem
1960 2053 1979 2075 a
2003 2044 2122 2075 Boetio
2137 2044 2167 2075 V
2191 2043 2232 2076 de
2249 2044 2383 2077 ConsoI.
2406 2054 2469 2087 po·-

1387 2088 1491 2124 sitam‚
1508 2087 1565 2119 ubi
1581 2088 1625 2119 ait
1648 2087 1739 2129 quod
1761 2088 1932 2120 aeternitas
1955 2094 2004 2120 est
2027 2089 2277 2120 interminabilis
2297 2090 2383 2121 vitae
2398 2095 2470 2122 tota

1386 2132 1485 2164 simul
1507 2138 1539 2164 et
1555 2133 1706 2175 perfecta
1723 2133 1900 2174 possessio.
1924 2133 2019 2165 Hanc
2042 2139 2152 2165 autem
2175 2133 2367 2175 explicando
2387 2134 2469 2167 San,-

1389 2183 1460 2208 ctus
1482 2177 1628 2209 Thomas
1653 2177 1690 2214 1²,
1715 2187 1746 2218 q.
1763 2188 1794 2215 x,
1818 2187 1846 2209 a.
1868 2186 1895 2215 1,
1921 2177 1998 2209 dicit
2021 2177 2099 2209 duo.
2124 2178 2271 2211 Primum
2294 2184 2342 2211 est
2365 2178 2466 2220 quod.

1387 2232 1460 2253 cum
1478 2222 1510 2252 in
1531 2222 1675 2263 quolibet
1697 2227 1787 2254 motu
1810 2223 1854 2254 sit
1875 2222 2036 2254 successio
2061 2227 2093 2254 et
2108 2223 2208 2264 prius
2230 2233 2270 2255 ac
2286 2224 2466 2265 posterius,

1389 2267 1421 2298 in
1445 2276 1484 2298 eo
1510 2272 1619 2298 autem
1642 2267 1731 2308 quod
1753 2272 1845 2299 caret
1867 2273 1958 2299 motu
1981 2272 2013 2299 et
2034 2276 2161 2309 semper
2183 2268 2295 2300 eodem
2319 2268 2417 2300 modo
2432 2278 2468 2302 se

1387 2311 1482 2343 habet
1503 2321 1568 2342 non
1585 2312 1629 2343 sit
1649 2312 1798 2354 accipere
1807 2312 1905 2353 prius
1927 2317 1960 2344 et
1975 2312 2160 2354 pomerius,-
2181 2313 2267 2344 sicut
2285 2313 2372 2344 ratio
2389 2318 2467 2345 tem-

1382 2357 1479 2398 poris
1501 2357 1652 2388 consistit
1681 2357 1714 2387 in
1745 2357 1974 2388 numeratione
1998 2357 2127 2398 prioris
2156 2362 2188 2388 et
2210 2358 2409 2399 posterioris
2431 2358 2471 2390 in·

1388 2406 1488 2438 motu,
1506 2401 1552 2432 ita
1569 2401 1601 2432 in
1617 2401 1875 2443 apprehensione
1891 2402 2129 2444 uniformitatis
2143 2401 2214 2433 eius
2227 2402 2317 2444 quod
2332 2403 2466 2435 omnino

1388 2451 1436 2477 est
1458 2451 1553 2477 extra
1578 2451 1712 2483 motum,
1738 2447 1824 2477 ratio
1849 2446 2052 2478 aeternitatis
2078 2447 2235 2478 consistit.
2264 2447 2310 2478 Et
2338 2447 2402 2479 hoc
2422 2448 2466 2479 si-

1386 2491 1569 2533 gnificatur
1591 2501 1667 2523 eum¹
1687 2491 1809 2523 dicitur
1831 2491 1920 2532 quod
1949 2491 2127 2523 aeternitas
2150 2497 2198 2523 est
2220 2496 2290 2523 tota
2312 2492 2420 2524 simul.
2443 2511 2466 2515 -

1387 2536 1537 2568 Alterum
1564 2541 1612 2567 est
1639 2535 1731 2577 quod
1753 2545 1792 2568 ea
1816 2536 1973 2568 dicuntur
2001 2541 2146 2578 tempore
2173 2537 2361 2568 mensurari
2382 2546 2468 2578 quae

1381 2581 1583 2622 principium
1600 2586 1632 2612 et
1634 2581 1743 2623 finem
1757 2581 1877 2612 habent
1891 2581 1924 2612 in
1942 2586 2095 2622 tempore,
2109 2586 2145 2612 ut
2159 2581 2297 2613 habetur
2311 2581 2355 2613 lv
2366 2581 2470 2624 ΡΙυτ.

1390 2625 1489 2663 Quod
1511 2631 1620 2657 autem
1642 2630 1691 2657 est
1713 2626 1847 2656 omnino
1871 2625 2081 2663 immutabile,
2101 2626 2187 2658 sicut
2209 2635 2268 2659 nec
2289 2626 2467 2659 successio-

1388 2680 1471 2707 nem,
1489 2670 1535 2701 ita
1558 2680 1617 2703 nec
1634 2670 1835 2712 principium
1859 2675 1919 2702 aut
1928 2671 2035 2713 finem
2059 2670 2178 2703 haben
2195 2676 2314 2712 potest.
2338 2670 2383 2703 Et
2403 2671 2467 2704 hoc

1386 2715 1597 2758 significatur
1619 2724 1691 2746 cum
1715 2715 1837 2746 dicitur
1859 2725 1928 2746 esse
1951 2715 2192 2747 interminabile
2215 2715 2249 2747 id
2270 2715 2358 2758 quod
2378 2725 2465 2747 men-

1387 2765 1525 2792 suratur
1547 2760 1750 2791 aeternitate.

1444 2805 1495 2836 111.
1520 2804 1584 2836 Sed
1599 2805 1633 2835 in
1649 2805 1709 2835 hac
1725 2804 1952 2842 declaratione,
1969 2804 2083 2836 ceteris
2107 2804 2245 2841 omissis,
2265 2803 2402 2836 dubium
2418 2807 2466 2835 est

1388 2848 1560 2891 quomodo
1583 2848 1829 2890 intelligendum
1853 2849 1893 2880 sit
1915 2849 2075 2880 rationem
2091 2849 2284 2880 aeternitatis
2300 2849 2334 2880 in
2351 2858 2465 2891 appre-

1387 2894 1543 2925 hensione
1566 2893 1805 2936 uniformitatis
1829 2894 1878 2924 rei
1901 2893 2035 2925 omnino
2055 2893 2264 2925 immutabilis
2279 2893 2464 2925 consistere.

1444 2938 1555 2979 Aliqui
1579 2938 1667 2970 enim
1690 2939 1939 2979 interpretantur
1970 2937 2061 2980 quod
2091 2948 2148 2979 per
2178 2937 2465 2980 apprehensionem

1387 2983 1536 3024 intelligit
1566 2982 1703 3015 Sanctus
1726 2982 1872 3015 Thomas
1905 2983 2159 3024 conceptionem
2191 2983 2402 3014 obiectivam:
2434 2987 2466 3014 et

1388 3027 1479 3069 quod
1503 3027 1678 3059 consistere
1700 3027 1734 3058 in
1758 3027 2016 3069 apprehensione
2045 3026 2274 3059 uniformitatis
2304 3026 2392 3059 idem
2418 3032 2466 3059 est

1389 3071 1480 3114 quod
1503 3072 1536 3103 in
1562 3072 1692 3103 ratione
1716 3072 1954 3148 ungor-mitam·
1976 3072 2163 3103 consistere.

1445 3115 1509 3148 Sed
1532 3116 1609 3158 quia
1632 3126 1701 3148 non
1723 3116 1755 3147 vi
1798 3122 1850 3148 tur
1870 3116 2007 3148 Sanctus
2023 3116 2169 3148 Thomas
2185 3115 2347 3168 superflue
2362 3123 2465 3156 appo·

1388 3161 1489 3192 suisse
1513 3160 1604 3202 quod
1623 3162 1777 3192 consistat
1800 3161 1833 3192 in
1857 3161 2123 3213 apprehensione,
2144 3169 2230 3198 cum,
2254 3160 2280 3191 si
2302 3158 2465 3191 habuisset

1388 3205 1481 3237 illum
1505 3215 1636 3237 sensum
1652 3215 1750 3247 quem
1767 3206 1819 3236 isti
1834 3205 1957 3242 dicunt,
1974 3206 2132 3247 potuisset
2154 3204 2282 3237 brevius
2298 3208 2330 3236 01
2349 3204 2465 3235 clarius

1389 3249 1495 3281 dicere
1519 3249 1611 3291 quod
1634 3251 1716 3281 ratio
1740 3250 1933 3282 aeternitatis
1956 3250 2103 3281 consistit
2126 3249 2160 3280 in
2184 3248 2328 3280 ratione
2340 3245 2464 3281 unifor-

1389 3295 1522 3331 mitatis;
1546 3294 1632 3331 ideo,
1657 3294 1746 3325 salvo
1770 3304 1897 3336 semper
1924 3294 2051 3326 meliori
2073 3293 2206 3330 iudicio,
2229 3291 2367 3324 videtur·
2384 3292 2464 3328 mihi

1390 3338 1481 3380 quod
1504 3318 1634 3371 duobus
1658 3339 1726 3371 aliis
1749 3338 1855 3370 modis
1878 3339 1980 3381 possit
2003 3338 2132 3390 exponi.

1448 3393 1476 3414 2.
1501 3383 1564 3415 Pro
1588 3384 1706 3425 primo,
1729 3384 1926 3425 supponitur
1948 3381 2038 3424 quod
2061 3382 2142 3414 ratio
2164 3390 2263 3424 quam
2282 3379 2424 3413 format
2415 3389 2464 3413 m·

1389 3428 1535 3459 tellectus
1560 3427 1600 3459 de
1623 3437 1657 3459 re
1681 3427 1788 3469 aliqua
1818 3433 1866 3459 est
1895 3431 2075 3469 conceptus
2105 3435 2173 3468 quo
2203 3424 2365 3458 mediante
2395 3435 2464 3457 rem

1389 3472 1537 3524 intelligit
1553 3478 1585 3504 et
1601 3470 1821 3514 apprehendit.
1843 3470 1969 3502 Dicitur
1985 3479 2062 3512 ergo
2078 3470 2159 3502 ratio
2175 3470 2368 3502 aeternitatis
2385 3479 2464 3501 con-

1390 3517 1499 3548 sistere
1522 3517 1555 3548 in
1580 3516 1838 3558 apprehensione
1860 3514 2088 3547 uniformitatis
2111 3515 2158 3546 rei
2181 3515 2318 3546 omnino
2345 3515 2464 3546 immo-

1389 3561 1471 3598 bilis,
1497 3562 1573 3602 quia
1595 3560 1744 3592 videlicet
1766 3565 1845 3591 tunc
1868 3559 2051 3591 intellectus
2074 3558 2192 3591 format
2214 3565 2413 3599 conceptum
2433 3564 2466 3593 et

1390 3606 1549 3637 rationem
1573 3605 1765 3637 aeternitatis
1788 3603 1920 3645 quando
1948 3605 1992 3635 rei
2024 3604 2161 3635 omnino
2189 3603 2365 3635 immobilis
2392 3604 2465 3635 uni-

1391 3649 1588 3682 formitatem
1611 3647 1832 3691 apprehendit.
1857 3648 1899 3680 Et
1922 3658 1961 3680 ex
1984 3649 2048 3680 hoc
2072 3649 2217 3689 sequitur
2241 3647 2332 3689 quod
2361 3648 2466 3689 prima

2491 669 2500 678 ·
2515 667 2574 695 Cap.
2585 672 2636 689 xm.

2491 826 2570 848 'vm
2587 826 2620 847 Ph
2637 832 2667 852 s„
2689 831 2705 853 1,

2493 859 2611 882 iosqq.;s.
2653 842 2707 875 .'l.s.

2491 884 2705 932 ’1ῗὲῖῖἳέἪῖ

2516 1414 2548 1437 01,
2565 1415 2598 1438 ¹3.

2492 1473 2502 1483 ·
2518 1471 2632 1496 vesu-a&
